3284 5520
419 303 461 358 De
479 301 651 373 septuaginta
668 298 883 355 hebdomadibus
902 299 929 354 in
946 299 1070 356 Daniele.
1354 303 1417 372 829

67 482 131 558 ejus
147 479 253 539 filiolus
268 485 335 556 post
351 480 562 559 captivitatem,
584 482 609 537 si
625 479 726 538 horum
742 497 892 552 summam,
917 481 1045 556 inquam,
1063 482 1091 539 in
1109 486 1126 540 9
1143 483 1291 557 portiones
1306 498 1419 557 aequa-

66 570 110 629 les
133 568 307 639 dividamus,
332 569 402 642 quia
427 574 465 626 10
489 570 691 642 generationes
714 577 794 639 surrt,
820 570 914 645 portio
939 586 997 627 una
1021 575 1058 627 37
1084 586 1176 627 aranos
1199 570 1257 628 lare
1281 570 1418 642 continet,

67 675 190 733 quarum
213 658 378 732 portionum
396 662 410 712 ῖ
437 654 474 714 ad
497 662 598 713 natum
620 655 675 713 sub
690 654 833 715 Nehemia
851 653 957 713 Oniam
981 655 1109 714 efficiunt
1132 673 1223 715 arrnos
1241 661 1301 715 237
1319 664 1419 715 aneto

65 743 198 804 Josedek
221 752 289 802 ante
313 744 492 818 captivitatis
516 744 637 813 initium,
662 743 725 800 sive
744 747 803 802 180
822 760 881 801 ca
903 742 959 800 tine
979 745 1167 820 captivitatis.
1207 741 1290 817 Quae
1307 761 1420 804 summa

67 831 163 892 adhuc
186 829 326 889 decennio
350 833 539 905 posteriorem
563 829 671 889 iaceret
706 829 781 887 banc
802 829 961 888 Nobemiae
984 841 1012 889 et
1034 829 1181 889 Manassis
1205 832 1301 889 uxoris
1324 830 1420 889 histo-

66 923 149 978 riam.
195 917 278 977 Haec
306 920 403 976 omnia
427 917 533 975 clarius
555 916 651 974 adhuc
674 928 815 992 apparant
841 919 868 973 in
890 916 1063 992 genealogia
1083 926 1265 995 posterorum
1284 917 1418 991 Doridis,

67 1026 155 1083 quam
178 1006 244 1063 libri
273 1012 298 1063 1.
324 1003 420 1063 Paral.
446 1020 510 1079 oap.
536 1010 563 1062 3.
595 1002 762 1079 longissime
791 1012 818 1062 et
848 1013 989 1078 quantum
1012 1014 1133 1081 apparet
1156 1022 1249 1080 usquc
1272 1004 1309 1065 ad
1333 1004 1420 1065 finem

67 1093 253 1153 monarchiae
276 1092 413 1150 Persicae
436 1094 628 1168 persequitur.
666 1091 699 1146 ln
723 1109 758 1149 ea
780 1093 903 1150 occurrit
926 1091 1044 1166 quidem
1059 1092 1176 1164 Hattua,
1201 1093 1330 1151 decimus
1353 1101 1421 1170 post

66 1181 251 1252 Jeehoniam,
275 1179 302 1241 b.
319 1198 344 1237 e.
367 1178 529 1237 decboniae
552 1178 706 1253 abnepotis
721 1180 858 1253 trinepos.
896 1178 989 1237 Natus
1005 1189 1050 1239 est
1064 1178 1225 1238 Jechonias
1241 1187 1309 1239 aute
1326 1183 1421 1256 cupti-

68 1272 189 1327 vitatem
213 1286 239 1328 a.
265 1285 303 1326 ιιι.
328 1272 428 1338 3333,
458 1265 535 1342 quod
559 1273 640 1341 patet
663 1283 697 1324 ex
722 1271 751 1324 2.
775 1264 880 1325 Chron.
906 1272 956 1340 36,
980 1266 1087 1325 Hattus
1112 1284 1178 1326 rero
1202 1266 1333 1327 ascendit
1355 1285 1420 1326 cum

66 1357 160 1415 Esdra
183 1372 260 1413 anrro
286 1362 312 1412 i.
341 1353 493 1427 cujusdam
517 1353 684 1411 Artaxerxis
708 1352 791 1426 (aad.
817 1358 844 1417 8,
872 1356 914 1426 2).

173 1442 230 1500 Hic
252 1442 406 1516 largissimi
431 1459 494 1499 esse
518 1457 681 1517 possumus,
705 1440 779 1498 adeo
804 1449 836 1498 ut
859 1442 1004 1499 vicenario
1027 1442 1131 1515 cuique
1148 1441 1240 1499 filium
1254 1441 1420 1518 largiamur,

73 1538 110 1590 10
135 1533 222 1606 igitur·
244 1532 305 1586 nati
330 1535 391 1587 200
416 1546 508 1586 anrros
532 1526 661 1603 explent,
686 1528 735 1602 qui
759 1527 850 1585 additi
874 1527 911 1585 ad
935 1545 1042 1586 anirum
1065 1530 1125 1584 arati
1149 1526 1325 1602 Jcclroniae,
1349 1547 1421 1588 corr-

68 1621 193 1677 stituunt
216 1636 242 1674 a.
268 1635 304 1673 ιιι.
330 1622 424 1675 3333.
476 1617 610 1673 Aetatem
639 1613 722 1672 Hatti
750 1623 822 1689 puta
850 1620 889 1673 20
914 1632 1020 1687 annos,
1051 1617 1162 1689 eritque
1185 1635 1204 1674 a
1229 1621 1330 1689 3333,
1362 1634 1420 1692 quo

68 1723 145 1764 anno
172 1705 232 1780 jam
262 1712 329 1761 ante
353 1720 445 1760 annos
467 1702 533 1778 plus
557 1708 596 1762 40
620 1703 760 1779 septimus
785 1701 952 1760 Artaxerxis
975 1701 1149 1775 Longimani
1172 1705 1342 1776 transierat,
1373 1721 1420 1762 rc-

69 1795 187 1852 stabant
209 1800 306 1849 autem
330 1789 368 1848 ad
392 1790 559 1848 Artaxerxis
583 1789 747 1848 Mnemonis
770 1807 877 1846 asinum
901 1791 1056 1865 septimum
1078 1807 1135 1846 non
1159 1790 1225 1867 plus
1251 1796 1288 1850 18
1313 1794 1390 1850 anni.

175 1877 272 1952 Quare
297 1878 431 1936 omnibus
455 1878 615 1936 rationibus
630 1883 856 1935 cousentaneum
873 1885 925 1949 est,
951 1878 1058 1936 vixisse
1073 1877 1245 1937 Nehemiam
1260 1878 1315 1938 sub
1332 1878 1421 1938 Arta·

70 1984 157 2026 xerxe
180 1965 347 2042 Mnemoue‚
370 1982 427 2023 uon
451 1965 506 2023 sub
530 1964 720 2041 Longimano.

175 2053 286 2128 Quarta
309 2052 422 2111 decima
444 2052 612 2126 conjectura
634 2054 742 2127 petitur
764 2068 798 2109 ex
823 2048 897 2109 Neb.
917 2058 965 2123 12,
990 2051 1039 2108 ubi
1057 2051 1142 2109 rescrt
1157 2059 1258 2111 auctor
1281 2053 1421 2129 plurimos

69 2140 124 2199 sub
147 2139 241 2199 Jesua
271 2140 434 2199 sacerdotio
465 2141 597 2212 iunctos,
631 2138 736 2213 quibus
765 2138 818 2196 sub
841 2136 952 2196 Jesuae
982 2137 1042 2195 filio
1067 2141 1153 2197 etiam
1177 2139 1229 2196 filii
1251 2140 1421 2199 succedunt.

69 2227 140 2287 Jarn
163 2237 261 2286 autem
285 2228 393 2286 dictum
417 2234 469 2297 est,
491 2225 653 2301 longaevos
675 2225 752 2282 illius
769 2227 906 2300 temporis
922 2227 1011 2282 luisse
1026 2225 1201 2285 sacerdotes.
1239 2225 1422 2286 lustraminis

69 2333 162 2390 usque
186 2314 222 2372 ad
247 2324 477 2372 consummatum
501 2313 656 2389 templum,
683 2315 708 2370 si
733 2311 761 2368 id
784 2313 839 2370 sub
864 2313 954 2371 Dario
977 2313 1070 2387 primo
1092 2314 1200 2371 sactum
1224 2324 1314 2385 esset,
1346 2317 1421 2373 intra

69 2420 162 2461 anrros
191 2403 279 2478 igitur
303 2408 342 2460 20
368 2412 481 2459 mortua
512 2410 589 2460 esset
612 2417 676 2458 cunr
699 2397 794 2458 desua
818 2401 954 2457 universa
977 2398 1028 2457 illa
1050 2401 1232 2458 sacerdotum
1256 2401 1420 2475 multitudo,

69 2490 147 2564 quod
172 2489 258 2548 modo
283 2489 366 2547 dictis
390 2506 446 2547 non
472 2495 621 2547 consonat.
667 2485 697 2545 Si
721 2494 818 2544 auteur
842 2494 1019 2554 statuamus,
1049 2484 1171 2544 Jesrram
1196 2491 1304 2548 vixisse
1328 2506 1421 2564 usque

69 2578 107 2635 ad
129 2594 237 2635 annum
263 2583 291 2634 6.
316 2577 398 2634 [larii
421 2574 573 2647 ulterioris,
595 2575 707 2648 justum
730 2573 927 2649 relinquemus
949 2575 1090 2649 spatium,
1123 2577 1198 2633 iutra
1221 2575 1300 2651 quod
1322 2593 1421 2636 saeer-

70 2664 152 2723 dotes
176 2667 263 2722 etiam
286 2664 423 2738 longaeui
446 2665 604 2721 moriantur
627 2678 778 2736 novosque
802 2661 930 2720 habeant
952 2678 1146 2720 successores.

174 2750 232 2810 Tot
254 2752 342 2825 igitur
364 2751 462 2808 allatis
485 2751 663 2824 argumentis
686 2765 737 2824 pro
762 2746 925 2823 Scaligero,
958 2747 1108 2807 rideamus
1132 2748 1194 2823 jam
1218 2750 1319 2823 adam,
1351 2748 1422 2826 quid

71 2846 172 2898 contra
196 2842 289 2915 ipsum
312 2839 421 2896 moveri
447 2840 537 2915 possit
560 2845 588 2895 et
611 2835 758 2912 quomodo
781 2835 818 2894 ad
842 2836 1022 2910 objectiones
1045 2836 1287 2911 respondendum.

173 2924 302 2983 Primum
327 2925 416 3000 objici
439 2925 523 2983 nobis
547 2932 642 3001 potest
665 2924 822 2981 auctoritas
845 2931 889 2981 tot
912 2922 1154 2997 chronologorum
1177 2932 1306 2983 veterum
1323 2932 1352 2983 et
1367 2940 1421 2981 no-

71 3029 184 3085 vorum,
208 3021 297 3088 atque
320 3011 395 3071 adeo
419 3014 510 3087 ipsius
533 3014 619 3069 etiarn
637 3009 760 3086 Josepbi
776 3009 894 3068 ludaei.
933 3009 1006 3085 Quis
1022 3014 1097 3070 enirn
1113 3013 1220 3070 rectius
1236 3011 1309 3070 haec
1325 3013 1423 3069 omnia

71 3097 242 3172 definiverit,
267 3117 354 3174 quam
377 3098 465 3157 homo
486 3096 628 3169 Judaeus,
654 3098 698 3157 cui
724 3111 823 3155 omnes
846 3099 940 3173 gentis
963 3100 1153 3173 antiquitates
1177 3101 1309 3174 cognitas
1333 3096 1422 3156 sunt?

71 3187 132 3246 Aut
155 3195 235 3245 estne
260 3204 368 3257 serum,
392 3204 451 3243 rem
475 3186 511 3243 ab
532 3185 651 3242 infinitis
667 3194 807 3243 tentatam
825 3192 867 3243 tot
882 3184 1046 3244 seculorum
1062 3194 1183 3244 conatus
1199 3185 1316 3245 eludere
1333 3193 1422 3260 atque

71 3292 137 3333 sese
153 3277 202 3331 uni
219 3272 368 3350 Scaligero
384 3271 545 3348 praebere?
568 3271 743 3347 Respondao
760 3274 882 3347 primum
900 3271 935 3331 de
952 3272 1123 3332 Christianis
1139 3275 1266 3355 antiquis
1283 3280 1312 3332 et
1327 3276 1420 3345 novis,

59 3369 186 3423 secutos
216 3362 304 3419 luisse
336 3362 537 3419 auctoritatem
559 3358 682 3435 Josepui
712 3369 867 3434 motasque
897 3360 970 3419 sorte
999 3361 1089 3418 luisse
1120 3377 1179 3418 rrrra
1201 3378 1264 3418 cum
1287 3359 1421 3436 Joscpho

69 3449 231 3507 rationibus
255 3451 300 3519 iis,
325 3465 400 3524 quae
423 3447 511 3524 paulo
533 3456 599 3522 post
615 3447 796 3522 objicientur,
820 3454 849 3505 et
864 3445 1019 3506 destitutos
1035 3447 1162 3505 historiis
1177 3448 1422 3523 exquisitioribus,

71 3553 129 3594 non
155 3537 196 3594 ita
218 3535 371 3594 manifeste
396 3534 514 3606 vidisse,
539 3552 613 3610 quos
637 3536 664 3591 in
680 3534 817 3609 scopulos
833 3537 1018 3605 incurrerant,
1043 3542 1194 3593 contentos
1210 3542 1308 3593 autem
1326 3534 1423 3608 quali·

73 3641 188 3697 cunque
212 3622 415 3682 conciliatione
439 3625 640 3696 pugnantium,
667 3623 825 3680 curiosiore
848 3639 901 3680 nec
924 3621 997 3680 adeo
1021 3621 1084 3680 utili
1108 3623 1279 3696 quaestione
1301 3616 1370 3703 (uisi
1394 3621 1422 3677 in
1503 3620 1505 3625 ’
1568 3654 1571 3665 -

70 3709 178 3769 scholis
202 3711 384 3779 exerceatur)
416 3708 603 3784 supersedere
634 3709 772 3768 voluisse.
818 3708 895 3767 Saue
921 3707 1017 3767 nullus
1047 3714 1091 3767 est
1119 3726 1153 3767 ex
1185 3709 1319 3767 omnibus
1349 3725 1423 3784 quos

70 3797 141 3869 ridi,
166 3800 214 3872 qui
238 3815 296 3856 non
320 3798 507 3856 vehementer
530 3814 548 3854 a
571 3813 602 3854 se
626 3798 697 3870 ipsis
720 3795 919 3854 dissentientia
942 3796 1046 3867 tradat,
1070 3796 1149 3871 quod
1173 3796 1210 3855 ad
1234 3796 1349 3855 oetrlum
1370 3795 1423 3854 de-

69 3887 224 3943 monstrari
248 3891 355 3961 potest.
395 3883 491 3958 Quare
516 3883 562 3940 hic
585 3900 641 3941 uon
666 3885 879 3956 auctoritatum,
903 3882 955 3941 sed
977 3886 1122 3942 rationum
1144 3893 1291 3942 momenta
1310 3882 1423 3959 ponde-

70 3971 161 4030 randa
186 3981 262 4030 sunt.
308 3972 353 4030 lle
376 3969 508 4046 Josepho
533 3986 601 4028 vero
624 3968 786 4046 respondeo
809 3968 1009 4045 peculiariter,
1041 3970 1125 4047 plura
1153 3974 1247 4046 ipsum
1269 3975 1342 4029 scire
1366 3987 1424 4028 non

70 4061 201 4136 potuisse
226 4058 261 4120 de
282 4056 464 4117 Judaaorum
488 4058 720 4132 antiquitatibus,
745 4074 832 4133 quam
855 4065 1067 4117 annotaverant
1089 4058 1142 4130 illi,
1166 4057 1244 4134 quod
1261 4057 1377 4132 quidem
1394 4059 1423 4113 iu

72 4147 135 4222 ejus
152 4146 252 4222 Antiq.
275 4145 357 4204 libris
382 4153 511 4221 apparet,
535 4147 564 4201 in
589 4145 695 4219 quibus
719 4144 755 4203 de
778 4146 915 4204 universo
940 4144 991 4203 illo
1015 4152 1152 4221 tempore,
1178 4144 1256 4221 quod
1272 4144 1301 4203 S.
1320 4143 1424 4202 Bibliis

72 4240 121 4293 eat
140 4232 389 4310 comprehensum,
413 4232 484 4290 nihil
509 4235 641 4305 occurrit,
666 4230 744 4307 qnod
767 4248 824 4289 non
849 4249 883 4290 ex
908 4231 966 4290 illis
989 4233 1060 4307 ipsis
1083 4233 1112 4290 S.
1128 4230 1209 4291 libris
1225 4234 1263 4291 sit
1277 4231 1423 4291 haustum.

71 4319 137 4380 Non
161 4320 265 4380 babuit
288 4322 376 4397 igitur
399 4318 472 4379 alios
495 4319 594 4378 libros.
640 4318 714 4378 Nam
737 4335 844 4394 magna
867 4319 920 4377 luit
943 4320 1060 4378 miseria
1082 4321 1176 4393 gentis
1200 4321 1229 4376 in
1254 4320 1424 4395 captivitate

71 4415 100 4466 et
123 4408 216 4482 major
239 4409 297 4467 lere
321 4414 388 4484 post
411 4408 621 4483 captivitatem,
646 4423 711 4465 cunr
726 4408 822 4483 pauci,
847 4405 979 4481 dispersi,
1003 4406 1110 4482 abjecti
1126 4415 1153 4466 et
1170 4409 1300 4482 oppressi
1317 4414 1422 4478 essent,

71 4512 125 4554 nec
154 4494 362 4570 rempublicam
390 4494 545 4566 habereut,
577 4493 667 4552 multo
695 4511 766 4552 vero
795 4496 921 4552 maxima
949 4493 1127 4569 temporibus
1150 4493 1423 4565 Macchabaeorum,

21 4618 27 4627 ·
73 4599 139 4641 cum
157 4581 318 4640 Antiochus
340 4598 398 4640 non
421 4580 587 4640 bominibus
610 4587 722 4639 tantum
745 4580 876 4656 siugulis,
900 4581 951 4641 sed
973 4582 1126 4639 universae
1141 4582 1230 4657 genti,
1254 4580 1424 4639 neoritibus

72 4672 163 4729 sacris
194 4676 320 4741 tantum,
351 4667 404 4728 sed
431 4671 487 4747 ipsi
516 4670 672 4728 memoriae
701 4668 840 4743 librisque
867 4669 957 4727 sacris
980 4668 1172 4727 insidiaretur.
1219 4666 1295 4742 Quid
1320 4669 1425 4726 mirum

72 4757 175 4833 igitur,
205 4758 230 4815 si
253 4772 329 4832 quae
352 4756 431 4816 luere
454 4758 623 4831 sacerrima,
654 4753 766 4832 trepide
789 4763 816 4814 et
839 4758 924 4815 anxie
948 4755 1142 4831 occultantes,
1172 4754 1285 4831 reliqua
1306 4756 1425 4814 minoris
