3284 5520
178 328 245 395 454
562 322 705 393 Epistolae
724 320 836 392 liepleri
854 321 1022 390 aliorumque
1042 330 1153 379 mutuae

180 504 245 565 libri
276 504 311 562 de
342 502 448 563 Marto.
494 502 596 561 Errare
629 500 823 577 Cepernieum
852 508 962 560 certum
992 506 1052 573 est,
1085 498 1174 575 idque
1207 502 1247 561 ob
1279 498 1390 559 multas
1421 515 1526 560 canem

181 590 268 651 Error
289 592 318 647 in
341 590 438 650 radice
461 592 524 664 luit,
549 587 628 665 quod
650 590 776 663 putarit,
800 586 900 648 Solem
923 587 1034 665 ingredi
1052 589 1190 661 Arietem,
1214 588 1332 663 quaudo
1354 604 1415 647 nou
1437 588 1529 665 ingre·

181 678 322 738 diebatur.
361 678 418 737 llic
441 695 518 737 error
542 674 741 736 accumulatur
764 678 859 752 magis
883 682 971 751 atque
993 676 1097 751 magis,
1121 676 1193 750 quia
1215 674 1303 736 bodie
1318 672 1425 735 taleam
1440 674 1531 752 prodit

180 768 373 841 quantitatem
404 766 482 824 anni.
529 764 633 839 ltaque
664 780 718 819 suo
747 770 894 839 tempore,
927 762 1044 838 quando
1076 761 1175 821 Solem
1205 764 1304 839 posuit
1331 764 1361 820 iu
1392 764 1530 839 principio
1634 801 1642 822 .

181 854 297 924 Arietis,
321 852 372 912 Sol
392 854 455 927 jam
478 858 541 910 arat
563 853 591 907 in
614 850 665 910 15¹
682 854 744 909 3⁸2⁰
763 850 811 921 Υ,
836 848 902 909 inde
925 848 964 908 ed
985 867 1039 909 nos
1064 866 1156 925 usque
1179 858 1371 909 excrevemut
1394 848 1445 909 22⁶
1464 855 1531 925 W,

178 940 286 1016 qulbus
301 938 353 998 Sol
377 942 462 999 citius
478 938 515 997 ad
531 939 684 1016 pristinum
699 939 854 995 revertitur
868 936 975 1009 locum,
999 954 1087 1013 quam
1101 936 1199 1013 prodit
1213 936 1403 1014 Copemieus.
1440 935 1532 995 aedt-

178 1030 258 1087 tioue
281 1028 369 1102 igitur
392 1028 468 1085 lacta
490 1024 578 1085 lrodie
600 1024 653 1083 Sol
674 1024 764 1083 babet
787 1028 838 1083 38⁴
863 1026 925 1083 ‘28¹‘
948 1028 1010 1097 (aar
1036 1025 1086 1097 Υ,
1111 1022 1229 1101 quando
1252 1024 1432 1103 Cepernicus
1455 1022 1533 1083 illurn

179 1116 263 1191 ponit
278 1110 313 1171 0⁰
332 1116 381 1187 Y3
397 1124 427 1173 et
442 1116 512 1189 quia
527 1115 570 1171 sic
584 1111 625 1184 lit,
642 1120 675 1171 ut
690 1111 869 1187 Copemieus
884 1120 975 1188 ponat
989 1111 1103 1171 initium
1118 1110 1233 1171 zodiaci
1248 1115 1278 1170 iu
1294 1106 1331 1169 0⁰
1346 1114 1402 1172 38‘
1418 1110 1480 1171 28⁴¹
1496 1112 1528 1183 Υ

180 1203 242 1262 veri
265 1200 397 1275 zodiaci,
421 1200 542 1260 totidem
565 1200 654 1277 igitur
677 1196 842 1257 addendum
866 1206 912 1258 est
933 1198 1067 1257 omnibus
1093 1198 1164 1259 locis
1186 1198 1370 1275 planetarum
1394 1198 1533 1277 Copemi-
1559 1234 1634 1253 -

180 1291 270 1361 canis,
295 1288 391 1346 atilli
414 1291 528 1364 possint
551 1288 713 1363 comparari
736 1302 802 1344 cum
826 1285 890 1345 loco
913 1284 991 1345 Solis
1014 1285 1196 1363 Tycbonieo.
1234 1290 1275 1347 At
1296 1302 1355 1345 non
1379 1284 1448 1347 idco
1471 1302 1531 1345 cor·

180 1384 261 1437 reeta
290 1383 374 1435 crunt
401 1376 468 1435 loca
498 1376 681 1452 planetarum
713 1375 742 1431 in
765 1390 797 1433 se
820 1375 905 1451 ipsis:
936 1372 1047 1433 babeat
1069 1374 1146 1433 enim
1168 1372 1266 1434 adbuc
1287 1390 1409 1433 eausam
1432 1376 1642 1437 erroris&

180 1480 363 1523 communem
386 1472 416 1523 et
439 1462 543 1522 deinde
566 1462 674 1537 singuli
696 1462 837 1537 proprias.
877 1460 1047 1519 Communis
1067 1470 1121 1535 est,
1144 1461 1170 1518 si
1184 1461 1258 1520 terte
1274 1460 1457 1539 Cepernieus
1472 1460 1637 1530 lizia,

180 1547 274 1611 stellis
297 1568 357 1610 non
379 1552 543 1625 assignavit
562 1550 674 1625 justam
697 1550 887 1607 remotionem
911 1566 929 1607 a
950 1547 1022 1607 Sele
1045 1548 1173 1607 Arietem
1199 1546 1387 1625 ingrediente.
1432 1546 1630 1623 Quan—

181 1643 243 1697 tum
267 1640 344 1697 enim
368 1638 416 1697 hie
439 1648 549 1696 erratur
573 1637 602 1693 in
626 1639 786 1695 remotione
809 1635 930 1694 lixarum
948 1654 966 1695 a
981 1633 1060 1708 Sole,
1083 1641 1197 1695 tautum
1219 1642 1330 1695 erratur
1351 1638 1382 1693 in
1399 1636 1626 1701 omnibuffia

180 1724 315 1802 planetis,
340 1728 390 1800 qui
414 1743 431 1782 a
454 1724 518 1783 siris
542 1724 746 1783 observantur.
782 1722 923 1799 Propriae
947 1738 1074 1781 errorum
1097 1739 1205 1783 causae
1227 1724 1257 1780 in
1272 1720 1343 1782 Sele
1366 1720 1620 1801 etplauetiffl

179 1818 262 1871 sunt:
290 1811 396 1870 salsum
420 1828 600 1887 apogaeum,
629 1810 705 1869 salsa
727 1812 941 1883 eccentrieitas,
963 1810 1054 1868 lalsus
1077 1808 1182 1869 modus
1204 1812 1391 1887 aequationis
1412 1826 1616 1886 compu—

180 1899 287 1958 tandae
310 1906 340 1957 et
361 1902 389 1955 in
413 1899 538 1973 planetis
561 1898 638 1957 lalsa
659 1898 838 1957 obseruatio.
877 1897 961 1956 Prior
983 1900 1082 1972 itaque
1104 1896 1207 1957 tabula
1221 1914 1258 1957 cx
1273 1896 1454 1957 transmissis
1468 1906 1613 1956 tau—

180 1994 242 2045 turn
265 1987 356 2045 servit
379 1987 524 2043 erroribus
547 1992 644 2043 metus
660 1982 737 2043 Solis
761 1990 927 2059 pertatem
950 1984 1102 2043 zodiacum
1125 2001 1181 2043 nec
1196 1992 1295 2060 potest
1310 1984 1455 2063 applicari
1470 1984 1608 2061 pla—

179 2074 255 2132 netis
284 2072 471 2145 reducendis,
504 2074 559 2129 nisi
590 2078 703 2130 tantum
733 2072 818 2129 unico
847 2088 984 2142 numero,
1017 2074 1066 2147 qui
1095 2073 1249 2149 appositus
1280 2080 1326 2131 est
1356 2070 1396 2131 ad
1425 2068 1519 2143 0⁰Y
1597 2110 1604 2125 .

179 2158 315 2219 Secunda
346 2177 415 2218 vero
444 2159 546 2218 tabula
576 2160 666 2217 servit
694 2168 723 2217 et
744 2160 838 2217 metui
861 2158 939 2217 Solis
962 2168 991 2216 et
1014 2160 1149 2219 omnibus
1170 2157 1296 2237 planetis
1319 2158 1358 2217 ad
1383 2176 1520 2217 verume
1594 2164 1603 2209 t

178 2246 379 2324 Tyebonicum
408 2254 520 2305 motum
543 2247 622 2305 Solis
644 2244 826 2306 reducendis.
873 2244 1034 2303 Consilium
1055 2254 1155 2305 autem
1177 2246 1265 2323 buJus
1287 2245 1469 2306 reductionis
1491 2262 1521 2305 es
1592 2250 1601 2295 t

178 2334 251 2393 hoe:
275 2338 299 2393 si
323 2335 400 2393 enim
423 2334 504 2393 solus
526 2333 609 2392 loeus
626 2332 704 2393 Solis
727 2340 757 2391 et
779 2349 845 2391 cum
868 2350 903 2391 eo
926 2334 1040 2392 initium
1063 2332 1177 2393 zodiaci
1200 2334 1370 2411 corrigatur,
1394 2340 1466 2393 tuuc
1488 2334 1600 2391 ιιι-

175 2421 254 2496 juria
282 2421 315 2480 fit
344 2420 470 2499 planetis
499 2423 615 2491 ceteris,
647 2422 672 2479 si
702 2419 746 2478 illi
774 2418 975 2496 relinquantur
1004 2437 1100 2495 neque
1124 2419 1294 2481 tantundem
1316 2419 1377 2479 illis
1400 2418 1597 2497 addatur-‘-

178 2508 226 2567 lta
248 2507 280 2565 iit
302 2516 335 2566 nt
357 2510 485 2579 nescias,
517 2516 645 2583 quantus
666 2508 704 2565 sit
727 2506 842 2565 illorum
866 2524 944 2566 error
967 2509 1115 2585 proprius,
1146 2510 1217 2585 quia
1238 2510 1368 2584 ipsomm
1391 2509 1520 2568 erroribu
1534 2514 1597 2559 ΔΞ

180 2596 321 2671 relinquis
344 2595 421 2655 hunc
444 2612 626 2653 communem
650 2592 831 2669 implicitum,
856 2596 905 2669 qui
929 2594 988 2653 illis
1011 2610 1070 2654 non
1092 2594 1176 2655 adest
1198 2602 1315 2673 propter
1336 2611 1424 2654 suam
1446 2596 1596 2654 νίιὶοκ

178 2700 242 2741 sam
269 2682 514 2757 observationem,
539 2681 589 2741 sed
607 2688 724 2758 propter
740 2681 848 2754 Solem,
872 2698 908 2741 err
924 2682 1008 2757 cujus
1023 2682 1280 2743 observationibus
1294 2684 1466 2759 quaerimus
1480 2684 1594 2741 ἰιιὶκ

179 2770 251 2829 tium
274 2768 398 2841 zodiaci,
422 2788 499 2845 quae
522 2779 607 2847 porta
629 2778 674 2829 est
696 2767 734 2827 ad
756 2770 973 2828 astronomiam.

285 2857 318 2914 ln
343 2857 499 2933 subjuncto
520 2856 634 2933 judicie
658 2856 857 2915 mathematici
873 2856 1036 2932 eujusdam,
1060 2874 1147 2931 quem
1162 2854 1340 2917 Joestclium
1363 2872 1432 2917 csse
1455 2864 1524 2935 puto
1540 2888 1582 2923 ρ

181 2942 321 3021 pleraque
343 2946 449 3022 probo,
474 2951 507 3002 ut
529 2951 652 3003 testatur
673 2944 740 3001 finis
763 2945 820 3001 mei
841 2942 959 3018 Martis3
990 2942 1135 3019 quaedam
1158 2960 1217 3003 non
1239 2943 1391 3021 intelligo,
1415 2952 1450 3003 ut
1472 2943 1580 3015 bec,

179 3029 259 3107 quod
283 3030 369 3103 dicit,
399 3032 576 3090 anomaliam
599 3032 721 3108 apogaci
746 3029 823 3089 Solis
847 3030 972 3107 pendere
995 3032 1032 3090 ab
1057 3032 1271 3092 cocantrleitatc
1293 3028 1373 3091 Solis
1397 3032 1582 3091 immuta‘

179 3118 248 3177 bili:
279 3122 304 3178 si
327 3118 534 3194 immutabilis,
558 3117 668 3178 nullam
693 3117 869 3176 anomaliam
893 3118 1081 3193 causabitur3
1104 3126 1190 3195 puto,
1216 3136 1268 3198 pro
1290 3118 1444 3179 anomalia
1465 3137 1576 3196 sup‘

181 3206 349 3283 ponendum
382 3224 446 3265 esse
475 3214 587 3265 aretum
618 3205 754 3264 medium.
808 3205 982 3282 Subjungit,
1014 3213 1162 3282 praestare
1192 3214 1225 3265 ut
1254 3204 1319 3282 ejus
1346 3204 1473 3287 (cujus‘.>
1500 3220 1567 3267 aa)

179 3300 276 3353 motus
300 3294 461 3365 octavae‘l)
492 3293 557 3352 leco
589 3295 750 3370 accipiatur
778 3295 945 3368 praecessio
968 3295 1229 3370 aequinoctiomm.
1274 3292 1348 3353 Rem
1371 3294 1485 3372 probo,
1513 3290 1561 3353 si

180 3381 236 3439 lroe
266 3381 343 3453 vult,
378 3390 406 3440 et
438 3384 478 3440 ita
506 3384 561 3440 leci
591 3385 620 3438 in
643 3381 748 3440 Marte.
794 3380 894 3457 Pergit
921 3398 1086 3457 apogaeum
1108 3380 1187 3440 Solia
1214 3381 1303 3455 lirum
1326 3380 1559 3453 statuendum;

181 3476 262 3544 puto,
287 3470 341 3527 sub
365 3468 429 3525 liris
453 3469 545 3527 stellis
568 3469 657 3527 lixum
681 3485 744 3525 esse
767 3469 859 3543 ponit.
899 3468 962 3543 Ego
986 3470 1015 3525 in
1038 3468 1143 3528 Martis
1166 3467 1231 3526 libri
1252 3467 1309 3527 line
1328 3485 1347 3527 a
1363 3466 1555 3529 Ptolemaeo

181 3553 220 3613 ad
242 3572 296 3613 nos
319 3563 416 3613 stratuo
440 3573 625 3632 progressum
648 3556 774 3630 apogaci
798 3551 833 3613 8⁰
848 3557 909 3625 23‘,
934 3564 978 3613 tnt
992 3556 1131 3633 gradibus
1147 3554 1234 3614 lrodie
1250 3557 1371 3631 propius
1385 3563 1433 3614 cst
1449 3555 1557 3615 Cordi

179 3642 288 3700 Leonis
316 3660 482 3717 apogaeum
505 3641 582 3701 Solis
610 3654 698 3717 quam
723 3640 801 3700 olim.
848 3642 894 3699 Αιι
918 3649 1043 3703 mutetur
1067 3642 1226 3717 obliquitas
1248 3641 1380 3715 zodiaci,
1410 3641 1552 3713 dubitat,

180 3730 280 3803 arripit
303 3727 420 3787 modum
445 3728 620 3789 observandi
645 3736 784 3800 vetemm,
809 3732 908 3788 neseio
931 3747 968 3787 arr
993 3748 1027 3789 ex
1046 3731 1119 3789 meis
1136 3727 1265 3805 Opticia:
1289 3730 1341 3789 sed
1357 3727 1452 3788 nolim
1468 3726 1553 3807 quid

180 3824 288 3874 temere
320 3822 462 3887 statuere,
496 3816 636 3891 suspicari
669 3833 739 3874 sane
767 3815 845 3875 licet.
891 3815 976 3891 Qtred
1001 3820 1131 3893 queritur
1154 3816 1190 3875 de
1212 3816 1408 3894 perplexitate
1431 3816 1551 3877 emenii

180 3901 329 3979 Tycbonis
353 3904 382 3959 in
406 3902 504 3973 Luna,
535 3904 562 3960 id
587 3904 743 3962 Christiani
766 3902 898 3963 Severini
930 3920 1003 3979 opus
1033 3911 1085 3963 est.
1131 3903 1195 3980 Ego
1219 3905 1387 3981 transposui
1409 3912 1442 3963 et
1464 3904 1554 3965 facie

179 3988 283 4050 liorem
306 3989 423 4047 modum
448 3990 634 4068 computandi
658 3992 747 4063 inivi3
777 3990 855 4065 quod
886 4008 949 4049 cunr
981 3990 1130 4050 didicisset
1157 3990 1207 4049 ille
1230 3990 1391 4051 Severiuus
1414 3988 1550 4070 Longo-

180 4084 351 4151 moutanus,
382 4094 427 4137 me
451 4080 613 4153 exagitavit
635 4076 740 4149 literis,
773 4086 806 4135 ut
833 4079 883 4153 qui
906 4076 1011 4137 lalcem
1032 4080 1061 4135 in
1085 4076 1213 4138 alienam
1235 4080 1332 4137 midai
1354 4094 1487 4139 messem
1509 4088 1550 4139 et

180 4162 281 4237 tollat,
317 4165 395 4240 quod
427 4166 489 4240 ipse
520 4165 642 4225 consilio
672 4163 799 4239 reliquit.
845 4164 879 4223 Ei
909 4164 1060 4241 respondi,
1094 4174 1126 4225 ut
1156 4164 1204 4224 hie
1231 4173 1334 4226 auctor
1365 4166 1541 4243 respondet.

180 4246 281 4315 (comp.
303 4249 360 4302 Vol.
380 4252 422 4299 111.
441 4268 467 4314 p.
487 4254 520 4302 ³⁶2
539 4254 585 4311 ss.)

283 4337 363 4396 Petis
387 4346 419 4397 ut
441 4338 480 4398 ad
502 4347 531 4399 tc
553 4339 739 4417 perscribam,
763 4336 834 4415 quid
857 4339 895 4396 sit
916 4336 1088 4396 mutandum
1111 4340 1141 4395 in
1162 4338 1289 4415 planctis
1305 4342 1420 4401 ceteris.
1463 4342 1548 4401 cnm

180 4431 241 4482 toto
264 4442 370 4501 genere
394 4426 481 4485 aliam
505 4427 637 4487 incedam
661 4428 747 4496 viam,
771 4443 830 4484 non
853 4442 973 4501 possum
996 4441 1063 4484 mea
1084 4442 1149 4485 eum
1172 4425 1287 4504 placitis
1302 4434 1438 4488 veterum
1454 4446 1556 4489 com-r

179 4528 291 4586 parare.
339 4514 485 4574 Correctio
516 4525 647 4574 motuum
671 4512 774 4572 Martis
806 4522 835 4572 ct
864 4511 968 4571 modus
997 4513 1186 4589 computandi
1217 4530 1299 4573 meus
1326 4520 1372 4573 est
1400 4518 1430 4573 in
1460 4516 1551 4575 libre)

180 4596 269 4658 edito.
305 4599 339 4657 ln
356 4600 482 4659 Saturno
506 4611 534 4662 et
556 4602 634 4662 Jove
658 4600 797 4679 pleraque
813 4600 918 4671 habeo,
943 4603 971 4657 in
987 4600 1111 4673 Venere,
1135 4600 1280 4661 Mercurio
1301 4605 1415 4661 tentavi
1430 4604 1561 4679 multa,

180 4682 232 4743 sed
261 4685 389 4746 nondum
420 4706 515 4766 usque
544 4689 582 4750 ad
613 4688 767 4749 caleulum.
812 4686 977 4748 Difficultas
999 4690 1168 4763 pecuniaria
1191 4706 1237 4749 me
1259 4690 1427 4767 perturbat,
1461 4700 1494 4750 ut
1515 4706 1568 4749 ι

179 4770 284 4832 studiis
303 4777 457 4837 remittam.
