3284 5520
497 338 541 395 sn
557 339 656 397 nomm
672 339 710 395 11.
728 336 943 407 sno-nysaeus
961 352 1022 409 ap.
1043 339 1083 395 ιε.
1101 339 1144 395 ra.
1434 340 1497 406 195

147 519 278 577 emmone
307 525 502 578 monstrosam
532 533 587 578 nec
617 516 733 578 delendi
762 533 866 595 posse,
896 524 1030 595 respecto
1052 516 1172 594 quidem
1193 520 1356 594 praesentis
1378 516 1501 581 demon-

145 607 306 664 strationis.

252 694 305 751 ιι.
337 692 400 751 Etsi
424 700 520 751 tamen
543 708 589 750 res
611 692 685 751 citra
706 708 844 768 magnum
866 693 959 766 ipsius
982 693 1110 751 auctoris
1132 709 1256 752 errorem
1272 693 1421 754 consistat
1460 691 1501 753 Ut

145 786 189 836 εει
208 777 273 853 jam
295 779 353 839 hoc
375 781 509 856 primum,
532 776 697 855 quodcum
720 782 854 854 ignorare
875 795 933 837 non
957 787 1066 856 posset,
1088 778 1192 840 Lunae
1214 781 1244 836 in
1267 780 1417 840 horizonte
1432 798 1500 841 ver-

145 865 238 924 santis
267 882 326 925 non
354 882 419 927 esse
447 873 559 926 tantam
580 865 776 941 parallaxium
798 864 961 925 altitudinis
985 867 1171 941 canentem,
1201 883 1278 942 quae
1302 862 1365 948 δ’]2
1389 870 1503 928 mnata

146 952 175 1008 in
197 951 316 1012 duobos
337 957 477 1013 assumtis
499 953 574 1013 locis
596 952 732 1027 efiiceret,
756 970 823 1012 oum
845 960 941 1012 umen
964 952 1163 1029 perpenderet,
1187 956 1216 1011 in
1237 953 1338 1029 aliqua
1352 956 1416 1032 ejus
1431 955 1502 1014 alti-

146 1037 247 1098 tndiue
270 1042 443 1100 varietatem
464 1039 541 1099 hauc
563 1056 628 1099 esse
650 1041 807 1116 majorem,
839 1057 928 1115 quam
950 1042 980 1097 in
1003 1039 1170 1113 horizonte,
1201 1048 1231 1100 et
1259 1059 1329 1101 vero
1357 1051 1501 1103 cometam

147 1127 234 1184 stiam
266 1125 401 1187 aluonm
428 1127 519 1187 luisse
550 1144 639 1202 quam
669 1130 732 1205 ipse
763 1127 870 1203 (inens
897 1124 964 1206 hoc)
993 1128 1023 1185 in
1052 1127 1200 1188 schemate
1229 1136 1383 1203 posuerat,
1418 1137 1499 1189 tanto

146 1214 241 1272 miuus
269 1216 354 1290 pensi
383 1213 504 1288 habuit,
531 1231 563 1274 εε
595 1216 683 1274 etiarn
705 1215 801 1291 majus
824 1212 936 1290 aliquid
957 1213 1154 1288 conclusisse,
1185 1231 1273 1291 quam
1296 1217 1326 1273 in
1350 1216 1501 1276 horizonte

147 1316 214 1359 rere
236 1309 325 1362 esset

250 1390 303 1448 23.
340 1385 400 1447 Sed
423 1402 549 1460 errores,
572 1402 647 1462 quos
670 1396 821 1465 percenset
844 1386 962 1465 Scipio,
990 1387 1208 1447 consideremus
1230 1386 1340 1449 ordine.
1385 1389 1500 1450 Primus

147 1472 245 1533 nnllns
269 1481 315 1534 est
336 1490 422 1548 error,
447 1473 527 1550 quod
548 1474 662 1534 scilicet
684 1474 787 1552 ‘tycho
811 1473 884 1534 duaa
907 1492 927 1533 a
949 1474 1073 1535 Vulture
1096 1477 1125 1532 in
1149 1473 1207 1534 duo
1228 1474 1335 1535 Terrae
1357 1475 1424 1536 loca
1447 1477 1501 1537 de·

147 1559 252 1621 ductu
273 1561 405 1622 venditet
427 1578 479 1638 pro
501 1559 658 1639 parallelis.

250 1649 303 1708 24.
346 1646 423 1710 nm
452 1655 573 1709 excusat
599 1665 632 1709 se
656 1647 759 1725 'lycho
781 1649 844 1725 ipse
868 1647 903 1708 de
926 1663 1031 1721 errore,
1055 1647 1122 1706 dum
1145 1647 1268 1723 latetur,
1298 1666 1331 1710 se
1353 1650 1410 1710 boc
1431 1668 1500 1727 per·

148 1733 303 1809 pendisse,
327 1752 446 1795 musam
469 1751 556 1808 sero,
579 1752 630 1795 eur
651 1733 807 1810 parallelas
829 1742 954 1805 statuat,
979 1734 1049 1795 dicit
1071 1752 1253 1795 communem
1277 1753 1343 1795 cnm
1365 1738 1499 1796 omnibus

147 1824 340 1881 anonomis:
369 1825 441 1898 quis
469 1820 582 1881 scilicet
610 1821 751 1881 distamia
781 1820 903 1882 duorum
929 1822 1059 1882 locorum
1083 1823 1190 1882 'Petrae
1213 1839 1273 1881 non
1293 1826 1333 1883 sit
1353 1825 1502 1885 sensibilis

146 1907 183 1966 sd
206 1906 377 1968 distantiam
398 1908 474 1968 lirae
496 1925 515 1967 a
537 1907 637 1969 Terra.

252 1996 304 2055 25.
340 1994 405 2055 Nisi
427 1996 501 2055 torte
524 1996 586 2069 tibi,
609 1994 726 2070 Scipio,
749 2004 904 2071 propterea
926 1994 1029 2073 Tycho
1052 1995 1196 2056 cumbae
1218 2012 1308 2055 causa
1330 2013 1388 2056 non
1410 1999 1500 2056 satis-

146 2079 224 2155 ieeit,
240 2085 313 2157 qula
329 2082 448 2154 dudum,
465 2091 657 2142 monstratore
669 2081 826 2141 Francisco
838 2080 986 2155 Ghevara,
1003 2082 1225 2142 subtilissimam
1240 2081 1321 2142 illam
1336 2083 1502 2144 distinotio-

148 2183 214 2226 uem
238 2171 314 2230 inter
336 2167 488 2247 speculum
510 2169 711 2248 parabolicum
733 2186 845 2228 merum
867 2179 897 2228 et
919 2169 1068 2245 speculum
1098 2168 1272 2247 ellipticum,
1305 2174 1501 2247 proportionis

148 2252 357 2316 diametrorum
385 2258 559 2329 immensae,
591 2258 701 2333 quippe
724 2257 808 2331 cnjus
829 2256 945 2331 longior
968 2255 1110 2316 diameter
1131 2267 1249 2335 superet
1271 2259 1365 2333 ipsam
1388 2256 1501 2317 distau-

149 2343 219 2400 tism
241 2341 321 2403 Solis
345 2362 364 2404 a
386 2342 491 2417 Terre,
524 2345 576 2420 qui
605 2344 682 2402 hanc
709 2344 828 2419 inquam
850 2343 1042 2403 subtilitatem
1065 2343 1195 2419 deperire
1218 2347 1365 2420 coeperis,
1396 2347 1501 2420 spretis

152 2427 343 2504 Archimedis,
368 2428 520 2503 Albaseni,
545 2429 721 2503 Vitellionis,
745 2429 861 2503 Portae,
878 2429 1000 2505 idagini,
1017 2429 1163 2502 Ghetaldi,
1181 2430 1278 2491 Clarii
1294 2441 1349 2492 etc.
1370 2431 1499 2507 J'ndiciis.

152 2511 207 2574 Res
228 2518 309 2576 enim
330 2534 472 2594 perquem
493 2516 588 2577 aliinis
604 2524 666 2593 est3
688 2524 770 2577 tanto
791 2525 888 2577 tamen
904 2535 923 2577 a
938 2526 989 2576 tua
1005 2525 1087 2593 parte
1102 2516 1263 2593 absurdior,
1288 2528 1398 2595 quanto
1415 2519 1502 2578 altior

153 2610 194 2661 est
213 2603 296 2663 orbis
317 2604 451 2665 stellatus
474 2605 546 2665 orbe
566 2603 654 2664 Solis.

250 2692 303 2752 26.
341 2689 432 2751 Aliud
460 2689 508 2751 hic
531 2689 685 2751 Galilaeae
715 2693 826 2767 arguit,
855 2690 968 2750 meliori
991 2690 1108 2767 quidem
1132 2709 1221 2768 quum
1244 2699 1275 2751 tu
1295 2692 1374 2767 jure,
1407 2690 1501 2751 videri

156 2771 319 2850 lbcbonem
340 2777 399 2839 hoe
413 2776 508 2839 dicere
523 2777 608 2853 velle,
631 2778 706 2837 fixas
721 2776 881 2856 parallaxin
896 2779 1024 2838 tincturas
1039 2779 1138 2851 luisse,
1162 2785 1310 2854 spectatas
1325 2796 1360 2838 er
1377 2777 1501 2838 diversis

156 2858 254 2924 Terrae
276 2866 420 2942 partibus,
444 2867 469 2925 ei
492 2864 599 2925 'l'errac
621 2863 660 2924 ad
684 2864 851 2923 distantiam
873 2863 996 2923 fixarum
1018 2867 1167 2942 proportio
1191 2875 1268 2925 esset
1289 2865 1445 2926 sensibilis.

250 2953 302 3011 27.
339 2953 382 3013 At
412 2953 533 3012 nimium
560 2952 672 3027 rigidus
702 2960 747 3011 est
776 2951 824 3011 hic
853 2968 972 3028 quoque
1002 2954 1157 3013 verborum
1179 2952 1328 3031 Tychonis
1350 2969 1498 3013 excussor.

157 3031 208 3093 Etsi
230 3039 309 3097 cnlm
331 3038 435 3117 Tycho
458 3041 575 3099 omnino
598 3038 644 3099 his
666 3039 765 3098 verbis
787 3040 894 3098 utitur:
917 3056 975 3098 esse
997 3039 1177 3100 distantiam
1199 3041 1400 3100 innnnbs'lem
1421 3039 1500 3101 duo·

158 3138 217 3182 rum
238 3124 378 3187 locorum
405 3126 542 3199 Telluris,
570 3126 696 3185 Terram
718 3129 849 3201 spectari
869 3129 1015 3203 utrinque
1038 3128 1140 3188 eodem
1160 3129 1225 3188 loco
1239 3128 1295 3187 suh
1308 3128 1386 3202 fleis,
1408 3146 1501 3204 coque

159 3206 234 3270 lbos
256 3230 278 3271 c
297 3213 362 3289 {iso
384 3215 481 3273 lineos
503 3230 561 3273 esse
581 3213 763 3290 parallelos:
792 3215 993 3291 ignarissimus
1017 3224 1112 3274 tannen
1136 3214 1323 3293 eruditionis,
1346 3232 1422 3291 quaa
1445 3215 1500 3274 luit

159 3294 341 3377 il'lyohone,
363 3302 403 3360 sit
425 3308 549 3377 oportet,
573 3302 624 3376 qni
647 3308 739 3376 putet,
762 3298 932 3377 Tychouem
956 3303 1114 3377 ignorasse,
1138 3301 1212 3362 tinas
1235 3304 1264 3359 in
1286 3301 1361 3375 linis,
1383 3301 1440 3362 hoc
1454 3308 1499 3362 est

159 3382 181 3441 iu
200 3393 308 3447 octava
328 3386 465 3462 sphaera,
488 3385 650 3466 parallaxiu
675 3388 769 3447 lacere
792 3403 850 3446 non
865 3404 962 3463 posse,
987 3386 1178 3464 undecunque
1202 3388 1319 3448 tandem
1342 3391 1497 3464 inspectas.

248 3473 300 3533 28.
330 3473 437 3551 Itaque
461 3476 616 3534 verborum
639 3474 741 3534 borum
765 3473 1006 3535 hallucinantium
1030 3493 1133 3535 seusus
1148 3474 1224 3535 alius
1240 3493 1303 3535 esse
1318 3492 1376 3535 uon
1391 3477 1497 3552 potuit,

155 3571 232 3630 quarn
255 3561 328 3620 istc:
352 3569 470 3638 propter
492 3560 611 3639 quidem
633 3562 873 3621 divaricationem
896 3560 1018 3622 duarum
1040 3563 1191 3636 linearum,
1215 3579 1292 3639 quae
1315 3580 1350 3623 ex
1374 3562 1498 3622 Volture

155 3643 179 3699 in
199 3644 321 3707 Terram
342 3647 496 3723 ducuntur,
519 3649 660 3724 angulum
683 3651 756 3708 iuter
780 3648 935 3708 Vultnrcm
958 3660 987 3710 et
1011 3657 1155 3710 cometam
1177 3652 1282 3710 mutari
1305 3650 1393 3725 plane
1415 3649 1497 3724 nihil,

152 3745 181 3788 eo
207 3734 288 3809 qnod
317 3733 394 3796 duae
416 3754 436 3795 a
458 3735 582 3797 Volture
612 3752 663 3813 pro
693 3734 842 3812 parallelis
870 3737 1042 3800 habeantur.
1088 3737 1233 3814 Linguam
1261 3738 1350 3812 igitur
1372 3740 1499 3814 corrigat

151 3815 257 3896 lycho,
279 3822 306 3881 si
328 3824 421 3897 vivat,
444 3832 570 3884 mentem
593 3830 701 3883 teneat.

246 3909 299 3970 ta.
338 3907 507 3970 Secundum
536 3927 661 3971 errorem
690 3912 816 3985 imputat
837 3908 950 3985 Scipio,
982 3908 1060 3986 quod
1083 3909 1185 3987 Tycha
1212 3917 1308 3970 rectos
1331 3912 1420 3970 iaciat
1442 3928 1497 3969 an·

147 3991 242 4068 gulos,
265 3996 375 4071 quihus
397 3996 472 4058 duae
494 3998 533 4058 ab
556 4006 679 4074 utroque
703 3997 768 4056 loco
791 3996 899 4057 Terrae
923 3995 1082 4057 educantur
1104 3999 1132 4054 in
1153 3996 1315 4072 vulturem,
1340 4014 1407 4056 cum
1429 3997 1497 4056 illae

145 4081 201 4139 rint
232 4082 372 4160 obliquae
400 4084 440 4144 ad
469 4085 638 4145 subtensam
668 4084 706 4143 ab
736 4101 794 4143 uuo
822 4083 888 4143 loco
916 4085 945 4140 in
974 4082 1082 4159 alium3
1116 4084 1224 4161 quippe
1246 4084 1371 4145 Vulture
1393 4083 1497 4143 humili

146 4169 299 4244 existente,
320 4187 381 4231 non
403 4174 433 4231 in
455 4174 575 4233 vertice.
614 4172 734 4231 Dictum
756 4179 846 4249 puta;
869 4170 951 4231 labes
967 4174 1142 4231 estomnino
1159 4171 1339 4249 corrigenda,
1362 4178 1496 4249 respectu

143 4254 262 4330 quidem
284 4261 447 4335 praesentis
469 4259 558 4336 hujus
581 4259 845 4318 demonstrationis.

248 4344 299 4403 30.
338 4344 380 4403 At
402 4345 470 4406 vide
493 4348 678 4407 occasionem
702 4353 732 4406 et
753 4345 846 4404 libera
868 4345 1037 4422 Tychooem
1060 4345 1099 4404 ab
1124 4361 1219 4405 errore
1242 4348 1357 4406 mentis.
1403 4345 1495 4404 Nemo

140 4439 196 4503 est,
218 4432 291 4507 quin
314 4430 422 4506 rideat,
447 4432 579 4510 Tycbooi
603 4433 723 4510 globum
746 4434 918 4507 inspectum,
942 4434 992 4508 qui
1016 4433 1187 4491 observator
1207 4440 1269 4491 erat
1285 4439 1344 4490 tam
1360 4430 1494 4508 diligens.

139 4515 173 4574 ln
197 4533 233 4577 eo
255 4520 365 4594 reperit
385 4537 457 4579 sane
480 4519 634 4580 Vultnrem
658 4518 696 4579 ad
718 4519 820 4578 horam
843 4536 1030 4595 nequaquam
1053 4523 1083 4576 in
1105 4517 1203 4578 medio
1226 4517 1311 4592 coeli,
1333 4517 1384 4578 sed
1409 4518 1495 4595 longe

139 4604 221 4665 ntra.
266 4605 346 4682 lirgo
375 4608 562 4683 perspicuum
592 4616 652 4681 est,
685 4606 761 4666 banc
783 4606 957 4681 angulorum
978 4605 1181 4666 rectitudinem
1203 4604 1350 4667 residuam
1372 4622 1437 4666 esse
1459 4623 1496 4666 ex

138 4694 300 4753 intentione
328 4693 439 4769 prima,
472 4712 549 4769 quae
579 4694 734 4755 Vulturem
763 4692 828 4752 rudi
859 4695 1067 4772 imaginatione
1089 4712 1109 4752 a
1131 4694 1238 4753 vertice
1268 4710 1371 4753 versus
1400 4703 1496 4753 ortum

136 4778 389 4856 aequinoctialem
410 4788 491 4843 recta
514 4780 710 4844 deelinantem
732 4781 891 4856 cogitabat
936 4780 1002 4843 Hoc
1025 4782 1102 4842 euim
1124 4781 1151 4839 si
1173 4789 1266 4853 esset,
1297 4779 1399 4857 anguli
1422 4782 1497 4841 inter

1220 4884 1288 4945 13·
