3284 5520
187 336 253 404 782
540 336 570 389 ln
590 334 710 389 Sieiduui
728 333 825 389 librum
845 333 878 387 de
897 338 1014 401 quatuor
1031 334 1197 390 Monarchiis

291 512 348 572 Hic
372 530 484 571 rursum
507 514 723 588 perspicuitatis
740 529 830 573 causa
845 528 880 571 ox
897 511 1070 572 Saraouene
1085 514 1149 571 sive
1165 511 1311 585 Sosurme,
1338 516 1468 574 obscuro
1482 532 1545 592 rege

188 599 343 659 Medorum
367 609 393 659 et
418 601 604 677 Assyriorum
628 602 746 677 (dicitur
768 605 797 657 in
817 599 868 658 lib.
886 599 995 658 Esdrae
1011 599 1218 677 Arsenapbor),
1242 600 1407 661 efficiamus
1431 602 1544 662 Salma-

188 705 336 747 nassarem
360 688 454 760 hunc,
479 696 511 746 ut
533 689 617 763 cujus
641 691 755 746 initium
778 687 945 746 Eusebiauo
969 686 1098 746 Sosarmi
1121 697 1234 746 tautum
1260 693 1381 747 tannis
1403 693 1545 766 posterius

188 784 241 835 est.
289 776 402 833 Accidit
426 784 524 834 rrutem
548 791 582 833 eo
607 783 750 852 ternpore,
781 783 812 834 ut
836 775 963 851 Aegypti
992 792 1042 833 rex
1066 774 1165 833 Auisis
1187 778 1271 834 senio
1295 778 1450 836 corriectus
1473 778 1545 835 diem

189 880 275 921 suum
299 864 393 922 obiret
416 866 501 938 eique
525 862 585 919 Sua
609 865 672 922 sive
695 862 752 934 So,
776 865 840 921 sive
863 861 906 918 illt
930 878 1034 920 nomeu
1057 869 1103 921 est
1125 862 1246 921 Sebieus
1270 864 1351 939 apud
1376 865 1545 936 Eusebium,

188 950 365 1009 succederet.
412 946 485 1009 Cium
507 952 594 1025 igitur
615 968 707 1025 graue
729 952 865 1008 omnibus
890 949 1036 1008 uideretur
1047 950 1152 1025 jugum
1169 953 1370 1027 Assyriaeunr,
1396 950 1478 1011 Osee
1500 971 1546 1011 reu

187 1037 305 1097 Iara'clis
321 1038 457 1096 Sebicum
474 1039 653 1113 Aegyptium
677 1037 714 1095 ad
737 1037 840 1096 foedus
863 1045 964 1095 eontra
987 1053 1169 1096 communem
1190 1047 1346 1114 tyranuum
1362 1039 1546 1098 sollicitavit

186 1124 248 1185 Nec
263 1125 390 1183 alienum
408 1120 509 1184 a'vero
525 1134 578 1195 eat,
596 1143 711 1183 omnem
727 1126 872 1194 viciniam,
891 1124 1048 1196 Moabitas,
1061 1126 1251 1198 Ammonitas,
1268 1126 1441 1197 Idumaeos,
1454 1126 1547 1184 Phili·

188 1222 287 1271 stacos
311 1222 399 1286 atquc
423 1212 497 1270 adeo
521 1214 615 1286 ipsum
639 1230 737 1287 regem
761 1212 915 1270 Ezechiam
930 1210 1087 1283 tuomum,
1112 1214 1160 1287 qui
1186 1215 1319 1271 sixtum
1344 1217 1423 1289 patri
1449 1214 1546 1273 Achae

188 1311 303 1358 mortuo
327 1310 516 1371 successerat,
542 1300 643 1357 locdus
664 1303 855 1357 consensisse.
895 1299 1002 1357 Scribit
1025 1316 1129 1376 nempe
1145 1299 1323 1373 Herodotus,
1349 1310 1419 1377 post
1435 1300 1547 1373 Medos,

189 1390 238 1463 qui
258 1387 321 1462 jam
344 1404 395 1463 per
421 1394 460 1445 iu
477 1405 568 1444 annos
593 1388 674 1443 liberi
699 1395 781 1445 erant
802 1387 839 1444 ab
855 1381 976 1462 lm'pcrio
993 1386 1160 1461 Assyriaco,
1184 1387 1258 1446 alias
1275 1405 1396 1464 quoque
1414 1392 1547 1448 nationes

188 1473 265 1534 idem
287 1474 401 1546 iecisse,
426 1474 505 1549 qnod
521 1483 550 1531 ct
564 1473 678 1545 Medus,
703 1476 777 1533 inter
800 1491 873 1549 quas
896 1477 1029 1531 nationes
1044 1476 1133 1532 etiam
1149 1476 1229 1534 lucre
1244 1475 1416 1553 Babylonii,
1443 1488 1475 1534 ut
1487 1477 1547 1551 jam

189 1560 308 1621 dicetur.
356 1562 479 1620 lieteeta
514 1565 729 1638 conspiratione
762 1560 986 1619 occidentalium
1022 1564 1086 1619 sive
1117 1562 1305 1637 australium,
1341 1564 1547 1622 Srrltnanassar

186 1652 314 1708 maximo
345 1666 409 1708 curu
441 1658 582 1726 apparatu
614 1650 717 1707 bellico
745 1647 868 1707 rebelles
896 1648 1042 1717 adoritur,
1077 1648 1226 1707 Edomitas
1249 1650 1351 1708 domat
1373 1650 1545 1727 (llerabitas,

186 1735 258 1795 Ead.
277 1742 325 1810 il),
344 1735 403 1815 16),
429 1739 478 1810 qui
503 1738 639 1813 prolugas
663 1754 698 1793 ex
722 1735 831 1794 lsrable
855 1744 884 1794 ct
906 1736 972 1793 aliis
996 1736 1076 1808 loeis,
1100 1736 1172 1796 sorte
1195 1754 1232 1795 ex
1255 1737 1422 1814 Babylone,
1447 1756 1546 1797 susee-

188 1835 292 1900 peraut
323 1833 351 1883 ct
380 1841 444 1881 eum
474 1832 662 1899 poscerentur
692 1839 750 1880 non
782 1821 921 1882 dederant
948 1823 1159 1881 Salrnauassari
1183 1820 1262 1903 (Esd.
1290 1824 1362 1903 tlh).
1409 1826 1449 1884 Et
1471 1826 1546 1885 Osee

188 1929 287 1987 regem
311 1911 428 1969 lsradlis
451 1928 501 1986 per
524 1913 678 1969 triennium
702 1912 730 1966 in
747 1910 880 1969 Samaria
903 1911 1055 1969 obsessum
1079 1922 1228 1988 expugnat
1251 1920 1405 1989 totamque
1429 1924 1544 1988 gentem

187 1999 380 2056 israeliticam
406 2001 433 2053 in
457 2000 626 2056 seruitutem
643 1997 747 2072 redigit
763 1997 879 2073 illisque
894 2000 1003 2073 passim
1019 1998 1167 2055 domicilia
1181 2001 1270 2057 etiarn
1287 2002 1315 2056 in
1333 2000 1432 2058 Medis
1450 2000 1545 2058 distri·

190 2086 252 2143 buit
269 2090 313 2159 (2.
330 2084 403 2160 ch.
422 2091 471 2159 Π,
490 2087 543 2155 6.).
581 2085 640 2143 Sed
656 2084 760 2143 hlcdos
784 2085 839 2143 hoc
863 2085 927 2144 loco
947 2086 1143 2160 intelligamus
1159 2095 1274 2159 gentem
1291 2087 1447 2160 medicam,
1472 2105 1545 2163 quae

187 2176 305 2247 regibus
329 2173 450 2249 parebat
472 2189 572 2231 recens
596 2173 770 2247 subjugata,
795 2174 865 2247 qula
887 2173 995 2230 fluvius
1019 2172 1138 2250 (lanan,
1162 2190 1220 2248 quo
1242 2174 1356 2233 seducti
1382 2174 1543 2248 lsra'e'litae,

188 2260 263 2318 inira
286 2263 360 2319 inter
383 2276 481 2318 recena
505 2268 606 2338 captas
630 2262 763 2336 regiones
787 2262 925 2334 relcrtur3
957 2272 1008 2318 aut
1030 2269 1127 2336 potest
1149 2260 1229 2336 lieri,
1260 2271 1293 2318 ut
1316 2262 1396 2321 Medi
1423 2279 1545 2321 conces·

186 2351 268 2407 alone
291 2348 522 2419 nronarcharum,
546 2348 620 2406 alias
644 2349 743 2419 liberi,
767 2347 956 2404 nihilominus
980 2358 1075 2406 tamen
1099 2348 1219 2407 obnoxii
1242 2349 1350 2408 luerint
1372 2352 1494 2425 regibus
1516 2352 1544 2406 in

187 2437 371 2511 gravioribus
395 2436 532 2493 nautibus.
571 2435 768 2493 Rebellabaut
791 2446 852 2492 turn
868 2444 897 2492 et
915 2434 1080 2511 Babylonii,
1105 2444 1221 2510 propter
1237 2436 1473 2512 magnitudinem¹
1487 2440 1543 2495 uti-

187 2540 244 2598 que
268 2526 454 2581 exactionum
479 2526 506 2579 in
530 2525 668 2580 contiuua
692 2521 786 2591 bclln,
817 2531 846 2579 et
869 2524 942 2580 lorte
965 2540 1001 2580 cx
1025 2526 1187 2599 composito
1211 2540 1276 2581 enm
1301 2516 1418 2585 celeris.
1466 2521 1544 2605 (Bes

188 2610 372 2688 Babylonios
396 2614 474 2686 prius
498 2609 630 2681 adortus,
662 2626 720 2667 non
749 2617 847 2667 tamen
876 2610 1008 2667 coniecit.
1054 2609 1116 2668 Aut
1137 2612 1220 2686 primi
1244 2612 1350 2670 luerint
1374 2611 1542 2688 Babylonii,

188 2715 264 2774 quos
288 2698 357 2756 dum
380 2714 429 2755 rex
453 2698 608 2773 subjugat,
633 2699 786 2754 nunciatur
811 2695 928 2755 dualia
951 2696 1129 2769 defectione,
1161 2698 1316 2756 retrahitur
1339 2702 1439 2775 igitur.
1486 2699 1544 2758 Aut

188 2786 275 2843 siurul
300 2785 441 2844 Ezechias
465 2783 616 2856 Judacae,
647 2784 687 2842 So
711 2784 856 2860 Aegypti,
886 2783 1090 2843 Sulmurrassar
1112 2786 1268 2861 Assyriae,
1301 2794 1330 2845 et
1353 2786 1543 2845 Nabonassar

185 2873 368 2951 Babyloniae
392 2875 548 2948 coeperint,
572 2881 603 2929 ut
627 2888 704 2928 urors
719 2870 980 2946 Tiglatpulassaris
1003 2889 1092 2930 eausa
1107 2876 1145 2930 sit
1160 2872 1246 2946 hans
1264 2873 1447 2932 delectionis.
1486 2876 1544 2932 Aut

185 2962 270 3036 primi
300 2960 495 3018 occidentales
524 2962 552 3015 in
576 2976 675 3017 eorum
699 2958 793 3016 locum
818 2959 958 3032 traducti,
988 2969 1054 3036 post
1077 2958 1258 3035 Babylonii)
1304 2960 1363 3018 Eos
1387 2960 1543 3019 verisimile

186 3056 231 3106 cst
256 3057 315 3105 turn
340 3065 374 3105 cx
399 3055 482 3121 parts
506 3046 631 3103 (lonritos
654 3063 706 3120 per
729 3049 877 3120 regionem
901 3045 1088 3115 Chaldaeum,
1114 3047 1218 3104 illaesa
1241 3059 1339 3105 tamen
1363 3050 1436 3107 urbe
1461 3049 1541 3124 ejus-

185 3152 242 3211 que
266 3152 342 3207 rcge.
382 3134 485 3192 Victus
501 3135 703 3191 Salrnanassar
726 3134 828 3191 eadem
852 3151 947 3211 poena
970 3134 1114 3204 multavit,
1140 3152 1198 3208 qua
1213 3134 1371 3206 Israelitas,
1396 3153 1466 3194 nam
1490 3136 1543 3193 hos

187 3223 215 3280 in
235 3223 386 3298 Assyriam
411 3230 440 3279 et
455 3221 593 3291 Mediam,
619 3220 800 3297 Babylonios
825 3238 893 3278 vcro
918 3224 946 3277 iu
963 3220 1077 3296 Syriam
1095 3229 1122 3278 el
1140 3221 1337 3286 Phoenicium,
1362 3224 1450 3282 sedes
1466 3226 1543 3281 anti-

186 3327 259 3386 quus
281 3310 479 3367 laralilitnrum
504 3309 626 3367 adclusit
642 3315 684 3384 (2.
699 3307 772 3381 llcg.
793 3315 841 3378 li,
861 3311 925 3382 24).
964 3307 1047 3382 Quae
1063 3309 1121 3365 dixi
1140 3308 1207 3367 iude
1222 3309 1439 3382 confirmantur,
1465 3310 1542 3385 quod

188 3399 335 3473 regiones,
359 3396 435 3455 unde
460 3397 573 3454 incolae
589 3398 616 3452 in
633 3395 747 3472 Syriam
765 3395 888 3453 traducti
906 3395 993 3454 modo
1010 3398 1098 3453 citato
1115 3396 1179 3454 loco
1196 3396 1338 3470 dicuntur,
1363 3415 1415 3456 eas
1433 3405 1451 3456 ‘2
1468 3398 1540 3473 Beg.

188 3490 237 3557 19,
265 3492 313 3542 rt.
338 3484 535 3543 Sennacherib
561 3482 703 3541 llaeehiae
727 3484 828 3556 objicit
851 3495 953 3558 captas
977 3502 994 3539 a
1018 3484 1177 3557 rrraJoribus
1201 3487 1269 3542 suis.

290 3572 466 3647 Principium
491 3571 704 3629 Nabouassaris
734 3570 893 3628 secuudum
923 3570 998 3627 hauc
1028 3573 1132 3628 seriem
1162 3570 1301 3631 historiae
1325 3571 1428 3630 incidit
1459 3576 1487 3629 in
1513 3579 1539 3631 4.

186 3657 233 3716 vel
268 3665 296 3717 ir.
333 3659 566 3727 Solrnauasaari,
612 3675 715 3733 nempe
752 3660 780 3713 in
814 3675 922 3714 anrrum
958 3656 1056 3713 nruudi
1091 3664 1184 3716 3‘22‘2.
1220 3658 1379 3717 secundum
1416 3660 1542 3718 Buntin-

184 3764 263 3821 guru¹
309 3745 385 3804 Sunt
408 3757 505 3804 autern
529 3749 655 3803 rationes
678 3743 800 3819 aliquot,
825 3763 874 3801 cur
897 3754 997 3803 contra
1020 3745 1187 3817 Eurrccium,
1212 3746 1436 3818 Bucholserum,
1461 3747 1541 3806 Mer·

185 3842 312 3891 calorem
336 3842 364 3891 ct
388 3843 499 3893 ceteros
524 3832 717 3905 chronologos
742 3833 814 3890 duos
839 3833 944 3890 lirciartr
968 3849 1051 3906 reges
1070 3831 1319 3891 Salmanassarern
1337 3842 1366 3891 ct
1382 3834 1541 3893 Nabonas-

183 3938 287 3978 sarcrn.
327 3921 456 3979 Primum
479 3923 596 3995 scriptio
621 3919 757 3977 hebraica
782 3922 883 3988 innuit,
909 3937 972 3978 esso
997 3919 1176 3978 diversarum
1199 3920 1363 3995 linguarum
1384 3922 1539 3987 vocabula,

184 4007 257 4066 illud
273 4009 391 4082 quidem
409 4010 609 4085 Assyriacnm,
628 4007 683 4065 hoo
700 4006 902 4065 Clraldaicurn.
935 4006 1010 4064 lllud
1025 4010 1067 4064 sie
1084 4007 1238 4066 dividitur:
1263 4007 1423 4066 Scbalman
1442 4010 1538 4080 Assar,

184 4095 241 4153 hoc
264 4112 333 4153 vero
355 4112 414 4154 non
438 4096 570 4154 similiter
585 4094 687 4152 Naban
706 4098 805 4161 Assur,
830 4095 880 4151 scd
896 4094 981 4152 Nabo
997 4094 1100 4153 Nezar.
1140 4094 1296 4153 Sclralman
1321 4104 1366 4153 est
1382 4096 1540 4155 hebraeum

182 4182 339 4255 Salomon,
374 4186 465 4241 Assar
491 4201 549 4241 vox
573 4185 714 4257 reperitur
738 4184 767 4239 in
790 4180 1061 4256 Tiglotphulassar,
1094 4182 1283 4240 Assarbadan
1307 4192 1361 4240 ete.
1411 4183 1538 4243 Alterius

183 4273 264 4329 vocis
281 4270 425 4329 elementa
442 4270 593 4329 chaldaica
608 4287 686 4327 mera
702 4277 769 4326 snut
781 4268 873 4339 Nube,
891 4268 1030 4343 oppidum
1042 4269 1256 4346 Babylonicum
1272 4265 1347 4352 (Jer.
1362 4271 1412 4344 48,
1427 4280 1454 4329 1.
1468 4276 1539 4344 ‘22l3

182 4358 278 4417 Neaar
308 4361 396 4416 etiamr
428 4360 456 4415 in
487 4357 618 4433 plurimis
650 4355 807 4415 chaldaicis
835 4358 1001 4414 nominihus
1030 4359 1179 4432 reperitur.
1227 4356 1340 4416 Deinde
1365 4376 1443 4432 quae
1466 4363 1539 4417 ratio

185 4456 271 4518 essct,
296 4462 346 4502 cur
369 4449 398 4504 in
422 4455 502 4504 tarrta
527 4446 677 4502 vicinitate
701 4444 838 4518 temporis
861 4443 1050 4501 Ptolemaeus
1073 4445 1170 4520 potius
1187 4463 1205 4503 a
1220 4443 1443 4505 Salmanassarc
1468 4463 1539 4522 epo·

183 4532 266 4591 cham
290 4531 460 4607 deduceret,
485 4550 573 4608 quam
597 4531 634 4589 ab
660 4531 774 4589 Arbace
797 4533 860 4589 sire
884 4531 960 4588 Phul
984 4533 1094 4606 primo,
1127 4533 1210 4607 eujus
1233 4532 1320 4590 latius
1344 4541 1373 4590 et
1398 4533 1539 4592 illustrius

184 4629 245 4677 erat
267 4622 436 4694 imperium3
467 4630 496 4678 at
520 4638 538 4678 a
559 4619 766 4677 Nabonassare
790 4635 847 4676 non
872 4619 1030 4676 absurdum
1054 4626 1098 4677 est
1121 4621 1261 4695 incipere,
1286 4621 1358 4694 qrria
1381 4622 1407 4677 is
1431 4625 1539 4696 primus

182 4724 232 4765 rex
256 4726 274 4765 a
297 4707 473 4779 Merodach,
507 4710 577 4781 quia
605 4707 629 4764 is
658 4714 744 4781 capta
769 4707 890 4782 Assyria
914 4714 943 4765 et
965 4708 1084 4780 regibus
1107 4710 1272 4782 exstirpatis
1297 4706 1394 4766 clarus
1420 4719 1498 4782 crat,
1523 4728 1540 4766 a

181 4792 437 4871 Nabopolaaaare,
468 4797 539 4871 quia
561 4797 585 4852 is
608 4794 777 4871 Aegyptum
808 4795 929 4870 imperio
961 4793 1071 4871 adjecit
1097 4802 1126 4853 et
1154 4794 1353 4855 monarchiam
1376 4799 1538 4856 coustituit
