3284 5520
163 302 228 370 170
660 304 798 375 Tyehonis
816 303 1029 375 Hyperaspistes

162 483 295 542 incedere
320 490 350 543 et
373 486 401 541 in
425 483 593 544 elementari
617 486 735 561 regione
759 502 822 544 esse
845 502 942 562 posse.
989 484 1169 561 Argumento
1193 482 1345 562 indigebat
1366 486 1520 560 instantia,

161 579 193 629 ut
216 573 245 629 in
269 589 327 646 qua
350 575 486 631 asseritur
510 570 620 647 aliquid
643 572 766 630 multum
790 581 933 631 remotum
956 591 974 631 a
996 574 1140 632 communi
1163 574 1278 631 notitia.
1325 573 1401 633 Ecce
1429 574 1520 649 igitur

160 668 189 716 et
213 667 415 735 argumentum
440 661 666 737 oppugnatoris:
699 660 838 735 quicquid
867 669 978 718 motum
1007 659 1118 720 habeus
1147 659 1313 719 circularem
1346 663 1423 719 circa
1446 678 1519 720 ceu-

163 758 237 804 trum
262 747 390 806 universi
414 747 513 819 flectit,
538 747 566 804 id
590 746 697 806 incedit
720 749 774 806 sub
791 747 898 806 circulo
914 748 1050 806 maximo.
1089 748 1229 808 Cometae
1245 747 1436 820 aristotelici,
1461 746 1520 807 hoc

160 838 204 892 cst
227 833 409 908 sublunares,
434 833 567 901 circulari
589 842 670 892 motu
694 835 731 892 ab
755 833 855 911 aliquo
878 834 973 894 sidere
996 837 1109 894 incitati
1132 838 1210 896 eirea
1232 845 1363 895 centrum
1386 836 1520 894 universi

160 921 295 980 flectunt:
328 938 396 998 ergo
425 929 573 995 cometae,
605 924 739 997 quamvis
769 922 824 981 snb
848 922 931 981 Luna
954 924 1026 996 sint,
1056 922 1111 982 sub
1135 921 1243 982 circulo
1266 931 1364 983 tamen
1389 925 1518 982 maximo

158 1008 305 1068 incedunt.
321 1003 352 1089 ²)
379 1064 382 1069 ,

264 1099 291 1153 7.
324 1094 397 1169 Quis
419 1097 544 1171 priorem
566 1105 653 1172 neget
675 1098 914 1172 propositionem,
939 1096 1024 1155 oculo
1047 1098 1077 1153 in
1100 1094 1200 1156 circuli
1222 1095 1312 1173 plano
1331 1096 1517 1155 constituto?

160 1199 226 1240 enm
249 1199 307 1240 nou
331 1189 518 1256 natantum,
550 1200 626 1258 quae
647 1183 781 1243 circulari
803 1185 930 1261 perlecto
953 1190 1033 1243 motu
1056 1180 1126 1263 (non
1149 1182 1187 1242 ad
1209 1181 1302 1242 latera
1325 1183 1416 1260 flexo)
1440 1185 1519 1243 eirea
1549 1225 1554 1236 .

158 1276 290 1328 centrum
318 1271 447 1328 universi
477 1268 611 1343 tendunt,
642 1271 694 1330 sed
723 1272 811 1330 etiam
842 1270 940 1332 circuli
965 1274 993 1329 in
1016 1288 1048 1330 se
1072 1271 1182 1330 reducti
1205 1287 1295 1347 supra
1318 1269 1457 1342 Terram,
1488 1273 1517 1328 in

158 1356 247 1433 plano
271 1364 438 1416 nauseante
461 1374 512 1432 per
534 1357 641 1418 'ferrae
665 1366 793 1418 centrum
816 1368 845 1418 et
867 1358 999 1433 oculum,
1023 1360 1093 1433 quin
1116 1360 1176 1418 ime
1200 1367 1229 1417 et
1251 1357 1396 1418 rectilinei
1418 1365 1516 1417 motus

158 1463 177 1502 a
199 1442 295 1503 medio
319 1444 406 1503 etad
431 1442 572 1518 medium,
597 1463 698 1505 omues
720 1445 766 1519 hi,
796 1445 875 1520 quod
896 1447 957 1522 jam
980 1453 1047 1506 aute
1070 1444 1145 1504 ultro
1169 1447 1293 1522 ingessi,
1325 1446 1381 1503 sub
1406 1444 1516 1505 circulo

155 1531 298 1607 sphaerae
320 1533 447 1590 maximo
471 1535 584 1606 possint
607 1550 757 1609 apparere.

260 1619 288 1676 8.
322 1619 361 1676 st
384 1625 416 1676 ut
438 1621 583 1694 posterius
605 1621 709 1696 probet
724 1620 833 1697 Scipio,
856 1619 913 1678 hoc
936 1636 1010 1695 opus
1033 1619 1080 1678 hic
1104 1618 1187 1679 labor
1211 1625 1267 1696 est,
1290 1624 1422 1678 cometas
1447 1616 1516 1678 illos

154 1722 224 1763 snos
247 1704 420 1764 sublunares
443 1713 473 1764 et
494 1708 524 1763 iu
548 1706 688 1766 circulum
711 1711 768 1783 agi,
793 1707 951 1785 perlectum
974 1726 993 1764 a
1015 1705 1114 1779 stella,
1140 1714 1169 1767 et
1192 1707 1269 1766 eirca
1292 1714 1424 1765 centrum
1447 1708 1516 1763 uni-

156 1795 232 1851 versi
264 1793 350 1852 flecti.
396 1792 472 1850 Nam
500 1796 550 1869 qui
579 1800 610 1852 tu
639 1795 761 1870 probas,
791 1793 929 1853 circulum
952 1793 1049 1867 illum,
1078 1792 1214 1853 coelestis
1238 1809 1346 1852 causae
1369 1792 1516 1867 sobolem,

155 1897 218 1938 esse
248 1881 325 1939 cirea
354 1879 507 1938 centrum?
539 1878 585 1939 Ob
612 1884 781 1957 gravitatis,
810 1883 919 1956 inquis,
949 1888 1112 1953 momenta,
1145 1898 1222 1957 quae
1245 1888 1313 1938 sunt
1336 1882 1366 1938 iu
1389 1882 1515 1939 materia

154 1975 286 2025 cometae
313 1966 503 2025 nihilominus
530 1967 668 2027 residua?
700 1969 775 2028 Dico
804 1970 856 2027 tibi
881 1984 951 2042 ege,
982 1970 1144 2044 pugnantia
1167 1985 1230 2027 esse
1254 1968 1377 2044 physice
1400 1974 1514 2026 motum

154 2053 289 2113 deorsum
313 2061 342 2112 et
365 2061 474 2112 rnotnm
497 2053 683 2114 circularem:
708 2057 806 2131 itaque
830 2059 853 2114 si
879 2057 1003 2114 vincitur
1027 2056 1071 2114 vis
1094 2064 1216 2114 naturae
1235 2052 1372 2113 deorsum
1389 2054 1514 2115 tendens

153 2136 218 2221 (vel
242 2143 330 2199 etiam
353 2135 484 2221 sursum)
516 2159 647 2202 acausa
676 2142 796 2203 coelesti
824 2149 854 2202 et
884 2160 936 2220 pro
959 2159 1030 2201 snae
1053 2151 1175 2202 naturae
1199 2143 1315 2218 ingenio
1345 2143 1375 2199 in
1406 2160 1514 2219 gyrum

154 2236 316 2303 torquente,
342 2231 473 2287 vincetur
495 2230 593 2302 etiam,
617 2248 653 2290 ne
677 2239 769 2289 toturn
785 2229 923 2289 circulum
939 2247 955 2289 e
971 2231 1103 2306 supernis
1119 2239 1272 2305 acceptum
1289 2229 1366 2288 eirca
1382 2228 1514 2288 medinm

153 2315 276 2388 ordinet,
299 2314 419 2390 perinde
443 2333 478 2374 ac
500 2318 526 2374 si
549 2334 614 2376 eum
637 2321 772 2395 propriae
794 2319 949 2394 potestatis
971 2316 1100 2376 haberet.
1139 2315 1245 2375 Adhuc
1265 2317 1353 2391 igitur
1367 2333 1421 2391 per
1435 2316 1514 2378 banc

152 2422 170 2461 a
192 2412 221 2463 te
244 2401 350 2461 dictam
382 2421 500 2462 causans
529 2407 636 2480 poterit
658 2412 772 2464 cometa
797 2406 824 2461 vi
849 2404 951 2464 stellae
975 2405 1124 2463 circumire
1149 2406 1176 2461 in
1201 2402 1309 2462 circulo
1333 2402 1512 2465 almicanta-

150 2500 203 2563 rat,
228 2489 372 2548 horizonti
397 2488 548 2565 parallelo,
572 2491 643 2550 nihil
667 2492 843 2568 impediente
864 2491 993 2567 pondere
1018 2490 1064 2550 vel
1080 2491 1200 2550 levitate
1218 2491 1347 2567 corporis
1363 2493 1509 2566 cemelici,

151 2585 202 2635 ant
224 2581 249 2635 si
273 2577 320 2636 lric
343 2578 433 2637 vincit
455 2577 570 2653 pondus
595 2578 641 2638 vel
664 2578 779 2652 levitas,
804 2580 901 2638 vincet
925 2580 1045 2647 omuino
1067 2595 1186 2637 eausam
1206 2576 1372 2648 coelestem,
1396 2576 1435 2636 ad
1453 2580 1512 2637 cir-

151 2664 210 2722 culi
232 2663 313 2739 leges
338 2672 501 2735 vocantem,
526 2666 701 2743 tandemque
724 2667 800 2725 sscxu
823 2683 859 2725 ex
882 2682 973 2725 curvo
996 2673 1026 2724 ct
1047 2673 1127 2725 recto
1150 2668 1237 2724 misto
1261 2667 1289 2722 iu
1306 2663 1429 2723 Terram
1453 2667 1511 2725 im·

149 2754 260 2828 pinget,
285 2759 316 2810 ut
338 2752 419 2827 globi
443 2771 458 2810 c
482 2753 650 2812 bombardis
673 2754 777 2813 solent.

255 2840 283 2897 9.
323 2839 546 2916 Exspectabam,
572 2850 604 2899 ut
625 2841 700 2899 illud
715 2843 813 2917 potius
829 2841 1001 2911 causareris,
1025 2836 1129 2911 sidera,
1155 2855 1231 2914 quae
1246 2845 1357 2897 motum
1374 2849 1511 2901 cometae

150 2926 291 2999 inierunt,
321 2928 385 3003 ipsa
415 2943 532 3001 quoque
561 2929 638 2987 cirea
666 2936 795 2986 centrum
825 2928 953 2985 universi
976 2927 1035 3000 ire;
1064 2928 1105 2985 ita
1129 2943 1218 2984 eausa
1242 2927 1391 2986 observati
1413 2930 1509 2987 centri

149 3031 206 3071 non
232 3016 260 3069 iu
284 3015 438 3087 gravitatis
462 3023 491 3070 et
512 3013 641 3073 levitatis
664 3015 818 3073 momentis
842 3020 920 3073 esset
942 3015 1008 3085 sita,
1032 3011 1083 3072 sed
1107 3015 1135 3069 in
1160 3015 1223 3090 ipso
1247 3012 1350 3073 sidere.
1400 3015 1437 3073 et
1457 3014 1510 3074 bic

150 3099 338 3158 Aristotelem
360 3101 522 3174 speciosius
543 3100 713 3177 allegasses,
738 3100 907 3160 circularem
931 3110 1040 3158 motum
1063 3098 1258 3171 definientem,
1283 3102 1332 3175 qui
1350 3101 1427 3160 cirea
1443 3120 1508 3161 me-

148 3188 245 3260 dium3
270 3186 305 3245 de
329 3194 472 3246 astrorum
495 3191 572 3247 enim
595 3189 728 3264 coelique
753 3197 834 3246 motu
857 3186 995 3263 loquitur
1042 3187 1274 3264 Exspectabam,
1299 3190 1428 3263 inquam,
1454 3189 1508 3249 sed

148 3293 184 3334 ex
207 3272 334 3349 insidiis;
359 3272 505 3332 habebam
529 3278 604 3334 enim
628 3277 707 3351 quod
728 3291 905 3351 r.eponerem

255 3367 302 3419 10.
340 3361 414 3420 Nam
443 3364 506 3420 sive
534 3372 645 3421 motum
675 3365 799 3442 primum
823 3370 1004 3438 spectemus,
1036 3369 1183 3436 pateretur
1212 3362 1313 3435 utique
1342 3362 1506 3421 secundum

149 3448 339 3507 Aristotelem
362 3457 475 3507 cometa
497 3459 612 3525 raptum
636 3453 721 3508 istum
746 3452 798 3507 toti
821 3447 930 3507 mundo
954 3464 1153 3517 cornmuucm,
1179 3450 1266 3506 etiarn
1290 3449 1344 3506 sub
1370 3448 1456 3508 Luna
1478 3458 1510 3509 et

149 3538 177 3594 in
209 3536 340 3594 confiniis
372 3541 475 3595 a'e'reae
502 3539 629 3612 regionis
652 3540 793 3608 existens,
823 3542 855 3595 at
876 3543 1025 3612 pateretur
1048 3552 1115 3594 cum
1138 3551 1203 3592 cum
1222 3534 1340 3607 jactura
1362 3538 1455 3596 centri
1479 3549 1510 3596 et

148 3641 213 3682 eum
237 3622 344 3681 damno
368 3623 467 3681 circuli
490 3627 623 3696 maximi,
654 3644 722 3683 nam
746 3627 838 3700 primo
861 3632 942 3681 motu
965 3631 1079 3681 cometa
1103 3621 1348 3696 quemadmodum
1373 3632 1402 3681 et
1426 3633 1509 3683 ecte·

147 3727 244 3769 rarum
267 3709 418 3769 stellarum
441 3710 598 3786 pleraeque
621 3711 776 3787 plerosque
799 3727 868 3769 suos
892 3709 1010 3767 diurnos
1036 3708 1188 3784 descripsit
1210 3711 1335 3768 minores
1358 3717 1388 3768 et
1404 3709 1509 3786 paral-

147 3797 222 3857 lelos
245 3799 389 3872 maximo;
413 3799 476 3855 sive
497 3800 644 3876 proprium
669 3807 800 3858 cometae
824 3803 935 3855 motum
959 3799 1131 3868 intucamur,
1151 3795 1214 3871 jam
1239 3795 1316 3865 dixi,
1341 3795 1453 3856 nnllam
1478 3801 1509 3857 in

147 3885 229 3945 coelo
253 3884 368 3942 stellam
393 3902 465 3956 esse,
490 3901 565 3959 quac
589 3885 707 3945 eosdem
731 3904 795 3943 crrm
820 3893 934 3942 cometa
956 3885 1012 3942 isto
1036 3882 1130 3958 polos,
1154 3881 1278 3942 cundem
1294 3883 1435 3943 circulum
1452 3887 1509 3944 ob-

146 3973 359 4032 servaveritis
384 3978 464 4029 motu
488 3989 542 4030 suo
564 3976 691 4049 proprio.
730 3973 796 4030 Non
819 3973 951 4046 sequitur
974 3973 1070 4045 igitur,
1095 3980 1127 4028 nt
1142 3970 1222 4029 sidus
1238 3970 1360 4045 aliquod
1377 3971 1509 4032 eoeleste

146 4069 275 4120 centrum
299 4061 435 4130 universi,
461 4058 539 4133 quod
562 4061 663 4132 anibit,
688 4068 818 4119 cometae
842 4060 930 4116 ctiam
953 4074 1006 4115 suo
1032 4057 1080 4115 det
1102 4057 1308 4130 ambenndnm,
1332 4060 1357 4114 si
1378 4059 1509 4119 inclina-

146 4150 264 4218 tioucm,
289 4148 313 4205 si
337 4145 431 4221 polos,
454 4147 478 4202 si
504 4156 608 4220 cetera,
634 4165 708 4222 qnae
733 4150 827 4222 ipsum
850 4144 948 4217 habet,
973 4147 999 4204 ei
1023 4162 1081 4203 non
1105 4141 1333 4223 transmutati)

254 4237 301 4290 ll.
337 4234 374 4290 Et
398 4242 429 4289 ut
451 4231 488 4289 ad
511 4237 665 4308 gravitatis
688 4234 862 4292 libramenta
885 4240 1021 4303 revertar,
1046 4234 1070 4289 si
1093 4231 1196 4290 lraee'
1189 4250 1217 4288 m
1242 4248 1331 4290 causa
1354 4240 1432 4306 sunt,
1457 4251 1511 4292 eur

146 4321 225 4397 quod
249 4339 267 4379 a
290 4338 379 4380 causa
402 4337 528 4395 superna
550 4322 716 4380 incitatur
709 4340 738 4377 m
747 4320 870 4415 orbem,
894 4318 924 4376 id
948 4328 1077 4378 centrum
1101 4321 1214 4377 interim
1230 4319 1380 4378 observet:
1405 4319 1510 4380 debuit

145 4412 246 4484 utique
268 4407 325 4466 hoc
349 4410 426 4466 cirea
448 4413 558 4464 motum
581 4410 706 4483 primum
728 4388 826 4484 potius
849 4405 971 4479 efficere,
997 4424 1084 4480 qnam
1101 4407 1177 4464 circa
1192 4405 1352 4465 seeundum
1368 4423 1420 4465 seu
1437 4425 1509 4483 pro·

145 4498 247 4570 prium.
287 4493 433 4569 Quicquid
458 4496 534 4552 enim
556 4493 644 4570 thus
667 4495 755 4555 elficit
780 4493 892 4594 [sendus
908 4493 956 4552 vel
973 4492 1102 4551 levitas
1095 4511 1124 4549 m
1142 4492 1302 4552 ordinando
1319 4488 1367 4574 (ut
1383 4496 1509 4554 rationis

145 4600 231 4640 nsum
254 4583 281 4640 ei
305 4576 488 4661 indulgeam)
514 4583 620 4640 circulo
645 4591 739 4641 motus
764 4582 871 4657 proprii
896 4577 1013 4661 (idest,
1037 4578 1156 4639 astella
1179 4582 1235 4638 sibi
1260 4575 1386 4661 tributi),
1411 4589 1509 4641 totum
1534 4650 1542 4665 ·

145 4669 175 4727 id
198 4687 216 4726 a
240 4676 320 4727 motu
350 4670 497 4727 communi
526 4671 614 4728 totius
644 4669 812 4739 machinae,
841 4685 893 4742 per
923 4685 1008 4741 quem
1036 4666 1081 4723 bis
1112 4667 1175 4743 ejus
1198 4667 1440 4726 inclinationibus
1463 4678 1511 4728 est

146 4757 297 4835 transitus,
320 4758 350 4815 iu
374 4754 506 4840 singulas
528 4755 616 4817 horas
638 4774 736 4817 rursus
760 4754 983 4831 interturbatur,
1007 4755 1146 4831 quicquid
1169 4753 1306 4814 moliatur
1330 4755 1510 4821 circumacta
