3284 5520
472 362 647 436 spicilegium
663 376 698 419 cx
716 359 891 421 memento
909 357 1035 421 Guliltci.
1147 408 1149 412 .
1304 347 1308 354 ’
1335 425 1337 429 Α
1370 365 1434 434 275

81 548 211 601 neortm
238 538 277 602 de
299 549 380 602 motu
404 558 475 603 vero
497 546 806 629 cometae-excutitur.
851 542 953 623 Liceat
974 544 1063 622 igitur
1085 551 1115 603 et
1135 542 1210 601 milri
1232 545 1324 605 rerba
1346 543 1439 605 Sarsil

81 630 208 689 rlelaaim
232 636 378 689 excutere.

180 714 322 775 Sarsi:
356 716 506 794 warren
528 716 702 795 Keppierm
729 688 844 778 motam
874 724 1005 777 cometae
1024 734 1082 792 per
1104 717 1203 777 lineae
1221 714 1318 779 rectae
1340 721 1439 797 expli·
1518 708 1521 712 ’
1552 751 1555 756 -

77 821 146 863 care
169 802 346 879 contendat,
369 803 446 863 vidit
468 813 580 879 tamen,
603 809 638 864 in
661 822 738 881 qaae
757 823 787 864 ee
810 805 1002 884 difficedtatee
1023 804 1171 865 indueret.

181 889 410 969 Keppierus:
441 891 539 950 Prima
568 912 603 952 ca
630 893 685 952 luit
707 882 861 969 canoeptio
884 893 1070 968 traiectoriae
1094 893 1278 968 rectilineae,
1309 893 1440 955 nondum

71 980 199 1037 tenutis
224 979 360 1039 numeris.
407 977 562 1039 Prudentis
585 990 662 1054 erat,¹
680 980 872 1040 caudonlbus
887 981 1044 1039 verborum
1067 978 1222 1055 adhibitis,
1253 986 1296 1041 sic
1319 981 1439 1044 induere

64 1084 117 1127 me
142 1064 266 1142 laqueis
288 1067 444 1140 enunciari,
470 1075 502 1125 ut
525 1076 623 1127 tamen
647 1070 736 1127 etiam
758 1069 899 1128 extricare
922 1085 968 1126 me
990 1084 1105 1126 rursum
1128 1084 1257 1145 possem.
1302 1069 1440 1129 Difficul-

64 1162 153 1214 tatee
176 1168 239 1211 non
261 1152 409 1224 ridebam,
432 1153 485 1213 sed
508 1156 656 1228 timebam,
680 1158 706 1213 si
728 1163 839 1215 motum
863 1158 892 1214 ln
916 1163 995 1214 recta
1018 1157 1189 1215 statuissem
1211 1157 1407 1233 aequabilem.

182 1238 315 1299 Sarsi:
348 1240 454 1319 Quare
479 1259 578 1319 neque
597 1242 642 1301 ad
667 1242 793 1303 lbrram
815 1242 1100 1318 perpendicularem
1123 1260 1183 1335 ene
1206 1245 1302 1303 uoluit
1323 1252 1439 1305 motum

56 1329 169 1402 hume,
192 1326 248 1386 aed
268 1334 487 1388 transversam.

183 1412 432 1492 Keppierus:
461 1414 526 1475 Non
551 1416 689 1494 equidem
712 1434 748 1476 ca
769 1434 813 1490 re,
845 1415 924 1493 quod
948 1416 1116 1493 traJectoria
1139 1425 1217 1477 recta
1239 1434 1310 1496 prae
1333 1416 1457 1479 circulo.
1499 1481 1502 1487 ,

55 1501 271 1563 difficultates
303 1501 419 1579 aliquas
447 1513 526 1564 esset
548 1503 699 1579 habitura,
730 1503 782 1564 sed
805 1505 875 1579 quia
899 1503 981 1563 velut
1004 1507 1171 1582 oppositum
1195 1515 1240 1564 eet
1262 1507 1292 1563 in
1315 1505 1441 1581 adiecto,

61 1597 217 1651 cometae
245 1597 358 1649 motum
384 1608 436 1668 per
462 1591 660 1667 trajectoriam
683 1590 799 1652 salvere
822 1598 852 1650 et
873 1592 1071 1668 trajectoriem
1094 1594 1190 1668 ipsam
1214 1610 1230 1651 e
1252 1591 1343 1652 Terra
1367 1591 1442 1651 edu·

56 1694 157 1738 cere.
203 1675 325 1738 Scilicet
345 1676 402 1738 lroc
425 1679 522 1757 ipsum
545 1681 619 1739 iuter
642 1695 747 1740 causas
768 1681 838 1751 luit',
867 1695 919 1738 cur
947 1695 1059 1738 morum
1090 1691 1221 1739 cometae
1243 1681 1443 1757 trajecton'um

57 1765 268 1826 rectilineum
299 1765 465 1838 tribuerim,
496 1765 576 1842 quod
604 1775 671 1826 ente
700 1769 846 1841 constitit,
878 1774 1023 1826 cometam
1046 1784 1063 1826 e
1084 1765 1176 1826 'l'erra
1198 1784 1256 1825 non
1281 1770 1366 1839 exire,
1391 1766 1443 1827 sed

56 1862 199 1933 praeter
227 1851 347 1911 Terram
375 1853 459 1927 ferri,
489 1853 753 1933 appropinquando
782 1855 820 1914 ab
848 1871 907 1913 una
936 1852 1025 1933 plaga
1054 1863 1082 1913 et
1113 1873 1131 1914 a
1162 1854 1253 1915 Terra
1280 1852 1443 1915 recedendo
1544 1860 1547 1867 ‘

59 1946 110 1999 in
134 1940 272 2001 alteram.

188 2026 317 2087 Sarsi:
344 2025 448 2103 Quare
470 2045 566 2104 neque
589 2029 748 2104 aequalem
770 2046 829 2088 esee
851 2029 949 2088 uoluit
970 2037 1088 2089 motum
1111 2032 1330 2103 traiectorium.

190 2112 431 2192 Kepplerus:
457 2114 535 2188 Dixi,
558 2132 616 2174 non
639 2134 675 2175 ea
696 2133 736 2188 re,
761 2114 841 2192 quod
865 2116 988 2176 viderim
1004 2115 1200 2190 difficultates,
1225 2117 1277 2178 sed
1294 2135 1339 2189 ea,
1364 2114 1444 2192 quod

64 2203 258 2275 metuerim,
290 2209 320 2260 et
351 2209 382 2260 ut
411 2201 548 2262 haberem
576 2201 631 2261 has
653 2205 832 2262 intensiones
856 2212 885 2261 et
907 2206 1094 2264 remissiones
1117 2199 1285 2286 (ordinatas
1308 2198 1444 2285 quidem)
1571 2276 1574 2282 .

66 2289 123 2349 ad
152 2305 274 2362 means,
306 2288 413 2364 quibus
442 2306 489 2349 mc
519 2291 544 2348 si
572 2291 659 2350 ferret
686 2307 757 2349 usus
780 2309 796 2351 e
820 2288 1041 2373 difficultatibus
1066 2292 1240 2369 expedirem.
1288 2292 1445 2350 Attumne
1510 2342 1514 2351 .

66 2376 159 2436 anibi
183 2373 389 2435 difficultatum
411 2377 466 2436 suit
489 2377 1087 2453 objectumiucomerisannorum1472,
1115 2381 1207 2452 lbii,
1225 2374 1326 2451 1580,
1353 2380 1445 2450 1585,

83 2465 184 2538 1590,
212 2465 306 2538 1607,
332 2463 423 2537 1618,
447 2481 536 2541 quam
558 2463 610 2524 illo
625 2471 765 2542 tempore,
789 2482 856 2526 cum
872 2461 980 2542 Optica
994 2464 1185 2542 libellumque
1202 2466 1237 2526 de
1252 2464 1345 2526 Stella
1360 2464 1447 2524 Nova

76 2551 214 2626 ederem,
237 2556 407 2610 metuerem.

193 2635 319 2698 Sarsi:
350 2637 453 2698 Voluit
475 2646 592 2700 rnatum
614 2639 649 2699 in
669 2642 825 2715 principio
848 2648 875 2698 et
886 2640 947 2717 tine
960 2644 1129 2714 remissum,
1152 2641 1274 2699 celerem
1289 2644 1323 2699 in
1338 2641 1445 2700 medio.

85 2782 93 2795 ,
194 2722 431 2803 chplerus:
454 2725 490 2786 ld
513 2725 563 2785 illo
587 2726 705 2803 quidem
728 2735 858 2804 tempore
880 2744 940 2786 non
962 2726 1098 2804 equidem
1122 2729 1159 2787 ob
1184 2727 1447 2788 demonstrationes
1558 2722 1560 2728 ’

87 2811 210 2890 aliquas
230 2813 425 2890 geometricae
447 2831 483 2873 ex
506 2814 762 2874 observationibus
785 2821 932 2888 cometae,
963 2814 1016 2874 sed
1039 2830 1074 2875 ex
1098 2833 1177 2874 mera
1201 2815 1447 2892 contemplatione

88 2898 224 2961 belidum
252 2917 305 2961 seu
332 2900 443 2976 ignium
466 2900 676 2976 artificialium,
709 2917 783 2977 quus
805 2901 954 2962 rairetulos
977 2900 1117 2963 Germani
1140 2902 1273 2962 dicimus.
1318 2902 1394 2962 Nam
1417 2902 1447 2960 hi

93 2990 149 3048 sub
163 2988 350 3067 principium,
372 2986 490 3049 flamma
510 2988 640 3048 nondum
662 2995 805 3066 concepta
825 2991 896 3048 totis
917 2988 1034 3065 loculis,
1058 2997 1232 3051 cunctantur
1253 3007 1343 3065 seque
1366 2988 1448 3048 tarde

93 3074 164 3137 daut
185 3077 217 3133 iu
238 3082 369 3148 motum,
399 3074 457 3136 flue
487 3074 648 3137 durationis
676 3079 780 3137 iterum
808 3076 1011 3154 languescunt.
1056 3077 1170 3137 Similia
1192 3080 1336 3137 cernimus
1361 3080 1449 3137 etism

93 3167 122 3224 iu
144 3160 250 3237 mellis,
272 3168 414 3222 autumno
437 3166 573 3238 maxime,
596 3163 778 3238 cadentibus,
802 3166 858 3224 etei
879 3164 1029 3241 languoris
1051 3165 1140 3241 hujus
1163 3163 1291 3241 aliquid,
1315 3181 1450 3242 praeser-

94 3252 146 3310 tim
167 3249 258 3310 iiuem
279 3265 392 3324 versus,
415 3253 503 3310 ctiam
526 3253 622 3330 optice
645 3260 743 3329 potest
765 3254 907 3312 excusari.
944 3251 1029 3312 Nunc
1044 3262 1202 3329 postquam
1217 3263 1346 3313 cometae
1361 3252 1449 3312 modo

95 3343 337 3399 commemoratos
359 3341 493 3414 tractari,
516 3337 626 3398 nullam
650 3337 809 3398 admodum
831 3356 968 3416 magnam
991 3342 1104 3418 reperio
1120 3358 1248 3413 causam,
1273 3357 1324 3400 our
1338 3349 1450 3400 motum

95 3425 170 3487 bouc
191 3422 377 3486 rectilineum
400 3442 503 3486 versus
524 3434 680 3503 utrumque
703 3428 857 3486 terminum
880 3425 1095 3503 languidiorem
1117 3434 1261 3488 statuam:
1285 3429 1386 3503 itaque
1402 3444 1451 3486 re-

97 3512 197 3593 linquo
219 3512 297 3573 hauc
318 3513 561 3590 inaequalitatem
583 3515 613 3572 iu
636 3513 736 3574 dubio.

198 3597 328 3660 Sarsi:
353 3599 446 3660 Hunc
466 3608 585 3662 motum
606 3609 722 3661 rectum
744 3609 903 3676 praeterea
917 3600 1109 3679 fulciendum
1128 3600 1239 3661 Terrae
1255 3604 1351 3677 ipsine
1365 3608 1451 3661 motu

101 3688 244 3750 &calari
265 3688 458 3764 manmena,

196 3773 446 3852 Keppierus:
477 3774 604 3837 Perinde
629 3793 666 3835 ac
695 3777 721 3834 si
750 3777 816 3851 quis
845 3774 880 3835 de
908 3775 1043 3835 circulari
1064 3774 1214 3854 ‘l'yobonis
1237 3783 1319 3837 motu
1343 3775 1453 3836 diceret

102 3862 217 3939 niem,
248 3860 326 3922 lrunc
356 3862 439 3922 illurn
469 3870 620 3941 praeterea
646 3861 824 3922 iniciendum
855 3865 1037 3923 existimasse
1068 3872 1150 3923 motu
1178 3866 1270 3924 totius
1299 3864 1452 3923 machinae

105 3945 211 4012 burno.
256 3948 324 4009 Nou
346 3949 421 4011 ialso
443 3949 562 4028 quidem
585 3959 617 4021 at
638 3967 734 4027 neque
756 3953 872 4027 proprie
895 3951 1017 4010 dicimur
1040 3951 1187 4028 hospitem
1209 3960 1308 4026 tegere
1328 3953 1452 4027 primum

105 4036 218 4113 culcita,
250 4043 313 4098 tum
341 4046 494 4117 praetcrea
524 4039 612 4098 etlam
643 4044 720 4097 tecto
744 4037 857 4097 domus.
901 4037 1057 4115 Hospitem
1081 4041 1158 4099 enim
1180 4041 1232 4116 qui
1255 4041 1385 4115 excepit,
1417 4053 1452 4097 eo

106 4120 160 4197 ipso
182 4125 241 4185 sub
263 4131 373 4185 tentum
397 4125 507 4186 dudum
528 4127 647 4202 recepit.
686 4125 733 4185 Ita
755 4136 886 4186 cometae
909 4142 964 4203 ego
987 4128 1016 4185 in
1035 4134 1195 4203 systemate
1211 4127 1365 4201 copernici
1382 4143 1454 4203 epa·

107 4208 169 4271 tium
191 4212 343 4290 assignavi
365 4211 405 4274 ad
426 4211 630 4289 trajiciendum
651 4229 704 4289 per
725 4213 833 4273 lineam
856 4222 974 4287 rectam,
998 4221 1028 4272 at
1048 4216 1077 4271 in
1093 4220 1253 4292 systemate
1269 4210 1319 4272 illo
1335 4221 1454 4289 prepter

109 4306 241 4361 nmemm
263 4298 372 4378 trajicit
393 4302 481 4361 etiam
504 4298 570 4379 (sed
593 4306 675 4361 motu
698 4300 843 4378 circulari)
866 4304 951 4360 navis
967 4301 1027 4375 illa,
1052 4318 1128 4377 quae
1143 4307 1337 4379 spectatorem
1353 4316 1454 4360 come·

109 4387 145 4447 ite
166 4386 259 4449 sebit.
304 4386 359 4448 Vis
381 4389 465 4464 scire,
488 4387 578 4463 Sarsi,
602 4386 673 4464 quid
696 4388 924 4448 existimaverim
946 4388 1027 4465 ego?

199 4474 329 4536 naret:
357 4482 394 4535 rrt
415 4479 523 4537 omnia
546 4483 733 4535 cometamm
751 4476 967 4551 phaenomena
989 4476 1161 4551 explicaret,

200 4556 440 4637 Kepplerus:
474 4563 618 4623 Nimirum
647 4562 704 4622 hoc
734 4565 913 4623 existimavi:
946 4562 1128 4640 quarundam
1160 4563 1396 4642 apparentiarum
1425 4563 1454 4618 in

112 4637 254 4706 latitudine
275 4655 407 4711 cometae
428 4653 572 4711 rationem
594 4649 676 4710 reddi
699 4665 757 4708 non
780 4668 867 4728 posse
890 4668 923 4709 ex
946 4652 1092 4728 positione
1106 4660 1203 4709 motus
1220 4649 1368 4709 circularis
1383 4650 1455 4707 eim-

112 4728 183 4807 plicis
203 4734 234 4793 ln
255 4749 315 4794 uno
339 4742 369 4795 et
391 4736 495 4798 eodem
518 4738 617 4817 pleno,
640 4745 671 4796 at
693 4753 781 4814 posse
804 4756 840 4798 cx
862 4747 931 4798 ante
953 4740 1050 4818 posito
1066 4745 1147 4797 motu
1163 4739 1333 4815 spectantis,
1358 4737 1456 4795 omnia

113 4818 215 4884 Merca
243 4822 436 4884 cummuniter
462 4824 623 4901 alliciente,
653 4826 771 4886 etiamsi
798 4824 883 4886 uuila
909 4842 990 4887 nova
1021 4832 1168 4903 ponentur
1198 4826 1343 4903 principia
1369 4824 1458 4901 juxta

1178 4932 1248 4990 18*
