3284 5520
213 319 279 387 230
712 314 848 384 tychonis
867 314 1077 385 Hyperaspistca

214 517 269 575 ego
292 496 330 556 ad
353 496 548 555 connexiones
579 505 608 554 ct
636 493 840 554 adstrictiones
862 511 944 553 rneas
966 494 1108 554 tortiores.
1155 492 1237 568 Quae
1260 498 1338 554 enim
1361 497 1424 573 ipse
1446 494 1575 555 animose

215 604 247 644 se
271 584 439 661 petavitin
462 584 607 641 terrestri
630 590 749 659 captos,
782 599 837 657 ego
869 580 1066 641 demonstravi
1098 581 1189 657 ligata
1216 599 1333 643 manere
1354 583 1386 641 in
1409 582 1493 644 coelo
1517 580 1574 642 dc·

215 673 465 732 monstrationum.

320 760 348 815 4.
386 757 585 815 Veruntamen
617 771 681 812 cum
713 763 827 813 cometa
856 755 904 813 hic
934 754 1037 814 diebus
1063 762 1090 816 1.
1114 758 1145 813 2.
1169 755 1268 816 Martii
1291 773 1350 816 non
1372 755 1520 817 occideret
1543 758 1572 814 in

213 846 287 907 treto
309 847 397 904 maris
420 842 541 913 Baltici,
565 858 672 900 novam
692 840 794 918 Tycho
818 840 1054 902 commoditatem
1077 850 1198 915 nactus,
1231 861 1318 920 quam
1341 846 1371 901 in
1393 846 1497 904 ceteris
1519 861 1572 903 co·

213 934 299 992 metis
322 948 381 991 non
404 930 516 1002 habuit,
540 928 715 987 observandi
737 929 910 1005 parallarin,
934 947 999 987 eam
1022 947 1078 989 non
1102 929 1239 1006 neglexit.
1278 930 1321 991 Ea
1343 930 1438 991 torma
1453 928 1572 1008 quidem

214 1018 391 1079 observandi
415 1017 522 1088 didert,
546 1026 577 1074 at
600 1033 629 1075 re
654 1033 723 1074 vera
747 1034 812 1075 cum
835 1016 900 1075 aliis
923 1017 1017 1075 modis
1041 1016 1193 1091 coincidit,
1217 1019 1268 1093 qui
1292 1016 1455 1095 parallaxin
1478 1017 1573 1078 decli·

213 1107 342 1165 nationis
365 1106 512 1179 detegunt.
551 1102 625 1161 Nam
651 1111 766 1162 cometa
788 1106 815 1160 in
840 1104 940 1163 circuli
963 1103 1115 1164 meridiani
1136 1112 1219 1180 parte
1242 1106 1370 1165 existens
1392 1108 1572 1182 septentrio·

214 1193 283 1267 nali,
307 1192 468 1269 paraliaxiu
491 1190 583 1249 babet
610 1189 732 1250 eandem
756 1201 786 1250 et
808 1190 1011 1251 declinationis
1034 1200 1064 1251 et
1085 1191 1259 1251 altitudinis.
1298 1192 1431 1268 Cumque
1450 1200 1521 1252 tunc
1535 1195 1573 1252 sit

214 1279 404 1351 humillimus,
429 1278 583 1356 plurimum
610 1280 697 1337 ctiam
722 1277 815 1337 diflert
838 1279 901 1353 ejus
924 1277 1092 1354 parallaxis,
1116 1282 1140 1337 si
1164 1296 1253 1354 quam
1270 1278 1369 1352 habet,
1393 1279 1574 1356 aparallaxi

214 1366 346 1443 ejusdem
373 1366 506 1425 altissimi
535 1365 615 1424 tecti.
663 1366 751 1440 Atqui
780 1364 990 1425 declinationes
1013 1368 1041 1423 in
1066 1365 1189 1426 diversis
1211 1367 1316 1426 sitibus
1339 1366 1443 1444 'tycho
1467 1368 1573 1427 obser-

215 1457 297 1515 varit
328 1471 386 1513 non
415 1453 527 1512 ditierrc
558 1453 595 1511 ab
626 1453 751 1511 invicem
779 1453 860 1528 plus,
893 1471 980 1528 quam
1011 1455 1179 1529 requirebat
1207 1455 1331 1513 mutatio
1353 1462 1452 1514 motus
1475 1453 1573 1515 diurni

214 1542 293 1601 horis
322 1541 487 1616 interlapsis
516 1539 651 1615 analoga.
677 1540 775 1615 ·Ergo
806 1539 963 1617 parallaxis
994 1543 1023 1599 in
1055 1539 1251 1601 declinatione
1278 1543 1404 1601 mutavit
1432 1542 1507 1601 nihil
1536 1561 1575 1602 ac

213 1627 335 1706 proinde
357 1627 441 1687 nulla
461 1627 527 1686 tuit

319 1716 348 1774 5.
386 1712 533 1774 Gratulari
566 1712 666 1772 debuit
695 1716 751 1772 arti
780 1719 898 1774 nostrae
928 1713 1144 1773 Claramontius
1172 1713 1210 1775 de
1239 1722 1283 1775 tot
1311 1713 1574 1774 commoditatibus

214 1803 453 1862 observationum
477 1800 571 1876 dequc
587 1800 736 1878 Tychonis
759 1799 910 1874 industria,
935 1804 984 1877 qui
1008 1800 1265 1862 commoditatibus
1288 1805 1349 1862 suis
1364 1803 1502 1878 nuspiam
1518 1800 1574 1861 dc-

214 1890 277 1949 luit.
324 1890 365 1948 At
394 1910 524 1967 aparrjpra
553 1888 660 1947 dixeris
685 1890 713 1945 in
736 1888 801 1963 ipso
825 1906 961 1965 perversa
984 1892 1091 1963 ingenii
1114 1889 1322 1965 philosophici.
1366 1888 1443 1947 Nam
1464 1890 1574 1965 spretis

214 1976 361 2049 omnihus,
385 1992 461 2052 quac
484 1977 603 2033 maximi
626 1977 815 2034 aestimantur
837 1995 856 2033 a
874 1975 1065 2052 pbilosophis,
1089 1993 1143 2036 nec
1164 1984 1303 2052 satagens
1327 1979 1440 2035 riarum
1460 1975 1502 2035 ad
1525 1978 1575 2034 in·

214 2063 418 2139 vestigandam
443 2065 609 2134 veritatem,
634 2061 670 2119 ari
695 2061 723 2120 id
746 2062 840 2121 solum
864 2066 989 2139 respicit,
1014 2063 1093 2140 quod
1116 2065 1178 2139 ipse
1200 2065 1258 2124 sibi
1275 2072 1467 2142 proposuerat
1483 2080 1575 2140 pera·

212 2149 355 2228 gendum,
381 2169 439 2227 quo
459 2149 544 2225 jure,
569 2167 628 2225 qua
650 2149 774 2224 injuria,
797 2149 835 2208 ad
859 2150 1051 2210 convellenda
1074 2151 1187 2210 scilicet
1209 2169 1257 2225 ea,
1289 2169 1364 2227 quae
1388 2169 1406 2210 a
1428 2150 1574 2228 Typhone

212 2239 288 2299 benc
317 2245 386 2297 snut
415 2239 582 2297 constituta.
628 2236 775 2297 Breviter:
806 2236 925 2297 dimissa
954 2241 1076 2297 veritate
1100 2240 1194 2296 virurn
1217 2241 1415 2315 persequitur,
1446 2256 1483 2297 ex
1507 2238 1574 2313 ejus

214 2324 411 2386 debellatione
433 2324 557 2401 gloriam
579 2333 757 2399 aucupatur,
780 2326 804 2383 si
829 2325 875 2384 vel
900 2327 1052 2384 veritatem
1075 2328 1167 2402 ipsam
1190 2343 1277 2401 super
1299 2344 1335 2385 ca
1357 2343 1387 2384 re
1411 2325 1573 2401 impendat.

318 2414 347 2473 6.
386 2412 470 2471 Vidit
492 2411 594 2489 'l'ycho
618 2421 774 2484 cometam,
798 2415 821 2469 si
845 2415 873 2468 in
897 2415 1095 2487 septentrione
1117 2413 1230 2471 coelum
1254 2413 1411 2486 mediaret,
1437 2413 1573 2472 retractis

213 2502 251 2561 oh
280 2499 475 2559 humilitatem
504 2497 592 2557 radiis
618 2501 808 2558 instrumenta
831 2499 914 2560 terirc
938 2516 1032 2575 eoque
1054 2501 1243 2560 retractiones
1265 2501 1304 2559 ab
1327 2500 1391 2575 ejus
1413 2498 1574 2559 altitudine

213 2587 415 2660 removendas,
439 2596 468 2647 et
490 2589 561 2663 quia
583 2603 639 2645 ucn
656 2586 729 2646 adeo
746 2594 846 2647 exacte
862 2585 1009 2646 fidendum
1024 2595 1087 2647 erat
1102 2587 1228 2647 tabellae
1243 2587 1449 2648 retractienuru
1465 2586 1574 2647 diebus

214 2676 358 2748 omnibus,
382 2692 432 2751 per
455 2674 542 2733 fixam
568 2675 655 2749 igitur
678 2673 840 2733 altitudinis
863 2673 994 2749 ejusdem
1017 2674 1171 2751 indagavit
1192 2674 1241 2735 die
1263 2674 1366 2735 eodem
1386 2673 1573 2735 retractionis

213 2761 387 2824 auferendae
411 2762 613 2839 quantitatem.

321 2853 349 2908 7.
377 2848 434 2909 Hic
457 2866 526 2925 ergo
543 2847 758 2907 claromontius
780 2848 877 2908 locum
901 2846 1068 2924 designavit
1090 2865 1145 2908 suo
1168 2848 1297 2920 insultui,
1322 2865 1381 2923 qna
1395 2847 1573 2926 Tychonem

212 2955 245 2996 se
277 2936 351 2996 vidit
380 2939 493 2997 munire
524 2938 690 3010 operosius,
722 2935 892 2994 infirmiores
916 2953 966 2994 cas
989 2945 1086 3013 partes
1108 2943 1197 2995 ratus.
1243 2934 1438 2996 Munitionem
1460 2937 1573 2996 invasit

214 3026 317 3099 ipsam.
356 3023 453 3099 Negat
476 3021 621 3083 credenda
644 3040 707 3081 esse
731 3021 864 3099 Tychoni
888 3024 993 3096 omnia,
1018 3040 1210 3098 quaecuuque
1234 3023 1270 3081 de
1293 3022 1464 3085 retractione
1489 3023 1572 3086 dicit.
1633 3092 1638 3097 ,

212 3112 271 3169 Cur
303 3111 423 3169 autem?
455 3109 547 3185 Quia,
579 3111 688 3185 inquit,
719 3109 821 3186 Tycha
851 3109 1051 3169 retractionem
1075 3113 1150 3170 intra
1172 3127 1268 3187 pauca
1291 3111 1405 3170 minuta
1426 3113 1572 3185 continet,

213 3215 289 3273 quae
312 3200 374 3273 ipse
389 3197 489 3275 Scipio
513 3196 651 3256 extendat
673 3200 703 3256 in
726 3196 833 3256 multos
855 3196 973 3273 gradus.
1011 3197 1130 3258 Scilicet
1149 3200 1206 3258 hoc
1220 3198 1347 3258 retntare
1361 3200 1419 3257 est!
1443 3199 1500 3258 nis
1516 3200 1572 3259 tul

212 3285 276 3361 Ego
300 3302 392 3362 nego:
416 3283 508 3344 taisus
531 3286 619 3360 igitur
642 3293 681 3343 tu.

319 3374 346 3431 8.
379 3372 438 3431 Sed
462 3383 490 3432 et
513 3371 630 3430 modum
654 3379 783 3447 quassat,
808 3389 866 3447 quo
889 3371 992 3448 Tycho
1015 3373 1217 3432 retractionem
1233 3392 1251 3431 a
1265 3377 1398 3432 cometae
1412 3372 1571 3434 altitudine

212 3462 345 3519 removit.
386 3459 452 3518 Non
475 3461 614 3535 sequitur,
640 3461 741 3534 inquit,
765 3458 839 3517 fixae
862 3458 996 3517 retractio
1021 3467 1065 3518 est
1080 3468 1171 3530 tanta,
1195 3475 1263 3533 crgo
1286 3467 1316 3518 et
1335 3467 1467 3519 cometae
1492 3470 1570 3520 tem·

211 3563 281 3622 porc
305 3547 406 3606 eodem
431 3549 459 3603 in
480 3545 633 3605 altitudine
656 3545 766 3605 eadem.
804 3546 862 3604 Cur
885 3545 1005 3604 autem?
1037 3544 1114 3621 Quia
1136 3546 1194 3605 lixa
1217 3546 1307 3605 distat
1329 3564 1348 3605 a
1370 3553 1468 3607 centro
1493 3547 1571 3608 ‘Per-

211 3650 262 3693 rae
291 3632 407 3709 longius
437 3651 525 3709 quarn
557 3642 680 3692 cometa
726 3635 765 3692 At
787 3649 841 3691 nos
860 3633 923 3707 jam
946 3633 1127 3692 ostendimus
1150 3629 1258 3714 (verba
1280 3629 1458 3713 Scipionis),
1491 3651 1572 3709 quae

212 3722 349 3799 propiora
378 3730 446 3779 sunt
473 3728 589 3791 centro,
618 3721 757 3796 majorem
785 3721 985 3780 retractionem
1018 3724 1088 3797 pati.
1133 3721 1236 3795 Neque
1262 3728 1295 3779 tu
1324 3721 1381 3781 boc
1403 3720 1571 3794 ostendisti,

211 3825 306 3884 neque
331 3824 429 3867 verum
453 3817 506 3866 est.
553 3808 613 3865 Aut
635 3807 832 3879 hallucinatio,
855 3809 910 3867 sub
935 3809 1080 3868 vocabulo
1103 3809 1283 3868 retractionis
1305 3808 1472 3883 parallaxin
1493 3810 1571 3869 suh-

149 3907 153 3913 '
211 3913 329 3955 sumens
360 3891 444 3977 (nam
474 3894 589 3954 dehac
612 3913 711 3954 verum
735 3904 813 3955 esset
834 3890 1040 3975 affirmatum),
1073 3907 1125 3954 ant
1152 3897 1178 3952 si
1206 3896 1301 3954 sciens
1328 3894 1364 3954 de
1393 3895 1572 3957 retractione

121 4045 125 4055 ,
210 3983 369 4058 scripsisti,
401 3979 582 4057 ablegandus
611 4000 642 4040 es
671 3985 700 4039 in
729 3982 845 4041 scholas
868 3985 1044 4057 opticorum,
1074 3990 1107 4041 nt
1129 3981 1238 4054 diseas,
1270 3981 1341 4040 nihil
1365 3983 1504 4043 iuteresse
1529 3983 1571 4044 ad

212 4071 392 4130 retractionis
415 4069 570 4145 angulum,
594 4069 698 4145 longus
722 4088 758 4128 an
784 4071 880 4128 brevis
903 4071 942 4128 sit
962 4069 1075 4141 radius,
1099 4072 1149 4145 qui
1172 4072 1201 4128 in
1224 4068 1351 4129 medium
1375 4069 1495 4130 densius
1519 4072 1572 4131 in·

211 4157 312 4218 cidens
334 4158 508 4233 retringitur.

317 4247 346 4304 9.
378 4244 453 4303 Nam
476 4245 530 4303 etsi
554 4253 583 4303 et
605 4243 707 4320 Tycho
732 4244 822 4302 videri
844 4247 937 4319 possit
954 4245 1082 4303 imbutus
1096 4244 1152 4302 hac
1168 4260 1288 4302 erronea
1304 4245 1452 4319 opinione,
1474 4261 1571 4322 prop-

212 4339 291 4393 terea
319 4332 398 4407 quod
429 4334 458 4388 in
482 4330 551 4390 Sole
580 4339 609 4388 et
632 4331 716 4390 Luna
744 4333 869 4406 majores
897 4333 1002 4390 statuit
1029 4331 1215 4390 retractiones
1246 4349 1335 4405 quam
1367 4335 1395 4389 in
1422 4331 1504 4404 fixis,
1536 4342 1572 4393 at

212 4438 318 4480 causac
341 4420 378 4479 ad
401 4418 466 4478 illas
490 4417 639 4493 augendas
659 4411 833 4477 concurrunt
848 4419 956 4495 plures,
980 4418 1138 4493 dequibus
1155 4420 1304 4495 partimin
1322 4420 1436 4495 opticis,
1460 4422 1571 4495 partim

213 4507 299 4582 alihi;
323 4507 391 4568 illae
415 4523 485 4565 vcro
509 4523 615 4565 causae
639 4505 709 4564 nibil
732 4507 771 4565 ad
793 4513 922 4565 cometas
945 4508 1097 4581 pertinent.

319 4602 368 4655 10.
399 4592 535 4653 Secunda
551 4593 739 4653 claramontii
763 4595 902 4653 instantia
924 4595 1029 4670 repetit
1052 4594 1139 4652 toties
1158 4592 1221 4667 jem
1239 4592 1409 4668 proculcata
1424 4591 1461 4655 de
1475 4610 1572 4669 regu·

211 4681 326 4741 laritate
349 4688 446 4743 motus
468 4680 580 4753 diurni,
605 4697 664 4756 qua
687 4681 845 4755 convulsa,
869 4681 948 4756 quod
970 4681 1076 4738 trustra
1093 4680 1204 4755 jactat,
1228 4679 1334 4739 trustra
1356 4682 1443 4740 etiam
1466 4689 1571 4757 sperat

213 4770 355 4831 ruiturum
379 4769 528 4850 Tycbouis
550 4777 761 4845 argumentum,
785 4776 818 4829 ut
839 4768 918 4846 quod
940 4769 1047 4847 partim
1060 4783 1119 4826 non
1134 4769 1236 4828 nititur
1250 4767 1438 4845 regularitate
1452 4768 1572 4831 scilicet
