3284 5520
211 368 276 436 164
704 368 908 438 Hyperaspistis
927 369 1063 438 l‘ychonis

211 553 292 607 erant
315 548 434 605 innoxia
457 545 642 605 cordatorum
666 564 747 606 arma
767 545 923 624 studiaque
939 547 1124 608 Christianae
1144 543 1325 622 reipublicae
1340 543 1440 603 utilia:
1465 541 1571 602 deien-

211 633 278 693 dere
301 633 490 693 imbecillium
514 650 586 710 upes
609 644 709 694 eontra
732 642 874 711 raptores,
897 653 1028 695 asserere
1042 635 1160 694 feminei
1175 649 1262 694 sexus
1278 630 1449 708 pudicitiam
1466 639 1571 690 contra

210 722 379 795 violatores,
402 721 509 781 samam
532 739 615 780 suam
639 724 894 798 innocentiamque
918 732 1018 783 corrtra
1034 722 1251 781 criminationes
1266 720 1391 796 injustas
1407 717 1569 790 vindicare,

207 809 320 870 scelera
342 808 535 884 degeneribus
557 811 747 887 exprobrare,
771 810 896 870 ademtis
918 812 1021 884 armis,
1045 807 1205 869 interdictis
1227 805 1413 880 hastiludiis,
1436 818 1489 865 ant
1510 823 1569 864 ne-

208 897 347 973 gantibus
370 894 470 954 oblato
494 895 603 955 duello.

313 983 524 1043 Successerunt
545 983 655 1054 secula,
682 984 790 1059 quibus
813 990 843 1043 et
864 982 908 1041 bia
931 984 1061 1042 moribus
1084 983 1163 1041 fraus
1187 982 1317 1057 obrepsit
1340 985 1369 1039 et
1391 978 1568 1039 altrinsecus

209 1073 327 1147 ingenio
355 1087 474 1146 qnoque
497 1072 619 1147 proiecit
641 1088 734 1147 genus
755 1071 915 1130 lmmannm
937 1070 1150 1147 pulchrumque
1173 1069 1274 1129 haberi
1297 1075 1433 1144 coeptum
1455 1066 1568 1125 nobili-

210 1159 272 1232 tati,
297 1176 377 1217 arma
401 1160 431 1214 in
454 1166 569 1235 promtu
592 1158 709 1232 babere,
734 1157 825 1217 literis
849 1175 867 1216 a
889 1160 987 1233 pueris
1010 1159 1119 1230 imbui,
1142 1158 1251 1216 lamam
1274 1155 1391 1229 ingenio
1415 1171 1568 1231 quaerere.

209 1244 252 1303 Ex
276 1262 335 1321 quo
359 1252 488 1321 tempure
510 1244 582 1304 nulli
605 1246 821 1323 provinciarum
838 1239 1014 1304 Germaniae
1030 1247 1118 1306 cessit
1132 1247 1228 1320 patria
1242 1241 1440 1318 nobilitasque
1456 1252 1566 1301 vestra.

208 1332 262 1391 Est
289 1335 320 1389 in
349 1332 447 1391 Dania
468 1333 639 1393 Halnieusis
670 1332 837 1407 academia,
868 1350 945 1408 qnae
976 1349 1041 1392 cnm
1070 1331 1248 1391 Germaniae
1277 1329 1458 1406 singulamm
1489 1346 1567 1408 pene

210 1421 425 1496 provinciarum
450 1419 573 1496 singulis
597 1419 755 1480 academiis
778 1422 1001 1496 aequiparetur,
1030 1429 1100 1478 sunt
1122 1418 1282 1495 quotannis
1304 1417 1396 1476 crebri
1420 1434 1473 1493 per
1495 1433 1567 1476 aca-

210 1505 321 1565 demias
336 1505 521 1580 Germaniae,
547 1508 637 1566 crebii
661 1525 711 1585 por
725 1507 830 1567 ltaliae
853 1515 942 1583 atque
958 1505 1075 1567 Galliae
1098 1505 1300 1566 adolescentes
1315 1503 1455 1563 Cimbrici
1477 1505 1567 1562 nobi-

208 1593 320 1665 lissimi,
345 1611 419 1671 quus
441 1598 516 1655 inter
538 1605 572 1653 ut
593 1612 726 1671 gemmae
750 1597 778 1652 in
802 1612 874 1653 auro
897 1593 1032 1671 splendet
1053 1594 1190 1672 frequens
1213 1607 1320 1652 noman
1342 1590 1536 1651 Braheorum.

313 1682 353 1741 At
381 1699 439 1742 non
469 1690 623 1742 contentus
654 1681 771 1757 vulgari
800 1679 972 1742 eruditionis
994 1681 1082 1741 laude
1105 1680 1223 1758 gentilis
1247 1679 1295 1738 illc
1320 1685 1416 1738 vester
1438 1678 1565 1756 'l'ycho

207 1768 371 1830 Braheus
394 1772 502 1828 exarsit
522 1771 619 1829 animo
634 1770 869 1845 generosissimo,
893 1776 927 1828 ut
949 1787 1014 1829 eam
1037 1778 1160 1848 partem,
1184 1785 1259 1843 quas
1283 1769 1373 1825 totius
1395 1765 1566 1826 literaturae

208 1873 274 1915 cum
301 1860 340 1916 sit
367 1854 554 1930 difficillima,
584 1858 838 1933 praestantissima
866 1865 964 1916 tamen
992 1858 1212 1932 certissimaque
1235 1861 1295 1927 est,
1324 1869 1383 1912 non
1407 1861 1567 1930 occuparet

207 1949 336 2015 tantum,
360 1943 412 2002 sed
436 1946 551 2020 penitus
574 1942 725 2021 perficeret
746 1961 824 2018 aque
846 1946 949 2003 naevis
971 1948 1034 2003 suis
1058 1943 1232 2016 vindicaret,
1263 1959 1356 2017 eaque
1379 1943 1509 2013 ratione,
1534 1949 1566 1999 nt

208 2029 277 2089 olim
301 2030 410 2090 Cimbri
440 2030 482 2088 illi
512 2033 627 2107 antiqui
656 2029 795 2090 mortales
825 2039 937 2091 cetoros
968 2030 1056 2091 armis
1085 2033 1196 2091 anteire
1226 2029 1344 2105 gloriari
1374 2027 1455 2087 haud
1485 2045 1564 2087 vano

207 2119 365 2197 praeconio
388 2127 456 2177 eunt
477 2117 567 2191 soliti,
591 2121 634 2177 sic
656 2119 719 2196 ipse
741 2116 984 2197 philosophorum
1006 2118 1115 2195 vulgus
1137 2119 1334 2195 promiscuum
1349 2117 1473 2175 scientis
1488 2132 1564 2192 ope-

205 2206 345 2280 ribusque
367 2214 517 2282 superaret
540 2222 667 2280 vereque
690 2213 766 2265 essct
784 2204 822 2280 id,
846 2205 924 2281 quod
941 2205 1029 2267 hodie
1045 2206 1217 2279 celebratur,
1241 2203 1407 2263 Phoenix
1431 2203 1565 2261 Astro-

91 2372 93 2377 .
205 2308 411 2353 nemorum.

309 2380 372 2438 Etsi
396 2395 466 2438 vero
490 2380 717 2439 constantissimi
743 2381 787 2437 vir
809 2381 967 2457 propositi,
992 2397 1058 2440 cnm
1081 2379 1272 2456 intelligeret,
1296 2377 1372 2437 bane
1394 2376 1432 2436 ad
1455 2384 1565 2438 metam

205 2466 263 2525 sibi
285 2469 453 2543 properanti
476 2465 684 2543 impedimento
707 2466 820 2526 tuturos
836 2468 948 2543 patriae
963 2484 1035 2527 suae
1051 2484 1155 2540 mores,
1180 2467 1295 2527 diverse
1311 2466 1473 2542 proposito,
1495 2464 1565 2524 lau-

205 2553 297 2611 dabili
325 2561 422 2614 tamen
451 2562 481 2613 et
508 2553 576 2626 illo,
607 2553 806 2626 tendentium,
838 2570 944 2629 magno
973 2562 1003 2615 et
1030 2555 1095 2614 iorti
1125 2553 1247 2614 consilio
1276 2555 1376 2612 munia
1397 2551 1565 2611 nobilitatis

204 2638 347 2700 hactenus
369 2642 512 2701 recensita
536 2642 687 2701 vobiscum
710 2642 871 2716 gentilibus
893 2643 954 2701 suis
977 2645 1019 2701 ita
1041 2643 1167 2718 partitus
1190 2649 1248 2715 est,
1279 2646 1313 2699 nt
1342 2638 1429 2698 vobis
1458 2643 1565 2699 ceteris

204 2725 323 2787 landem
344 2727 521 2804 relinqueret
544 2731 585 2788 rei
608 2729 741 2789 militarie
764 2731 793 2787 in
817 2727 944 2788 solidum
968 2731 1107 2805 vitaeque
1129 2746 1223 2804 genus
1244 2727 1289 2786 illi
1310 2726 1421 2805 gloriae
1436 2742 1565 2786 cousen-

204 2822 323 2874 taneum
347 2818 519 2890 (veneratus
542 2815 678 2891 equidem
701 2814 775 2876 hoec
797 2818 862 2893 ipsa
883 2818 912 2873 in
936 2816 1053 2895 vobis),
1077 2818 1141 2892 ipse
1164 2818 1255 2875 vitam
1278 2816 1377 2891 potius
1400 2812 1564 2890 amplecte·

202 2909 282 2961 retur
309 2901 559 2982 philosophicam,
592 2905 714 2962 seorsim
738 2922 756 2962 a
778 2906 901 2981 strepitu
932 2900 1122 2964 collocatam:
1154 2922 1190 2963 ea
1218 2903 1373 2962 tamenin
1407 2901 1496 2963 vobis
1519 2909 1565 2961 est

200 2987 305 3063 judicii
329 2989 502 3063 dexteritas,
532 3007 567 3048 ca
588 2991 744 3067 prudentia
766 2992 794 3047 in
818 3007 913 3049 rerum
938 2992 1158 3064 aestimatione,
1189 2992 1214 3048 is
1237 2991 1352 3049 virtutis
1375 2989 1564 3049 omnimodus

204 3093 296 3148 amor,
321 3084 354 3134 nt
376 3079 450 3135 tanti
474 3074 601 3152 talisque
623 3076 741 3153 gentilis
765 3079 854 3136 vestri
877 3094 931 3136 vos
954 3077 1064 3153 pudeat
1078 3095 1276 3155 nequaquam,
1300 3077 1369 3153 quin
1384 3077 1496 3152 potine,
1521 3078 1564 3135 uti

206 3165 307 3221 vivum
331 3162 428 3222 adhuc
450 3165 539 3239 inque
562 3166 658 3239 patria
680 3172 845 3224 versantem
868 3164 1000 3224 coluistis
1023 3182 1077 3225 ros
1100 3168 1170 3243 ipsi,
1205 3182 1240 3225 ex
1264 3181 1300 3224 ea
1322 3163 1486 3241 digressum
1510 3180 1564 3223 co-

203 3249 284 3310 luere
307 3248 452 3309 Runzovii
476 3254 610 3327 cognati,
639 3251 867 3329 populosissima
889 3269 977 3328 gens,
1007 3260 1090 3312 tauto
1113 3253 1215 3329 majori
1239 3253 1361 3311 caritate
1385 3251 1454 3324 viri,
1478 3250 1561 3328 qnod

204 3345 302 3397 essent
324 3345 353 3397 et
375 3338 430 3416 ipsi
454 3338 649 3398 consimilium
672 3338 808 3398 decorum
832 3342 861 3397 in
885 3356 940 3398 sua
960 3349 1048 3415 gente
1070 3341 1127 3399 sibi
1150 3341 1272 3415 conseii;
1295 3355 1408 3397 rursum
1431 3337 1561 3415 Pragam

204 3432 320 3484 euntem
350 3425 450 3501 ibique
481 3433 644 3485 versantem
675 3425 806 3485 coluistis
829 3443 845 3485 e
866 3427 983 3486 Danica
1011 3427 1166 3487 nobilitate
1194 3428 1367 3503 promiscui,
1401 3427 1425 3484 si
1450 3427 1560 3500 quibus

204 3515 322 3571 occasio
351 3512 487 3573 veniendi
510 3512 717 3573 transeundive
744 3509 836 3594 (qnos
859 3515 933 3572 inter
954 3515 1072 3572 memini
1095 3514 1185 3573 luisse
1207 3515 1416 3591 praecipuique
1438 3511 1561 3572 honoris

204 3614 294 3658 causa
316 3599 525 3659 nominandum
548 3600 620 3658 mibi
644 3601 729 3660 rideo
752 3600 899 3660 illustrem
922 3609 951 3660 et
974 3599 1156 3661 Generosnm
1179 3601 1216 3659 D.
1237 3601 1353 3660 Ericum
1368 3598 1464 3659 Brahe
1480 3599 1561 3661 Sue-

204 3702 286 3759 eum,
315 3685 459 3746 Comitem
489 3686 524 3746 de
554 3687 736 3761 Wittehom,
767 3686 909 3748 Poloniae
932 3687 1022 3765 Regis
1051 3689 1264 3762 consiliarium,
1298 3687 1381 3763 eujus
1411 3689 1440 3745 in
1469 3686 1559 3762 ulnis,

203 3779 374 3849 aspectante
397 3792 460 3847 me,
483 3792 613 3834 summus
637 3777 681 3834 vir
704 3772 896 3856 exspiravit),
920 3778 962 3835 sic
985 3777 1072 3835 etiam
1096 3793 1131 3835 eo
1154 3778 1217 3834 vita
1238 3774 1426 3834 laudabiliter
1446 3774 1559 3849 iuncto,

202 3862 306 3920 ceteris
328 3862 497 3921 nationibus
520 3879 609 3939 opera
632 3863 695 3939 ejus
720 3862 767 3922 rel
787 3863 999 3922 admirantibus
1016 3863 1063 3922 vel
1079 3863 1317 3941 exspectantibus
1332 3860 1461 3921 nondum
1477 3861 1560 3922 edita

202 3948 370 4024 samumque
392 3950 517 4009 nominis
541 3949 604 4025 ejus
627 3951 720 4026 magis
743 3953 895 4027 magisque
918 3949 1205 4025 concelebrantibus,
1230 3966 1284 4010 vos
1305 3966 1422 4026 quoque
1444 3948 1558 4010 honore

201 4035 265 4111 ejus
287 4035 460 4111 gentilitatis
479 4037 545 4114 jure
568 4037 703 4113 gaudetis
725 4040 845 4110 merito,
879 4054 945 4097 eum
968 4038 1056 4115 igitur
1078 4046 1188 4097 sartum
1211 4044 1300 4114 atque
1322 4044 1430 4097 tectum
1453 4045 1558 4097 eusto-

203 4123 279 4197 dire,
305 4125 499 4199 quantumin
523 4123 608 4183 vobis
631 4127 736 4199 sitnm,
760 4133 879 4202 paratos
903 4142 956 4184 vos
979 4142 1061 4200 esec,
1085 4126 1156 4184 mibi
1180 4127 1267 4185 etiarn
1291 4125 1406 4185 absenti
1427 4124 1461 4183 fit
1483 4142 1557 4186 con-

201 4218 380 4272 sentanenm.

304 4298 388 4360 Haec
410 4306 548 4379 reputans
572 4315 636 4376 ego,
664 4316 729 4359 cnm
753 4306 884 4359 exortum
908 4297 1037 4359 viderem
1059 4298 1193 4376 Tychoni
1217 4307 1316 4360 vestro
1340 4305 1406 4378 post
1429 4304 1473 4357 tot
1490 4297 1556 4374 jam

200 4398 292 4444 annos
323 4386 522 4449 adversarium
555 4389 584 4444 in
618 4385 706 4446 Italia
737 4387 935 4462 periniquum,
968 4387 1018 4462 qni
1047 4393 1077 4448 et
1104 4385 1179 4446 ialsa
1209 4389 1329 4446 erimina
1357 4389 1504 4463 ingereret
1527 4394 1557 4447 et

201 4469 347 4534 doctrinas
377 4476 441 4553 eJns
470 4475 736 4552 praestantissimas
766 4476 899 4550 imperite
927 4484 1078 4550 argueret,
1110 4491 1233 4550 quorum
1263 4473 1336 4533 illud
1359 4489 1439 4534 more
1461 4476 1556 4535 veteri

200 4554 375 4621 Gennanicc
407 4561 591 4640 purgandum
622 4569 700 4622 esset
729 4560 843 4631 duello,
875 4563 899 4619 si
929 4565 1056 4621 auctoris
1083 4561 1197 4622 natales
1220 4560 1418 4638 dignationem
1441 4568 1555 4621 tantam

200 4644 359 4729 baberent,
387 4649 466 4709 istud
497 4667 567 4710 rere
594 4666 651 4708 non
680 4655 759 4710 esset
781 4656 896 4708 vestrae
919 4649 1124 4725 professionis:
1157 4650 1257 4709 relicto
1281 4649 1367 4709 vobis
1390 4647 1426 4708 de
1447 4647 1501 4707 illu
1524 4657 1555 4709 et

193 4730 311 4807 iudicio
341 4745 370 4796 et
397 4737 533 4810 arbitrio,
567 4735 688 4797 alterum
718 4734 774 4795 hoe
803 4738 929 4812 imagine
957 4735 1086 4812 quadarn
1110 4738 1218 4797 vetusti
1240 4736 1319 4796 illine
1342 4738 1430 4797 moris
1452 4737 1483 4795 in
1506 4753 1553 4797 me

198 4824 325 4899 suscepi,
349 4840 424 4885 onus
444 4824 566 4899 seilicet,
590 4822 699 4886 homini
723 4821 758 4882 de
781 4823 883 4883 schola
905 4823 1100 4901 respondendi
1114 4842 1149 4886 ex
1165 4832 1236 4901 arte,
1260 4826 1459 4903 magistroque
1481 4824 1553 4887 olim
