3284 5520
144 333 209 402 522
605 331 649 388 Ex
666 329 895 402 premeridtbm
912 331 1032 402 lleplari.

143 511 244 589 telliga
265 511 388 573 indicem
411 512 606 589 proportionis
629 510 762 571 datomm
784 510 907 572 latamm
928 528 1060 573 summae
1089 510 1129 572 ad
1151 508 1380 595 differentiam),
1408 513 1493 574 altera

143 600 242 677 anguli
265 599 470 679 (elongationis
484 617 503 658 a
516 598 609 675 Sole),
633 616 698 659 cnm
721 598 816 659 indice
838 608 868 660 et
890 599 1039 659 anomalia
1060 603 1301 661 commutationis
1315 600 1492 679 eaompurdi.

142 687 226 749 Haec
247 687 299 747 ilie
320 704 390 764 pars
414 696 459 747 est
481 685 645 746 tabularum
667 685 706 746 sd
729 694 795 746 tues
817 685 1010 763 legaritbmos
1031 687 1225 748 relermanda.
1268 689 1349 747 Nam
1370 690 1399 748 si
1418 705 1492 749 maes

144 776 298 836 exhibeam
321 774 442 846 indices,
465 791 522 833 non
546 780 683 853 potemnt
705 776 726 833 ii
747 776 857 836 servire
873 773 984 834 volenti
1000 784 1169 852 computare
1184 794 1235 853 per
1255 779 1323 855 ipaa
1343 774 1490 853 simpla,

142 865 197 922 nisi
221 864 246 921 is
269 862 505 940 multiplicaverit
527 860 652 921 indicem
673 863 703 920 in
728 870 896 939 tangentem
912 862 1049 923 dimidiae
1064 862 1230 924 anomaliae
1251 865 1489 924 commutationis

143 951 184 1010 At
205 951 231 1009 ai
252 966 306 1027 pro
329 950 473 1009 indicibus
496 966 603 1026 ponam
626 948 836 1025 legaritbmos'⁹
868 952 889 1007 ii
910 950 1112 1011 tantummode
1134 951 1281 1012 adduntur
1305 950 1346 1011 ad
1368 950 1490 1027 ejusden

143 1037 281 1098 dimidiae
303 1037 468 1098 anomaliae
490 1037 618 1096 medium
640 1035 883 1114 legaritbmicum.
927 1037 1044 1098 Indices
1060 1041 1149 1115 igitur
1164 1038 1358 1099 convertendi
1378 1040 1487 1097 south

141 1125 344 1205 legaritbmes,
366 1132 398 1184 ut
421 1123 500 1200 quod
522 1124 629 1201 singuli
651 1125 824 1201 saepissime
846 1124 941 1186 lacere
958 1124 1106 1201 deberent,
1130 1125 1281 1186 detrabere
1296 1144 1340 1187 ae.
1356 1124 1488 1203 legaritb-

142 1232 221 1272 mum
244 1230 375 1273 summae
391 1214 513 1272 laterem
528 1230 548 1271 a
562 1211 740 1289 legaritbme
754 1212 944 1287 differentiae,
967 1212 1092 1273 iduma
1112 1230 1171 1273 une
1189 1213 1281 1274 semel
1297 1214 1360 1273 liat.
1392 1212 1488 1290 Augei
1532 1286 1534 1293 Ι

143 1318 213 1361 vere
226 1300 329 1361 tabula
340 1299 376 1361 de
390 1317 470 1360 nore
483 1306 528 1360 est
541 1299 693 1360 condenda
703 1308 733 1360 et
742 1299 1007 1360 accommodandae
1019 1318 1106 1361 meae
1117 1317 1170 1360 sen
1181 1300 1390 1378 elongationea
1404 1298 1488 1360 aSela

142 1387 181 1447 ad
190 1387 330 1465 aequales
344 1387 438 1448 saltus
448 1386 699 1465 legaritbmorum,
713 1405 789 1464 quae
801 1389 881 1465 prius
896 1388 1113 1464 respondebant
1121 1388 1297 1465 aequalibus
1311 1387 1438 1448 saltiburl
1451 1390 1494 1447 iu-

143 1476 248 1535 dicum.
282 1473 349 1551 Qua
370 1478 482 1535 ratlene
501 1484 530 1535 et
543 1491 702 1551 responsus
718 1477 853 1552 utrinque
868 1476 1051 1552 aequabilior
1066 1484 1096 1536 et
1110 1485 1172 1535 teta
1186 1475 1290 1536 tabula
1311 1474 1416 1553 anguli
1430 1476 1498 1535 bre-

142 1564 206 1623 vior
227 1563 320 1623 multe
342 1563 403 1623 lieri
425 1565 534 1639 poterit
556 1563 742 1638 manebitque
766 1564 858 1623 lerma
873 1564 1051 1623 crucilermis
1066 1566 1214 1640 ingressus
1233 1572 1264 1624 et
1277 1566 1426 1624 eorrectio
1446 1576 1526 1641 μ

141 1659 253 1728 partem
276 1649 523 1728 proportionalem
546 1652 655 1710 usitata
678 1650 834 1722 hacteuus,
863 1667 916 1727 pro
939 1653 990 1724 iis,
1014 1653 1064 1726 qui
1087 1669 1124 1711 ea
1146 1650 1247 1711 voleat
1268 1668 1336 1711 esse
1356 1650 1534 1711 contenti.

143 1739 183 1798 At
205 1731 270 1798 cum
294 1740 388 1798 omnis
410 1737 589 1797 cruciformis
617 1739 765 1813 excerptio
796 1739 833 1797 eb
860 1736 1131 1814 multiplicationem
1159 1739 1327 1815 logisticam
1349 1737 1534 1816 duplicem

141 1828 180 1885 ait
204 1824 338 1885 taediosa
361 1833 390 1885 et
412 1825 574 1896 cerebrosa,
597 1823 705 1901 legista
728 1824 808 1883 illam
832 1826 958 1902 effugere
980 1828 1088 1902 poterit
1109 1844 1160 1904 per
1183 1828 1391 1886 tractationem
1413 1825 1534 1901 leg-

142 1912 311 1972 ritbmerum
333 1911 590 1989 expeditissimam,
614 1913 723 1988 quippe
739 1915 883 1972 accuratis
897 1912 1079 1989 legaritbmis
1095 1930 1169 1990 opus
1185 1916 1239 1973 erit
1253 1915 1376 1974 minime
1391 1912 1534 1973 nibil:

143 2017 199 2076 que
222 2002 318 2059 minus
340 1999 443 2060 tabula
464 1999 580 2075 anguli,
612 2017 755 2059 summam
787 2002 940 2076 quaesitae
968 2003 1131 2078 proximam
1162 2002 1200 2059 eb
1229 2000 1334 2060 oculos
1355 2009 1534 2061 subret-

141 2088 279 2164 legistam
308 2089 338 2145 in
366 2105 421 2148 usu
451 2086 689 2163 legaritbmerum
718 2103 776 2146 nen
805 2090 933 2163 patietur
958 2089 1102 2148 aberrare.
1148 2087 1243 2147 Multo
1266 2105 1338 2148 rere
1369 2090 1534 2148 maxia:

141 2173 337 2235 sollicitudine
360 2177 437 2235 circa
458 2173 627 2234 latitudines
649 2192 696 2235 me
719 2173 845 2235 liberant
875 2178 917 2234 tui
940 2175 1124 2252 legaritbmi3
1154 2176 1266 2252 absque
1290 2175 1339 2235 bis
1366 2177 1448 2236 enim

141 2262 253 2337 luisset,
277 2262 399 2322 duemm
423 2262 546 2321 altemm
568 2263 764 2322 necessarium
787 2262 898 2336 luisset,
930 2271 982 2322 aut
1004 2272 1036 2321 ut
1058 2263 1195 2340 legistam
1217 2263 1256 2323 ad
1277 2262 1534 2339 parallactio-

141 2367 236 2410 meam
257 2352 442 2422 remitterem,
466 2352 601 2409 insertam
625 2367 707 2409 meae
732 2350 937 2411 Astrenomiae
961 2351 1040 2408 Parti
1065 2348 1197 2428 Opticae,
1220 2352 1365 2426 imperate
1389 2349 1534 2428 dupl-

141 2437 285 2514 quadrato
309 2437 455 2514 ingressu,
485 2440 583 2497 verius
612 2436 720 2514 duplici
743 2454 842 2509 eruco,
872 2454 926 2497 nec
954 2436 983 2495 id
1006 2440 1079 2497 satis
1101 2444 1238 2498 accurato
1262 2454 1420 2512 successu,
1448 2456 1534 2496 a..

142 2532 219 2611 certe
243 2532 275 2585 ιιι
298 2523 371 2584 duas
393 2525 513 2601 insuper
534 2541 586 2602 pre
610 2523 743 2600 quolibet
764 2524 886 2600 planeta
908 2524 1062 2586 conderem
1078 2525 1195 2584 tabulas
1216 2524 1383 2585 latitudinis
1405 2538 1534 2602 aeq·-

141 2612 271 2689 prelixas
294 2612 449 2689 prioribus,
474 2629 562 2672 unam
584 2611 688 2672 indicis
711 2611 911 2685 latitudinarii‚
935 2611 1056 2672 alteram
1078 2611 1243 2672 latitudinis
1266 2614 1370 2688 ipsius.
1416 2610 1462 2689 Op
1509 2638 1534 2659 --

141 2702 237 2776 ipsum
260 2699 422 2776 longissimi
451 2699 590 2777 temporis
621 2708 651 2759 et
678 2697 822 2759 fastidiosi
852 2699 978 2773 laboris,
1010 2717 1081 2759 nsus
1110 2699 1174 2775 ejus
1203 2701 1356 2760 intricatus
1386 2700 1534 2759 inias-

141 2787 181 2845 At
203 2804 281 2847 nune
304 2786 408 2847 melius
432 2795 492 2847 eat:
523 2785 609 2846 lacile
638 2803 692 2862 per
719 2785 790 2845 deta
815 2786 890 2846 dues
913 2804 1101 2863 excerpamus
1123 2786 1316 2863 legaritbmes
1338 2803 1459 2864 eorumq
1487 2816 1534 2859 ,-

31 2896 36 2901 ·
141 2874 333 2935 differentium
356 2873 498 2934 adelomus
521 2873 618 2933 medie
640 2872 843 2950 legaritbmico
866 2874 1061 2934 inclinationis
1083 2873 1214 2935 locorum
1244 2876 1387 2949 eceentri‚
1419 2892 1496 2952 qn·
1512 2912 1534 2925 -

141 2961 325 3022 exhibebitur
347 2979 383 3022 ex
407 2960 510 3021 tabula
532 2962 674 3036 cujusque
696 2959 851 3037 planetae;
875 2980 990 3022 summa
1011 2962 1144 3023 conlecta
1166 2969 1198 3021 ut
1212 2962 1341 3022 medium
1354 2962 1534 3039 legarit-⁴1

141 3051 247 3109 micum
280 3066 313 3109 cx
344 3065 456 3110 canone
485 3049 634 3109 exhibebit
667 3047 858 3107 latitudinem.
905 3049 1091 3125 Scrupulesis
1121 3050 1307 3125 legaritbmis
1339 3068 1416 3126 epm
1444 3054 1534 3109 ee

141 3138 294 3197 rarissime.
340 3138 378 3195 Et
400 3154 436 3197 ne
459 3138 525 3212 quis
548 3134 676 3207 dubitet,
708 3135 764 3194 boc
787 3135 922 3213 equidem
945 3137 1068 3196 artificio
1091 3137 1261 3213 premeris
1283 3139 1343 3197 ista
1365 3138 1534 3197 cuulad

143 3233 196 3300 est,
220 3242 315 3301 eoque
338 3224 415 3299 Tibi,
439 3223 565 3283 Illustris
587 3223 675 3297 Bere,
695 3223 761 3299 jure
784 3224 959 3283 inscribitur.

245 3337 291 3397 Ita
313 3336 480 3413 legaritbmi
504 3338 545 3395 tui
569 3337 734 3395 necessario
756 3353 823 3413 pers
839 3337 909 3397 dent
923 3337 1104 3397 Tabularum
1118 3337 1277 3414 Rudelplri,
1302 3340 1385 3416 prius
1400 3347 1526 3398 tam-⁷

142 3427 170 3483 ln
194 3424 310 3486 elllolne
332 3442 398 3484 mea
420 3426 528 3499 reeusl,
562 3426 673 3499 erltque
702 3440 753 3483 cur
781 3425 835 3484 sibi
858 3424 1039 3500 gratulentur
1060 3427 1219 3484 astronomi
1243 3425 1392 3485 demeris
1417 3428 1484 3485 me?
1501 3408 1534 3470 1

139 3513 186 3572 'l'u
209 3515 234 3572 si
257 3511 327 3589 quid
352 3510 532 3572 commodius
555 3511 656 3583 babes,
680 3511 743 3587 ejus
767 3529 813 3571 me
837 3529 947 3587 quaeso
970 3515 1140 3590 participem
1163 3516 1255 3589 prime
1279 3529 1401 3591 queque
1424 3510 1534 3573 ιιιύ

139 3617 208 3678 pore
231 3601 335 3673 tacito,
368 3599 446 3676 qrted
470 3601 539 3659 item
563 3608 592 3659 ct
614 3601 813 3658 astronomiae
837 3600 1029 3675 professores,
1061 3609 1094 3660 ut
1124 3599 1234 3659 dudum
1257 3602 1384 3676 privatis
1407 3585 1532 3661 tired!

140 3687 266 3764 aliquos,
290 3690 332 3748 sie
354 3705 432 3748 nunc
454 3686 573 3764 publice
596 3689 749 3746 universos
771 3696 890 3762 rogatos
913 3687 991 3747 volo.

242 3798 318 3860 Vale
341 3798 466 3859 Illustris
484 3799 560 3859 Baro
584 3805 613 3859 et
636 3799 711 3858 banc
734 3799 988 3876 compellationem
1011 3802 1049 3860 ab
1073 3802 1215 3860 inferioris
1239 3801 1423 3864 conditionis
1445 3802 1502 3863 bo⁶

139 3889 215 3949 mine
239 3906 274 3949 ex
297 3906 352 3947 usu
375 3890 570 3948 communium
592 3885 755 3947 studiorum
778 3889 910 3949 aestima.
956 3888 1068 3948 Lentiis
1091 3889 1129 3948 ad
1151 3889 1268 3949 Istrum.

243 4027 279 4093 V.
304 4028 367 4091 Cal.
392 4028 518 4091 Sextiles
541 4044 618 4088 anno
645 4034 738 4088 1619.

651 4167 697 4227 ΙΙΙ.
722 4166 795 4227 Gen.
819 4168 903 4228 Tuae

916 4307 1192 4366 observantissimus
