3284 5520
530 280 573 336 De
590 276 703 336 'rabulis
721 274 934 348 chsritbmlois
951 275 1100 337 Bartscbii.

621 452 804 511 lionoris
821 451 1021 523 ueniere.

456 559 534 617 Alter
551 566 609 614 eret
629 559 654 614 Τ
670 559 720 614 cbo
737 556 866 627 numeris,
886 559 1051 629 Oopernicuc
1069 558 1139 616 elter

506 629 635 700 Spheeris
651 577 808 699 {implesses
823 643 938 698 magnus
956 636 984 684 et
1001 629 1061 698 ipse
1079 631 1151 686 suis:

456 701 535 755 Alter
552 700 604 754 erit
623 700 713 771 Tycbo
730 698 811 765 ieme,
832 699 998 770 Gopcroticuo
1015 699 1084 755 alter

507 771 593 826 Fame
610 769 774 840 liepplerns‚
793 769 858 824 dum
875 769 972 839 polus„
983 769 1057 825 orbis
1076 770 1135 826 crit.

739 912 816 925 ''Paw
820 912 896 925 ‘Ns-'s

610 1017 660 1069 Ex
678 1014 828 1082 symbolo
844 1015 1030 1083 tychonius.

506 1123 590 1172 Nostri
608 1122 695 1184 Tycbo
714 1124 777 1184 nevi,
797 1126 877 1172 nostri
896 1123 1050 1188 Ccpsmicus
1068 1125 1126 1173 sevi

559 1191 709 1257 Krpplerus‚
727 1193 788 1240 trini
807 1191 918 1242 Oscseris
937 1199 1104 1255 astronomus,

507 1263 608 1312 Rectius
627 1268 696 1311 estro
712 1263 778 1310 iuter
796 1269 918 1327 numeret,
937 1264 1013 1326 videt,
1032 1262 1144 1329 explicet
1161 1267 1236 1325 ostro,

559 1333 704 1395 suspiciens
722 1334 820 1382 coelum
838 1333 1031 1400 despiciensque
1048 1332 1138 1387 solnm.

743 1472 792 1483 wc
796 1472 877 1486 ινφ-κῆ,
882 1475 898 1487 ,η

578 1574 628 1626 iix
645 1574 827 1641 nypothest
844 1577 1064 1643 oepernicens.

348 1723 352 1729 .
456 1683 536 1733 Teme
557 1683 627 1732 dedit
644 1689 727 1732 motus
746 1686 827 1733 verice
846 1699 982 1749 cursusque
999 1696 1122 1749 perennes

507 1753 644 1818 Kspplero‚
664 1759 689 1802 st
707 1753 783 1803 coelis
801 1755 899 1803 reddite
917 1769 976 1804 vore
994 1755 1074 1819 quies.

454 1825 484 1872 ln
502 1824 585 1874 'l'errie
604 1824 729 1873 bominem
747 1830 832 1873 movet
849 1839 941 1890 cnunc,
961 1839 1019 1874 curs
1037 1824 1135 1883 diurne,

504 1893 628 1958 Perpetuo
645 1895 670 1942 ln
691 1893 767 1944 coelis
786 1900 886 1960 stetque
904 1899 1040 1960 manetque
1058 1894 1138 1958 quies.

244 2029 322 2085 Licet
339 2037 431 2087 eutem
450 2045 547 2099 perrrm
565 2029 667 2096 abfuit,
695 2031 761 2098 quin
785 2031 967 2086 tristissimum
991 2029 1057 2085 illud
1077 2036 1104 2083 et
1121 2028 1237 2096 lugubre
1256 2029 1292 2084 ed
1309 2043 1362 2083 nos
1381 2027 1408 2082 dt

139 2109 269 2164 nuncium
287 2107 418 2179 dolorque
436 2108 583 2162 acerrimus
601 2108 691 2163 omnio
708 2109 784 2178 prius
803 2124 818 2163 e
835 2108 961 2164 menibus
979 2109 1120 2177 eJ'ecisset,
1139 2123 1219 2175 quem
1237 2122 1380 2162 numerum
1399 2123 1408 2162 ε

138 2185 321 2256 permisisset,
345 2195 437 2243 temen
460 2192 488 2241 et
509 2187 629 2240 animum
651 2204 712 2242 cnm
730 2188 803 2258 typis
820 2188 983 2256 recolligens
1001 2193 1029 2241 et
1045 2187 1153 2244 labores
1171 2191 1296 2256 inceptos
1313 2183 1407 2253 perire

141 2271 256 2335 puteus,
281 2267 511 2334 tcm·Somnium‚
530 2283 611 2335 quem
629 2267 749 2322 Tabulas
766 2267 833 2322 istos
853 2266 992 2322 absolutes
1010 2263 1086 2335 prelo
1105 2268 1250 2322 extrudere
1269 2265 1396 2333 perrexi,

139 2358 200 2397 cum
225 2357 325 2413 meppe
350 2345 423 2400 orbis
449 2344 632 2413 geographico
655 2343 763 2399 tabulae
786 2345 856 2399 istae
880 2344 1038 2413 appendicis
1062 2345 1148 2399 instar
1167 2344 1247 2401 simul
1265 2342 1363 2397 usibus
1381 2357 1408 2411 pr

139 2418 301 2477 accederent
318 2421 448 2477 laborovi.

242 2499 373 2569 Meppem
390 2501 473 2569 igitur
490 2501 571 2555 istem
591 2501 664 2556 orbis
677 2499 823 2554 Terrarum
835 2500 1045 2571 Kepplerionem
1058 2504 1113 2558 tuis
1126 2503 1219 2557 usibus
1230 2500 1286 2567 jam
1299 2512 1407 2555 commo

142 2576 283 2646 haeredes,
302 2577 414 2633 Tabulis
432 2579 570 2649 Rudolphi
589 2578 742 2635 necessario
762 2577 922 2633 addendam.
960 2580 1001 2634 De
1020 2581 1098 2649 cujus
1117 2582 1223 2636 rotione
1241 2585 1270 2632 et
1286 2592 1340 2646 usn
1357 2591 1408 2630 nor

139 2662 197 2725 est,
220 2661 252 2711 ut
274 2656 373 2711 eddam
397 2656 501 2725 aliquid
523 2658 559 2712 ad
578 2672 622 2726 ee,
650 2672 721 2724 quoe
739 2659 790 2713 sub
809 2657 890 2712 iincm
908 2657 973 2712 dicti
993 2673 1052 2727 cup.
1074 2661 1114 2714 16.
1138 2675 1228 2729 praec.
1248 2657 1290 2712 60.
1309 2663 1338 2710 et
1356 2654 1401 2709 61.

137 2733 224 2804 ipsius
242 2733 387 2802 complexu
405 2734 491 2790 insius
510 2743 537 2790 et
555 2735 654 2790 clarius
668 2734 807 2790 docentur.
837 2735 889 2790 leti
906 2743 997 2791 eutem
1015 2752 1131 2807 mappae
1149 2737 1301 2805 adjungens
1320 2748 1372 2802 ego
1391 2738 1408 2787 to

138 2813 205 2868 istus
227 2828 303 2867 meas
325 2813 423 2881 partim
446 2813 648 2882 logsrithmices
672 2830 770 2883 noves,
796 2815 893 2884 purtim
911 2815 1050 2882 logistices
1068 2817 1207 2886 vulgares,
1235 2815 1258 2870 si
1275 2828 1332 2866 non
1350 2810 1408 2882 quil

138 2892 235 2946 seitem
254 2892 347 2961 eequis
366 2907 458 2947 eurum
477 2893 696 2948 aestimatoribus
714 2893 846 2948 rationem
865 2901 893 2948 et
911 2910 989 2950 usum
1007 2895 1126 2951 breviter
1143 2907 1318 2964 exponerem,
1336 2907 1393 2946 non

67 3032 70 3039 ¹
138 2976 197 3026 tum
215 2967 314 3024 calculi
331 2970 414 3039 hujus
433 2970 566 3026 tironibus
584 2970 643 3026 fore
662 2971 765 3042 putavi.
802 2974 935 3041 (Sequitur
953 2973 1091 3041 explicatio
1109 2973 1277 3040 tebulsrum.)
