3284 5520
648 314 691 369 De
708 313 947 384 Ephemeridibus.
1409 312 1474 383 473

121 493 219 571 burgi,
246 500 276 553 et
297 498 368 552 tune
390 493 490 553 inveni
514 488 548 552 4⁰
571 490 623 553 ὅθ’
646 490 708 553 47”
736 492 781 567 s.
827 492 919 571 Atqui
941 500 987 555 est
1008 492 1081 552 milri
1102 492 1160 553 hoe
1181 499 1312 573 tempora
1335 495 1474 569 aequatio

121 581 257 657 emporis
280 583 443 657 composita
466 599 501 640 ex
525 581 660 639 omnibus
683 582 779 640 causis
805 580 855 640 11⁴
877 580 1013 641 addenda
1034 580 1169 656 aequali,
1192 580 1241 641 bie
1263 597 1332 657 ergo
1355 582 1474 640 subtra-

121 667 217 729 benda
238 668 276 727 ab
300 670 462 746 apparenti,
487 670 557 744 quia
580 666 734 744 prodidisti
748 675 779 727 tu
794 669 824 730 h.
840 675 870 729 3.
889 668 940 729 lb‘
963 678 1077 745 tempus
1093 684 1248 745 apparens.
1285 668 1363 744 Ergo
1378 686 1475 744 quan-

121 770 180 815 tum
204 754 240 814 de
264 754 381 815 horario
403 754 560 833 respondet
585 759 645 828 11‘,
676 773 789 815 rursum
813 765 890 816 esset
912 755 1119 828 auferendum,
1143 763 1176 813 ut
1196 758 1236 815 sit
1259 753 1294 815 4ο
1316 758 1368 817 45’
1391 755 1474 815 locus

121 842 223 903 lruuae
246 842 406 920 eclipticus.
452 843 484 902 Si
507 841 578 917 quid
601 840 681 901 aliud
704 842 796 903 literis
818 845 964 920 prioribus
988 845 1180 921 perscriptum
1202 851 1262 914 est,
1286 852 1406 903 excuset
1427 861 1473 903 me

121 932 266 990 utricatio
289 933 347 989 ista
368 929 573 1007 multiplicium
597 947 761 991 causarum.
799 930 913 991 Taedet
935 932 1011 991 enim
1031 940 1180 991 auctorem
1195 930 1309 1004 calculi,
1331 932 1474 1007 respicere

123 1015 276 1079 deutidem
304 1017 342 1076 ad
370 1036 455 1077 suum
485 1026 689 1095 praeceptum
718 1018 872 1094 indulgens
902 1036 972 1079 vero
1001 1035 1073 1078 suae
1100 1019 1258 1078 memoriae
1280 1017 1365 1079 lacile
1389 1026 1473 1091 errat,

121 1106 291 1181 praesertim
314 1106 343 1163 in
366 1107 503 1177 minimis,
528 1123 603 1181 quae
627 1108 682 1163 seit
696 1124 755 1166 non
772 1109 915 1184 pertinere
931 1104 968 1165 ad
984 1104 1185 1167 certitudinem
1200 1104 1256 1165 loci
1273 1104 1384 1178 Lunae,
1408 1121 1474 1165 eum

121 1191 166 1255 rel
189 1192 412 1253 observationes
436 1191 483 1252 rel
506 1192 696 1253 fundamenta
718 1193 778 1253 alia
797 1193 895 1253 adhue
916 1193 983 1269 plus
1006 1196 1034 1251 in
1051 1192 1172 1252 dubium
1188 1201 1302 1255 vocent.
1340 1192 1385 1251 Tu
1401 1210 1471 1253 vero

121 1281 294 1353 nomineris,
318 1297 423 1358 corpus
446 1280 548 1340 Lunae
571 1297 716 1356 occupare
732 1278 784 1342 32‘
808 1284 929 1353 circiter,
953 1283 1052 1357 itaque
1075 1283 1100 1340 si
1125 1280 1172 1339 rel
1197 1287 1235 1340 12
1253 1282 1372 1339 minutis
1387 1282 1474 1339 alter-

120 1375 194 1429 ·aret
217 1366 356 1439 calculus,
380 1368 529 1443 quidhoc
552 1370 580 1424 in
604 1366 786 1429 directione?
810 1370 846 1427 Et
862 1384 968 1429 revoco
983 1370 1014 1426 in
1029 1370 1198 1428 memoriam
1213 1386 1257 1440 ea,
1281 1385 1357 1443 quae
1371 1370 1474 1445 scripsi

121 1455 279 1515 trieribus:
311 1456 431 1515 effectus
461 1455 653 1515 directionum
681 1474 739 1515 rron
768 1463 837 1516 sunt
867 1455 1048 1516 certitudinis
1076 1455 1320 1533 mathematicae,
1349 1472 1415 1515 curn
1438 1453 1474 1515 ds

123 1544 189 1619 psis
213 1542 308 1601 modis
331 1542 522 1602 directionum
545 1542 642 1605 adbuc
664 1552 798 1604 certetur.
843 1543 875 1602 Si
904 1544 1072 1603 directionis
1095 1551 1210 1620 tempus
1232 1549 1360 1616 eertum,
1392 1541 1474 1602 soleo

121 1647 172 1707 rgo
196 1627 233 1689 de
256 1628 358 1690 Lunae
381 1631 508 1708 appulsu
531 1631 679 1691 catarrhos
702 1631 878 1709 praedicere.
924 1630 1070 1706 Quorsum
1102 1647 1171 1689 vero
1192 1632 1345 1707 perveniat
1367 1648 1474 1690 aseen-

121 1716 188 1777 lens
212 1734 289 1776 antro
315 1724 416 1796 1619,
446 1721 497 1794 qui
521 1726 566 1777 est
590 1723 640 1779 36.
664 1738 682 1777 a
703 1721 872 1792 nativitate,
903 1720 945 1777 sic
974 1736 1029 1795 ego
1059 1726 1206 1794 computo.
1252 1717 1361 1777 Locum
1385 1717 1473 1789 Solis,

121 1806 165 1880 rui
189 1803 246 1862 luit
267 1808 378 1864 exactis
401 1805 503 1865 diebus
527 1812 568 1865 36
593 1823 611 1863 a
633 1807 767 1865 natalitio
791 1805 839 1866 dia
862 1823 927 1865 eum
951 1805 1023 1865 bora
1046 1812 1074 1865 9.
1099 1807 1151 1866 lb‘
1173 1804 1325 1876 natalitia,
1348 1806 1474 1865 immitto

122 1907 143 1950 n
167 1891 300 1951 tabulam
323 1892 491 1967 domorum,
525 1909 559 1952 ac
588 1894 614 1952 si
643 1894 742 1953 tlrema
768 1892 934 1953 natalitium
957 1896 1097 1969 erigerem
1120 1892 1157 1952 ad
1181 1891 1258 1951 diem
1283 1899 1331 1954 19.
1354 1891 1473 1970 Aprilis.

121 1978 192 2055 drgo
217 1978 296 2055 quod
319 1979 417 2055 prodit
438 1979 567 2040 medium
590 1982 664 2039 coeli
689 1989 718 2041 et
740 1980 917 2053 ascenderis,
948 1989 1016 2040 sunt
1044 1980 1111 2039 loca
1139 1980 1177 2039 ad
1201 1997 1277 2057 quae
1300 1983 1476 2057 perveniunt

120 2066 244 2128 nedium
275 2067 349 2126 coeli
373 2076 402 2126 et
425 2068 587 2127 ascendens
609 2067 707 2131 radiis.
752 2068 802 2128 Sic
823 2077 853 2127 et
875 2067 957 2127 locus
980 2067 1058 2127 Solis
1079 2077 1149 2143 post
1171 2067 1234 2127 dies
1257 2074 1297 2128 36
1323 2077 1368 2127 est
1390 2068 1473 2127 locus

121 2152 282 2214 lireetionis
305 2151 348 2234 Θ
371 2154 508 2228 natalitii,
531 2163 560 2214 et
583 2164 710 2229 quantus
732 2166 777 2214 est
800 2165 896 2216 motus
919 2154 997 2215 Solis
1020 2173 1071 2230 per
1095 2154 1156 2215 dies
1181 2161 1239 2225 36,
1264 2162 1362 2214 tantus
1385 2158 1474 2215 etiam

121 2257 199 2301 uersa
222 2241 339 2300 additur
362 2240 426 2301 loco
440 2238 483 2323 Q
506 2260 558 2318 pro
577 2242 735 2303 directione
750 2238 792 2322 Θ
814 2241 959 2302 natalitia.
998 2241 1072 2300 (lum
1088 2243 1188 2317 itaque
1205 2241 1255 2301 Sol
1271 2251 1339 2317 post
1353 2240 1415 2302 dies
1432 2248 1471 2301 36

121 2331 216 2389 raniat
238 2328 276 2388 ad
294 2326 351 2388 29⁰
368 2331 470 2402 15¹Y
498 2331 566 2403 lere,
591 2329 676 2388 Luna
698 2329 735 2389 ad
763 2324 858 2409 10¹(,⁰
873 2332 924 2407 h,
949 2331 1047 2388 reniet
1070 2328 1196 2387 medium
1221 2328 1295 2387 coeli
1318 2328 1356 2388 ad
1376 2342 1412 2391 00
1430 2326 1473 2408 Θ

121 2420 144 2471 et
165 2432 205 2483 00
233 2412 259 2494 ῼ
283 2417 404 2489 circiter,
428 2434 488 2476 asc.
513 2416 551 2475 ad
577 2412 677 2499 13¹s,⁰
706 2417 735 2488 ,l
764 2419 894 2491 circiter,
918 2424 1074 2492 supersunt
1096 2418 1185 2492 igitur
1208 2415 1321 2492 aliquot
1344 2418 1413 2474 anui
1436 2416 1474 2475 ad

121 2498 303 2563 directionem
326 2502 364 2563 ad
387 2520 491 2581 corpus
515 2503 627 2564 Lunae.
669 2504 747 2563 Nasu
770 2503 896 2563 latitudo
920 2503 1022 2563 Lunae
1045 2503 1181 2563 australis
1205 2512 1265 2576 est,
1290 2506 1385 2563 oriens
1408 2520 1473 2563 eum

121 2591 327 2663 posterioribus
357 2591 497 2667 gradibus
526 2591 593 2664 illo,
626 2594 654 2649 in
679 2609 737 2666 quo
761 2602 806 2651 cst
827 2591 988 2651 secundum
1010 2592 1186 2669 eclipticam.
1232 2591 1361 2650 llirectio
1386 2590 1473 2651 medii

121 2676 186 2739 laeli
209 2695 282 2737 sane
304 2695 393 2754 quarn
417 2677 572 2755 splendida
595 2678 691 2739 estad
708 2697 801 2738 annos
819 2685 912 2744 1620.
939 2685 1033 2737 tuat.
1071 2678 1117 2737 De
1134 2679 1235 2737 Lusias
1259 2678 1418 2738 directione
1443 2688 1475 2737 ut

121 2763 327 2840 tlgnificatrieis
358 2764 455 2825 adhuc
483 2766 609 2837 lraereo,
642 2773 737 2825 utrum
765 2767 877 2826 scilicet
900 2765 951 2825 illa
973 2765 1030 2825 hoe
1051 2765 1138 2824 modo
1163 2765 1315 2841 dirigenda
1336 2768 1392 2844 sit,
1424 2768 1474 2841 qui

121 2868 233 2922 amen,
257 2854 283 2911 si
307 2851 384 2912 ullus
406 2871 442 2912 ex
466 2855 591 2923 usitatis,
615 2856 741 2913 nimime
764 2862 810 2914 est
833 2853 999 2913 verisimilis
1021 2870 1116 2929 eoque
1139 2852 1177 2911 ad
1198 2856 1348 2911 minimum
1372 2856 1475 2912 ceteris

124 2939 323 3000 raelerendus
352 2939 494 2999 hacteuus
525 2942 617 3011 notis,
647 2944 756 3018 quippe
780 2949 900 3001 naturae
925 2941 1056 2999 vicinior.
1102 2941 1172 2999 Esto
1196 2947 1310 2999 tanuen:
1341 2942 1476 2999 transivit

121 3028 204 3097 fitur
226 3027 265 3099 []
290 3023 326 3108 Q,
351 3030 488 3086 transivit
510 3044 586 3087 anno
613 3030 693 3087 1618
717 3035 761 3096 be
787 3024 835 3109 Ἡ,
858 3030 991 3087 imminet
1014 3040 1050 3091 00
1076 3024 1113 3107 ῼ.
1159 3026 1303 3105 Quaeris,
1325 3028 1396 3104 quid
1420 3029 1476 3087 ista

121 3114 302 3191 rgnrfieent?
331 3114 398 3173 Nou
421 3113 506 3173 lucile
530 3113 671 3188 dicerem,
701 3117 726 3174 si
749 3115 844 3175 solum
868 3116 938 3173 milri
962 3115 1185 3174 themanorum
1208 3127 1299 3181 esset.
1330 3114 1382 3173 sed
1405 3118 1476 3190 quin

121 3213 192 3261 ora
214 3201 285 3259 milri
309 3201 369 3274 lux,
394 3218 472 3261 nova
496 3203 593 3261 sidera
615 3204 761 3262 terrestria
783 3212 851 3262 suut
874 3214 938 3261 orta
961 3221 997 3261 ex
1020 3211 1089 3261 tuae
1111 3205 1265 3279 prosapiae
1282 3202 1476 3278 descriptione

121 3300 208 3366 tque
237 3288 344 3347 studiis
367 3288 598 3361 adolescentiae,
634 3289 735 3348 videor
759 3290 866 3349 clarius
890 3290 988 3348 videre
1012 3290 1147 3364 ferorque
1169 3289 1270 3365 aliquia
1290 3290 1415 3357 fiducia,
1443 3297 1476 3347 nt

121 3386 261 3447 retuam,
285 3393 322 3435 ne
345 3378 374 3432 in
400 3379 592 3435 temeritatem
616 3378 786 3452 impingam.
833 3376 968 3435 Dedecus
993 3385 1089 3435 tamen
1113 3394 1149 3435 ex
1172 3376 1311 3436 frustratu
1334 3376 1413 3452 apud
1437 3383 1476 3453 te,

121 3474 207 3523 erum
223 3463 389 3522 divinarum
406 3463 657 3538 lrurrrauarurnque
672 3467 807 3540 peritum,
833 3482 890 3523 non
908 3465 1077 3537 sustineb03
1100 3465 1187 3537 nosti,
1205 3464 1273 3539 quid
1290 3464 1475 3539 conjecturae

121 3546 179 3624 int,
206 3568 285 3627 quae
309 3550 366 3610 illis
390 3553 550 3623 excusatio,
576 3569 651 3626 quae
676 3553 749 3625 laus,
772 3554 798 3611 si
821 3554 907 3611 etiarn
931 3552 1075 3611 aberrent.
1113 3549 1186 3625 Quis
1210 3553 1287 3609 enirn
1302 3551 1357 3611 bas
1372 3553 1477 3627 eripiet

121 3638 158 3697 'el
190 3637 429 3714 prudentissimis
460 3649 489 3696 et
518 3641 699 3713 gravissimis
729 3641 758 3696 in
788 3638 938 3715 republica
968 3641 1054 3710 viris,
1086 3642 1222 3713 qrrcmvis
1246 3647 1275 3697 et
1297 3637 1356 3696 illis
1379 3655 1476 3699 errare

121 3725 293 3802 adtingat?
324 3726 501 3800 Priusquam
533 3744 603 3785 vero
632 3726 769 3801 eloquar,
802 3729 888 3785 unica
911 3726 1003 3785 nubes
1028 3733 1141 3784 tuarum
1164 3725 1313 3786 literarum
1338 3725 1477 3786 diillanda

121 3816 215 3875 sentis
245 3820 299 3871 est.
346 3812 433 3871 Latet
464 3815 539 3871 eninr
568 3821 636 3888 post
659 3812 737 3871 illaru
760 3812 841 3873 sidus
864 3816 1064 3889 praecipuum.
1109 3812 1234 3886 Scribis,
1264 3821 1292 3872 te
1314 3813 1416 3889 procul
1438 3814 1477 3874 ab

121 3904 191 3961 omni
214 3899 346 3959 humana
368 3900 529 3960 aurbitioue
551 3901 623 3958 solis
646 3903 704 3957 tuis
726 3900 830 3959 studiis
854 3901 1030 3959 incumbere.
1073 3900 1193 3959 Dictum
1216 3900 1372 3976 ambigue,
1396 3899 1477 3977 quod

121 3992 138 4047 tl
165 4004 229 4046 non
263 3996 356 4059 esset,
388 4005 525 4060 negarem
556 4006 601 4046 mc
633 3988 758 4048 credere.
804 3988 879 4046 Nam
910 4004 961 4046 cur
992 3985 1027 4046 de
1050 3995 1194 4045 astrorum
1214 3987 1476 4065 significationibus

121 4092 197 4135 esses
227 4073 394 4133 sollicitus?
427 4074 479 4133 Est
509 4077 596 4147 igitur
619 4075 747 4133 humana
770 4075 822 4132 tibi
841 4075 904 4150 jam
928 4074 1049 4133 ambitio
1074 4074 1238 4150 respublica
1264 4082 1377 4147 vestra,
1410 4082 1478 4133 sunt

125 4164 165 4222 ibi
189 4160 291 4220 studia
314 4172 365 4220 tua
387 4161 537 4237 theologia
560 4180 631 4220 sanc
655 4172 684 4221 et
707 4163 833 4220 charitas
856 4163 1034 4234 animarum,
1068 4160 1120 4220 sed
1151 4180 1216 4221 cunr
1247 4161 1387 4221 satellitio
1410 4180 1474 4220 suo.

121 4250 190 4311 dum
215 4250 302 4324 igitur
319 4250 356 4321 Π
382 4254 407 4315 6
432 4244 458 4327 Q
482 4249 592 4325 platica
615 4251 803 4307 acrimoniam
828 4248 946 4309 denotet
968 4250 1077 4324 ingenii
1095 4244 1188 4328 (quae
1204 4248 1275 4306 milri
1290 4266 1362 4308 sane
1378 4258 1474 4309 tecum

121 4347 159 4398 rst
183 4338 347 4395 eommunis
371 4354 406 4395 ex
430 4338 520 4411 siguis
544 4338 687 4413 oppositis
710 4345 739 4401 et
761 4340 932 4412 permutatis
957 4344 979 4405 (ς
1012 4339 1041 4393 in
1068 4336 1123 4393 10⁰
1149 4338 1219 4408 Q,
1246 4332 1272 4415 Q
1296 4338 1324 4393 in
1349 4335 1384 4396 8⁰
1408 4331 1477 4417 ᾖ),

121 4442 180 4485 :um
206 4423 318 4481 sextilis
339 4418 372 4505 ‘ll
394 4419 420 4504 Q
437 4424 629 4483 subtilitatem
644 4423 852 4500 speculationis
869 4430 1018 4500 teurpcret,
1039 4425 1200 4499 sapientiae
1216 4426 1363 4499 practicae
1378 4441 1477 4484 amora

121 4509 274 4586 cultisque
290 4510 481 4569 humanitatis
497 4512 677 4587 respectibus
695 4528 760 4569 cum
776 4511 953 4589 doryplroriu
968 4509 1213 4587 ponderosissima
1227 4504 1250 4587 l)
1269 4506 1305 4591 ‘ll
1324 4513 1351 4568 in
1368 4512 1477 4587 angulo

121 4596 237 4675 inpleat
260 4606 289 4657 et
312 4596 459 4656 distendat
482 4600 609 4656 animum
634 4599 720 4657 rebus
743 4608 773 4657 et
795 4599 923 4658 consiliis
948 4599 1080 4673 magnis,
1111 4596 1263 4673 firmatque
1286 4595 1323 4657 ad
1347 4598 1477 4658 laboreur

121 4696 142 4746 rt
165 4684 340 4743 industriam
365 4692 394 4743 et
416 4684 605 4745 sedulitatem
628 4688 656 4743 in
680 4684 789 4743 tuendo
813 4704 906 4744 reruru
931 4693 959 4744 et
982 4684 1144 4743 studiorum
1167 4676 1277 4757 ordine,
1301 4684 1374 4743 nihil
1395 4684 1476 4745 aliud

121 4790 186 4835 ¹ane
210 4780 296 4832 notat
317 4772 460 4849 appulsus
483 4773 595 4849 Lunae,
618 4790 695 4850 quae
716 4790 856 4833 sensuum
878 4782 907 4835 et
923 4773 1032 4833 cerebri
1047 4772 1236 4850 significatrix
1251 4779 1306 4849 est,
1328 4772 1367 4832 ad
1383 4773 1476 4833 dictos
