3284 5520
527 332 985 414 assumturus-uenena
1002 358 1062 415 up.
1081 344 1105 400 a.
1423 346 1488 416 243

241 526 272 583 ii.
304 522 409 601 Apage
425 522 664 597 claramontium,
687 524 739 599 qni
760 540 827 583 eum
849 523 900 583 vix
922 530 1081 583 extremam
1100 540 1219 583 manum
1234 524 1489 586 observationibus

139 610 321 686 adhibuerit,
352 610 443 671 undet
466 610 612 686 judicium
638 627 724 669 suum
752 612 935 686 interponere
958 611 993 672 de
1017 628 1071 670 usu
1094 611 1136 669 fiii
1159 619 1237 672 certo
1260 620 1290 671 et
1311 611 1367 673 hoc
1390 621 1491 673 uonna

138 696 319 776 Tycisonam,
360 696 436 759 Usus
457 707 504 758 est
525 707 572 758 sat
594 708 699 772 certus,
724 699 751 756 si
774 699 855 758 brevi
876 700 972 775 spatio
996 697 1103 758 distent
1125 697 1210 772 fixae,
1233 701 1258 758 si
1280 701 1356 760 inter
1378 700 1489 760 medias

139 785 221 847 udat
252 794 378 847 cometa.
423 785 465 844 At
491 785 548 844 hoc
579 788 716 845 usuvenit
745 787 900 846 rarissime.
947 783 1060 861 Quodsi
1086 785 1167 845 iilum
1190 786 1348 865 perlonga
1371 787 1490 848 dissitas

139 874 255 950 dirigas,
276 873 340 949 jam
361 872 578 950 distorquentur
602 872 688 946 oculi,
712 873 840 933 titubant
861 889 976 943 manus,
999 881 1051 933 ant
1065 883 1181 933 cometa
1195 874 1337 934 amittitur
1352 884 1404 935 aut
1417 874 1490 935 slei·

138 961 227 1021 Ισιιω
259 959 362 1021 altera.
408 959 461 1020 Sin
490 962 697 1020 aestimatione
729 962 835 1033 utaris,
867 969 1009 1036 qnantum
1039 963 1196 1022 excesserit
1227 969 1341 1021 cometa
1364 980 1380 1022 e
1403 962 1488 1034 linea,

139 1051 327 1125 quantumvis
353 1050 599 1125 propinquarum,
627 1049 689 1123 Jam
716 1047 790 1106 nihil
818 1051 873 1106 erit
895 1051 981 1120 certi,
1010 1047 1118 1107 iallitur
1139 1051 1323 1124 aestimati03
1353 1067 1408 1109 nee
1430 1049 1491 1109 ulia

142 1137 268 1196 ueroitii
294 1133 482 1195 diuturnitate
505 1134 652 1195 reddimur
673 1134 711 1194 ab
735 1136 791 1194 itae
813 1136 996 1194 aberratione
1017 1137 1135 1211 penitus
1157 1138 1221 1195 tuti.

240 1228 270 1283 8.
309 1221 359 1282 Sic
387 1239 452 1282 cum
481 1224 540 1282 sint
568 1231 736 1298 comparata
757 1222 963 1295 fundamenta,
993 1238 1051 1281 non
1075 1226 1179 1281 mirum
1203 1231 1261 1295 est,
1293 1221 1489 1283 Claramontio
1574 1240 1577 1245 ·

142 1311 225 1368 etiarn
251 1312 351 1369 varias
374 1309 488 1387 prodire
510 1310 685 1386 parallaxas,
711 1312 793 1368 varia
816 1309 970 1368 intervalia
992 1319 1123 1371 cometae
1136 1329 1155 1369 a
1170 1309 1269 1382 Terra,
1292 1320 1324 1369 ut
1347 1310 1490 1371 interdum

142 1399 288 1473 proximus
318 1398 369 1471 iis,
401 1397 545 1457 interdum
575 1397 689 1473 aliquot
719 1396 943 1456 semidiametris
972 1395 1080 1456 'I'errae
1113 1397 1225 1456 distans
1255 1397 1432 1474 quandoque
1462 1406 1490 1458 et

143 1483 238 1545 lunae
261 1485 391 1558 sicinus,
414 1483 564 1560 peratiae
587 1484 674 1561 longe
698 1501 786 1560 supra
808 1484 922 1544 Lunam
945 1500 1009 1543 esse
1032 1487 1235 1557 convincatur,
1259 1484 1411 1561 plusculas
1434 1486 1490 1544 ob·

143 1573 322 1632 errationes
358 1588 424 1632 cum
455 1571 632 1650 Tychonicis
667 1578 852 1647 comparatae
882 1572 971 1631 etium
1003 1588 1063 1631 rem
1094 1574 1209 1649 penitus
1240 1571 1278 1632 ad
1307 1572 1490 1649 impossibile

143 1657 291 1720 deducant.

241 1753 272 1806 4.
304 1745 453 1806 Immerito
475 1747 564 1821 igitur
578 1745 749 1825 Tyrionem
771 1754 853 1805 taxat
868 1744 1092 1818 Claramontius,
1116 1763 1151 1806 ac
1170 1749 1196 1805 si
1212 1748 1385 1824 principium
1398 1755 1489 1825 petat,

146 1834 272 1909 rejiciens
296 1834 518 1893 obsmvaliones
541 1851 601 1908 eas,
625 1851 702 1909 quae
726 1853 745 1892 a
767 1836 828 1892 suis
851 1832 1033 1907 dissentiant,
1056 1851 1123 1892 cum
1144 1833 1304 1909 parallaxis
1325 1852 1378 1910 pro
1401 1852 1491 1894 causa

146 1919 287 1983 dissensus
308 1920 432 1998 allegari
454 1922 590 1998 potuerit
628 1920 694 1980 Non
716 1920 811 1996 rejicit
833 1922 911 1981 enim
934 1938 985 1980 aaa
1008 1928 1121 1980 mutum
1144 1930 1263 1997 propter
1285 1920 1450 1982 dissensum
1472 1939 1491 1981 a

147 2024 183 2081 re,
206 2007 261 2068 sed
285 2010 355 2083 qnia
378 2006 554 2068 dissentiunt
576 2026 594 2067 a
616 2025 648 2067 se
672 2009 759 2087 ipsis,
783 2010 852 2085 quia
875 2006 1023 2067 dissensus
1046 2011 1196 2085 quantitas
1219 2012 1396 2083 inconstans,
1420 2011 1491 2085 quia

148 2095 323 2170 pualiaxeos
346 2099 522 2155 contrarium
545 2095 663 2171 aliquae
685 2102 851 2172 praestant,
881 2112 936 2154 nee
959 2113 977 2153 a
999 2095 1173 2156 refractione
1201 2100 1334 2156 excusari
1356 2104 1488 2173 possunt.

150 2179 194 2242 Sed
215 2200 271 2243 neo
294 2184 469 2260 principium
492 2185 565 2261 petit
580 2182 693 2260 Tycha
717 2199 782 2241 cum
800 2181 962 2240 dissensum
979 2187 1075 2258 arguit
1089 2182 1361 2243 Massilinianorum
1378 2203 1396 2243 a
1411 2187 1489 2258 snis3

151 2267 415 2331 demonstrationem
431 2273 508 2331 enim
524 2272 674 2347 praemisit
687 2269 862 2342 evidentem,
886 2268 1048 2345 parallaxin
1068 2271 1156 2329 inisse
1172 2270 1291 2344 nuliam,
1315 2288 1392 2347 quao
1408 2270 1491 2329 iilum

152 2354 302 2418 luseum
325 2366 502 2418 masuetus.
538 2356 570 2417 Si
593 2360 670 2417 anim
692 2357 852 2434 parallaxia
874 2358 978 2415 suisset
999 2364 1060 2415 tam
1083 2357 1205 2416 evidens
1226 2357 1330 2418 eodem
1350 2361 1489 2435 temporis

153 2456 295 2518 nomento,
318 2445 392 2505 locis
415 2445 546 2521 diversis,
571 2444 694 2505 eandem
718 2447 806 2504 etiam
829 2445 893 2521 ipse
914 2443 1170 2504 animaduertisset
1189 2443 1312 2504 diversis
1328 2445 1386 2505 dici
1401 2445 1490 2520 horis,

154 2528 205 2593 loon
226 2532 342 2595 eodem
386 2532 477 2594 Plura
497 2534 595 2610 capita
617 2535 751 2609 sequenti
772 2531 810 2592 de
832 2530 981 2591 Maestiini
1003 2531 1167 2591 observatis
1187 2535 1267 2603 (num.
1283 2537 1319 2604 4).

619 2677 660 2744 il
683 2676 778 2760 caput
800 2677 829 2744 9.
854 2674 907 2743 iol.
932 2675 1001 2743 32⁰.

245 2801 271 2853 1.
310 2790 423 2853 Eodem
445 2810 536 2854 censu
558 2800 603 2852 est
625 2802 655 2854 et
677 2792 733 2852 hoe
756 2800 852 2869 caput,
876 2794 905 2849 in
931 2809 989 2868 qno
1013 2809 1048 2852 err
1072 2792 1326 2852 observationibus
1350 2791 1490 2853 Gammae

155 2894 204 2938 oon
218 2880 397 2959 Tychonicis
415 2883 590 2958 comparatis
604 2898 636 2940 se
652 2888 736 2958 putat
751 2889 923 2955 argumenta
938 2881 1045 2954 piscari
1062 2879 1265 2957 parallaxium,
1282 2883 1352 2957 qnia
1367 2879 1491 2940 Gemma

155 2964 288 3044 plerisque
311 2966 416 3028 diebus
438 2971 564 3028 minores
587 2967 685 3044 prodit
708 2976 839 3027 cometae
860 2966 1057 3043 longitudines
1073 2970 1103 3024 in
1118 2967 1253 3044 ecliptica
1275 2986 1363 3043 quam
1377 2966 1489 3045 Tyoho.

243 3058 272 3114 2.
303 3055 345 3114 At
367 3072 385 3114 o
407 3055 492 3129 bone,
515 3071 574 3115 non
597 3071 750 3133 comparas
773 3054 930 3114 observata
946 3052 1096 3128 Gammae,
1119 3053 1171 3113 sed
1194 3053 1260 3115 ioca
1283 3055 1435 3131 eclipticas
1455 3072 1491 3114 ex

155 3140 396 3203 observationibus
416 3159 590 3220 quacunque
604 3140 744 3203 methodo
761 3140 895 3201 deducta.
933 3141 1155 3201 Demonstravit
1170 3150 1267 3202 autem
1283 3142 1395 3221 Tycha,
1418 3144 1493 3202 inter

153 3224 212 3291 itae
234 3228 295 3291 duo
319 3226 472 3290 discrimen
496 3233 598 3307 ingens
621 3247 687 3291 esse
709 3230 739 3287 in
756 3226 894 3289 Gemma:
919 3228 1073 3288 distantias
1088 3231 1165 3289 enim
1180 3247 1198 3287 a
1212 3229 1278 3289 fixis
1293 3230 1376 3289 radio
1391 3236 1493 3306 captas

152 3315 237 3393 (eujus
264 3325 299 3378 tu
326 3318 511 3377 instrumenti
534 3334 617 3377 nsum
641 3314 783 3377 Gammae
805 3315 904 3375 multis
927 3319 1104 3392 argumentis
1127 3315 1207 3375 haud
1229 3318 1335 3376 frustra
1357 3317 1491 3392 arrogas)

152 3408 241 3465 asnis
264 3421 354 3482 quam
378 3406 527 3463 minimum
551 3404 709 3477 dissidere,
742 3403 809 3464 loca
832 3412 927 3463 minen
952 3403 1118 3480 eclipticas,
1151 3402 1197 3462 iris
1219 3403 1322 3463 iisdem
1346 3402 1492 3464 distantiis

150 3491 299 3569 arguenda,
322 3490 494 3570 piorumque
516 3495 676 3569 anticipare
698 3489 777 3569 apud
800 3488 963 3551 Gemmam.

245 3580 275 3638 3.
314 3576 392 3654 Quid
423 3597 458 3640 ex
488 3578 534 3640 iris
562 3582 661 3660 potuit
691 3577 771 3638 aliud
799 3579 936 3654 colligere
960 3577 1080 3656 Tycha,
1113 3595 1201 3654 quam
1224 3575 1377 3638 Gemmam
1407 3595 1491 3637 usum

145 3682 205 3727 csse
226 3668 339 3728 circino
360 3672 389 3726 at
411 3666 501 3742 globo
524 3667 597 3728 torta
620 3665 735 3727 neten?
765 3665 841 3725 Nam
863 3669 889 3724 si
904 3664 1028 3725 Gemma
1044 3665 1174 3725 doctrina
1189 3665 1397 3742 triangulorum
1415 3674 1494 3726 esset

145 3769 225 3828 nrm,
256 3770 444 3830 nequaquam
472 3761 587 3814 tantum
613 3755 717 3813 inisset
738 3761 912 3829 peccaturus
936 3755 964 3811 in
987 3753 1060 3812 iocis
1083 3752 1236 3830 ecliptiuis.
1281 3753 1439 3829 Nunquam
1460 3761 1493 3812 tn

142 3857 185 3901 se.
207 3858 242 3903 os
265 3842 363 3917 aperis
385 3842 415 3899 in
430 3840 610 3919 Tychonem,
634 3840 743 3917 Scipio,
767 3842 837 3916 quin
861 3839 973 3916 aliquid
995 3839 1119 3915 adjicias
1142 3839 1179 3898 ad
1202 3839 1349 3899 cumulum
1372 3843 1494 3918 insignis

142 3934 210 3989 tuae
231 3931 264 3987 in
286 3927 431 4004 amando
454 3928 595 4006 Tyahone
617 3929 798 3988 temeritatis.

245 4018 275 4076 l.
312 4014 352 4074 Et
374 4032 450 4092 quaa
472 4015 546 4076 haec
570 4015 678 4076 malum
701 4021 876 4091 κακοηθιια,
908 4013 988 4090 quod
1011 4021 1070 4073 tam
1093 4013 1141 4073 hic
1164 4016 1192 4071 in
1216 4013 1373 4089 Gammae,
1404 4031 1492 4091 quam

141 4119 232 4180 snpra
254 4104 284 4161 in
299 4101 451 4163 Maestlini
472 4105 587 4179 scriptis
610 4104 840 4175 observationes,
864 4119 900 4161 ex
923 4101 1030 4177 quibus
1055 4101 1103 4161 vel
1125 4103 1181 4176 ipsi
1204 4102 1251 4162 vei
1267 4100 1369 4179 'Pytho
1393 4101 1494 4178 paral·

139 4190 223 4251 tum
243 4188 357 4251 unllam
379 4189 429 4251 rel
450 4192 588 4251 minimae
612 4191 786 4266 quantitatis
808 4194 943 4266 arguunt,
968 4205 1018 4249 aas
1040 4196 1073 4246 tu
1095 4187 1230 4265 negligis,
1254 4190 1293 4247 ad
1312 4189 1493 4248 demonstra·

140 4280 238 4339 tiones
260 4276 329 4338 inda
352 4285 513 4340 exstructas
535 4295 621 4338 aures
644 4276 756 4338 dandis
778 4284 808 4335 et
823 4275 933 4348 oeulos,
957 4283 1111 4335 contentus
1126 4277 1267 4335 memoria
1282 4292 1393 4350 eorum,
1417 4293 1493 4353 quae

139 4365 216 4426 libro
239 4364 369 4426 secundo
391 4367 420 4424 in
442 4383 549 4442 genere
572 4373 674 4425 contra
697 4365 895 4432 deblaterasti‚
919 4364 1048 4423 viderim
1071 4381 1141 4423 varo
1164 4362 1230 4421 loca
1250 4363 1392 4441 ecliptica,
1417 4380 1493 4439 quae

138 4469 203 4512 non
229 4458 300 4513 sunt
328 4452 493 4514 immediate
524 4471 561 4513 err
584 4453 791 4513 obseruatione
814 4467 947 4528 quaeque
970 4452 1074 4509 vitium
1097 4451 1259 4525 suscipiunt
1280 4450 1329 4509 vel
1352 4468 1388 4510 ex
1411 4461 1495 4510 cata·

138 4539 211 4617 logo
233 4539 356 4601 fixarum
379 4540 428 4600 vel
450 4558 486 4602 ex
508 4539 598 4617 giobo
620 4548 651 4601 et
674 4541 796 4611 circino,
826 4540 964 4616 quamvis
992 4541 1051 4597 sint
1076 4554 1128 4613 per
1154 4536 1220 4596 illas
1248 4539 1329 4614 ipsas
1352 4538 1493 4597 observa-

138 4630 239 4689 tiones
259 4644 314 4689 uec
336 4626 421 4688 aliter
444 4627 582 4689 methodo
605 4644 663 4686 non
684 4628 819 4703 legitima
841 4629 1015 4698 constituta,
1044 4632 1076 4683 tu
1098 4627 1237 4696 maumis,
1259 4627 1435 4684 sonnacium
1459 4642 1495 4685 ex

139 4714 556 4792 inmansuetumque,
587 4714 666 4792 qnod
694 4712 737 4772 iiii
766 4732 802 4775 ax
825 4714 1082 4773 observationibus
1104 4713 1175 4790 ipsis
1198 4711 1404 4772 adduxerunt?
1433 4712 1495 4772 Neo

138 4803 334 4881 intercipitis
358 4802 501 4865 Gemmas
522 4805 553 4862 in
575 4799 772 4882 computando
794 4800 1024 4878 indiligentiam,
1055 4815 1112 4857 non
1136 4807 1216 4859 mam
1240 4800 1493 4873 existimationem,

1215 4904 1286 4964 16⁹
