3284 5520
228 318 290 384 188
725 312 1093 389 hesauriiypersspistss

227 499 288 559 veri
312 497 508 574 proportione,
533 493 680 571 quodnam
704 495 743 553 sit
765 494 919 570 utriusque
940 491 998 553 ioci
1022 495 1078 552 visi
1102 493 1297 570 intervallum,
1320 495 1435 557 scilicet
1452 493 1512 557 15¹.
1551 496 1591 555 At

225 585 328 665 Tycha
351 587 479 644 visarum
503 581 706 659 distautiarum
728 580 915 642 intervallum
938 581 1050 641 invonit
1072 598 1130 639 non
1158 580 1207 641 15‘
1229 580 1282 642 sed
1307 579 1370 647 lt‘.

333 674 380 732 19.
410 669 525 731 Deinde
553 688 619 730 cum
649 669 793 729 calculum
823 686 875 746 per
907 669 964 728 duo
995 668 1068 728 iolia
1096 668 1319 745 diligentissime
1348 671 1405 730 sibi
1429 669 1588 731 deduxisse

226 761 388 832 videretur,
412 756 561 819 concludit
583 757 716 817 tandem:
748 759 825 817 sicut
847 755 905 816 duo
927 755 1021 816 latera
1043 757 1179 834 trianguli
1202 757 1267 831 TE,
1290 756 1343 818 EO
1366 757 1507 836 aequalis
1529 760 1589 817 sint

226 852 309 910 tertio
334 847 402 922 OF,
436 844 515 921 quod
547 853 592 905 cst
624 853 725 905 contra
755 845 899 921 principia
924 844 1111 921 geometriae.
1158 843 1276 903 claudit
1305 851 1403 905 tamm
1432 845 1512 906 haue
1534 843 1588 906 de·

225 937 392 997 ductionem
422 933 467 992 his
496 934 607 1006 verbis,
642 949 717 1009 quae
750 950 785 991 ex
813 931 932 991 cerebra
956 932 1135 1007 vertiginosa
1158 931 1290 1009 proiecta
1311 932 1462 993 videntur:
1503 930 1590 992 Unde

226 1026 308 1101 (quia
337 1022 449 1082 scilicet
477 1019 645 1081 distantiam
675 1022 866 1097 posteriorem
894 1023 977 1078 tanto
1000 1021 1113 1078 invenit
1134 1021 1291 1092 minorem,
1321 1028 1464 1096 quantum
1487 1022 1589 1098 posuit

225 1130 324 1171 arcum
348 1111 405 1167 visi
427 1104 535 1186 matus)
557 1107 625 1166 inde
646 1109 734 1183 igitur
754 1107 929 1184 paradoxia
942 1106 1078 1167 Lanarir
1099 1124 1165 1168 aaa
1186 1114 1308 1167 matum
1331 1126 1396 1169 non
1418 1107 1499 1169 tollit
1517 1108 1589 1184 pisso

226 1218 320 1276 mam
347 1195 543 1256 subtrahebat
571 1203 729 1270 commeato
756 1194 904 1253 distantia
935 1189 1029 1275 (quae
1057 1193 1249 1254 subtrahebat
1275 1196 1332 1254 tria
1359 1190 1504 1278 minuta),
1538 1194 1590 1255 sed

225 1287 460 1345 nihilomnino.
502 1283 688 1342 Existimavit
711 1285 846 1341 nimirum
869 1279 985 1355 stultus,
1008 1299 1050 1355 aa,
1075 1283 1145 1357 quia
1166 1281 1330 1359 parallaxin
1352 1284 1589 1360 repraesentavit

225 1376 254 1432 in
277 1374 425 1433 schemate
450 1370 540 1429 literis
557 1371 621 1444 DF,
645 1369 704 1445 GE,
726 1379 885 1446 propterea
908 1377 938 1430 et
960 1376 1147 1446 computasse
1169 1369 1334 1447 perillam,
1358 1388 1448 1447 qnam
1470 1369 1588 1432 maala

224 1479 262 1522 ne
284 1462 382 1536 attigit
404 1456 531 1534 quidem.
1615 1502 1623 1521 r

330 1549 381 1606 20.
411 1547 457 1603 De
472 1545 528 1604 hac
551 1553 650 1604 tamen
668 1542 841 1604 deductione
863 1546 904 1603 ait
926 1541 976 1602 iol.
996 1544 1067 1618 169,
1091 1545 1234 1604 rationem
1249 1543 1399 1622 'Pythonia
1422 1543 1588 1619 concidere,

225 1636 402 1696 contrarium
435 1635 511 1692 euim
535 1632 599 1708 ojus
623 1629 740 1706 deduci,
776 1630 856 1707 quod
878 1629 981 1708 Tycha
1005 1630 1126 1692 dixerat.
1171 1631 1281 1692 Positis
1303 1634 1381 1693 eninr
1403 1633 1477 1694 visis
1500 1631 1589 1712 locis,

225 1740 300 1800 quos
322 1720 426 1800 Tycha
454 1735 541 1779 veros
563 1726 716 1795 posuerat,
749 1718 855 1779 deduci
878 1717 1032 1777 distantiae
1055 1737 1074 1778 a
1096 1718 1154 1778 fixa
1175 1718 1361 1796 inaequales,
1392 1727 1423 1780 st
1444 1720 1588 1780 minorem

101 1800 106 1817 ⁸
225 1828 306 1883 eam,
331 1827 418 1884 quam
441 1807 545 1884 Tycha
569 1805 722 1866 deduxerit
743 1806 883 1883 majorem
906 1804 1005 1881 paulo.
1052 1806 1142 1883 Atqui
1165 1822 1223 1866 non
1248 1805 1391 1868 intellexit
1413 1806 1525 1881 infelix,
1549 1806 1589 1867 ad

225 1899 281 1957 hac
310 1896 424 1955 calculo
456 1911 514 1952 non
543 1894 632 1952 iuisse
661 1910 752 1970 opus,
784 1899 816 1953 ut
844 1893 969 1965 sciatur,
1002 1910 1079 1968 quae
1109 1893 1248 1955 distantia
1276 1896 1389 1975 minor,
1421 1894 1480 1954 hoa
1510 1894 1589 1955 euim

224 1983 358 2062 Tychoni
381 1979 583 2059 suppeditavit
601 1981 779 2040 observatio.
818 1979 881 2040 Nec
895 1979 998 2058 Tycha
1023 1982 1051 2038 in
1076 1979 1251 2044 deductione
1274 1989 1376 2043 secuta
1397 1985 1459 2042 suis
1481 1982 1589 2043 absm-

224 2072 393 2131 vationibus
425 2071 526 2144 utique
557 2070 716 2144 quicquam
746 2067 903 2127 affirmavit
933 2070 1126 2141 contrarium,
1158 2068 1212 2129 sed
1234 2072 1390 2147 supposuit
1419 2068 1587 2148 parallaxin

222 2158 317 2218 lunari
341 2157 504 2233 aequalem,
528 2162 598 2214 tunc
614 2155 687 2214 dixit
709 2156 836 2215 futurum
852 2155 950 2228 fuisse,
974 2163 1007 2213 ut
1029 2173 1088 2214 non
1112 2158 1205 2216 minor
1219 2164 1342 2232 tantum,
1366 2164 1398 2216 ut
1415 2157 1587 2230 observatio

223 2245 296 2319 vult,
320 2245 373 2305 sed
395 2244 482 2321 plane
505 2244 599 2320 major
621 2242 772 2320 aliquanto
796 2251 875 2304 esset
896 2244 1040 2319 posterior
1062 2241 1218 2319 distantia3
1242 2252 1271 2305 et
1293 2261 1349 2321 ego
1371 2242 1463 2322 paula
1487 2253 1587 2319 antea,

222 2337 320 2411 posito
344 2333 408 2392 visa
431 2332 510 2405 loco,
534 2338 567 2389 ut
590 2331 653 2390 vult
676 2331 789 2407 Scipio,
813 2329 920 2390 deduxi
945 2329 1104 2390 secandam
1127 2330 1295 2392 distantiam
1318 2332 1429 2410 primae
1451 2334 1587 2409 proxima

223 2420 395 2497 aequalem,
418 2421 489 2496 quia
510 2417 624 2477 scilicet
645 2435 681 2478 ex
704 2417 860 2496 hypothesi
883 2417 1068 2494 parallaxeos
1091 2422 1221 2494 processi
1244 2426 1274 2480 et
1296 2422 1369 2499 ipse,
1391 2425 1493 2481 noster
1515 2435 1587 2481 vara

223 2507 384 2569 calculator
415 2505 578 2583 parallaxin
605 2506 702 2581 illam,
736 2523 824 2581 quam
853 2507 1009 2583 supposuit
1030 2505 1150 2584 Tycha,
1181 2506 1270 2583 plano
1301 2524 1360 2567 nou
1388 2505 1528 2567 adhibuit
1556 2509 1587 2566 lu

224 2595 378 2656 calculum.
412 2595 477 2654 Non
494 2595 597 2652 mirum
610 2596 706 2671 igitur,
722 2593 801 2671 quod
816 2595 1005 2670 posteriorem
1018 2591 1136 2654 deducit
1151 2596 1292 2655 minorem
1303 2594 1405 2655 multo.
1441 2595 1586 2671 Breviter,

223 2682 253 2745 ἐν
275 2680 319 2752 οἱς
341 2680 473 2762 eipennoni
494 2684 741 2759 βλασφημουντες.

329 2773 380 2829 21.
411 2769 502 2829 Necte
517 2786 595 2828 nnnc
610 2770 674 2844 tibi,
699 2768 890 2840 claromonti,
914 2767 1078 2843 corollaria,
1102 2768 1183 2830 nulla
1198 2768 1335 2846 equidem
1351 2769 1392 2830 fili
1408 2766 1587 2847 syllogistici

222 2861 398 2919 necessitate
420 2859 568 2930 revincta,
592 2873 686 2932 eaque
710 2860 768 2915 tuis
790 2855 864 2915 reier
884 2855 1061 2930 lectoribus,
1084 2874 1271 2933 nequaquam
1294 2857 1391 2918 hercle
1413 2853 1586 2919 invidenda.

222 2947 298 3006 Nam
322 2944 392 3022 quid
414 2943 466 3003 illa
488 2946 543 3002 tria
567 2944 693 3016 minuta,
723 2961 798 3018 quae
821 2942 924 3019 Tycha
947 2944 976 3000 in
999 2944 1143 3019 parallaxi
1166 2944 1319 3021 relinquit,
1343 2943 1381 3005 ad
1405 2950 1449 3014 te,
1473 2945 1527 3020 qui
1548 2961 1588 3004 ne

223 3033 313 3093 semei
337 3031 454 3108 quidem
475 3032 597 3106 respicis
619 3032 658 3089 ad
673 3031 872 3102 fundamenta,
896 3028 973 3089 unde
995 3029 1047 3089 illa
1062 3031 1165 3109 Tycha
1188 3031 1308 3092 eliciat?
1331 3034 1381 3109 qni
1403 3047 1586 3109 processum,

225 3138 283 3196 quo
307 3120 357 3178 ille
381 3118 491 3194 detegit
513 3116 587 3177 haec
609 3120 666 3177 tria
687 3120 808 3190 minuta,
832 3116 992 3193 explodis?
1021 3117 1059 3176 lit
1082 3136 1132 3178 cur
1154 3119 1206 3179 illa
1228 3118 1313 3178 addis
1337 3119 1374 3180 ad
1390 3117 1588 3179 differentiam

223 3206 409 3285 parallaxeas
437 3205 569 3281 aequalis
591 3204 810 3282 lunari,.quae
840 3205 939 3264 exulat
962 3223 981 3263 a
1003 3211 1054 3264 tuo
1082 3206 1218 3266 adculo?
1250 3225 1328 3283 quae
1350 3209 1374 3267 si
1402 3215 1500 3279 asset,
1532 3205 1586 3266 iila

224 3297 279 3354 tria
301 3297 414 3353 minuta
437 3292 569 3371 Tychani
593 3295 622 3351 in
645 3301 771 3353 mentem
794 3309 852 3351 noa
876 3293 1034 3352 venissent.
1071 3293 1202 3354 Haecine
1226 3302 1280 3369 est,
1302 3294 1466 3373 parallaxin
1488 3291 1588 3352 lunari

223 3383 364 3458 majoram
394 3381 545 3453 fabricari,
582 3398 617 3442 ex
647 3382 762 3441 duabus
791 3382 926 3440 nimirum
954 3380 1100 3456 partibus,
1132 3398 1255 3458 quarum
1285 3383 1392 3454 altera,
1424 3397 1505 3456 quae
1536 3380 1588 3440 dat

227 3473 265 3529 12
289 3473 417 3540 minuta,
441 3486 460 3527 a
483 3476 511 3528 te
534 3470 563 3526 in
587 3466 732 3528 calculum
754 3484 903 3542 nunqnam
926 3474 1045 3544 recepta
1067 3475 1128 3543 eat,
1151 3470 1259 3543 altera,
1283 3486 1359 3546 quae
1385 3469 1457 3543 dat,
1475 3466 1588 3528 dudum

224 3558 334 3634 rejecta
357 3565 385 3616 et
407 3554 552 3632 explosa?

330 3646 380 3702 22.
412 3643 541 3703 Tertiam
564 3644 733 3701 instantiam
756 3642 859 3718 incipit
880 3640 1065 3701 adversarius
1087 3642 1137 3702 iol.
1158 3645 1229 3717 172,
1253 3649 1353 3704 tantae
1377 3640 1496 3718 quidem
1521 3658 1588 3702 eam

223 3730 434 3807 amplitudinis,
458 3739 490 3789 ut
504 3732 531 3790 ei
554 3729 745 3806 explicandae
760 3746 818 3788 nan
834 3728 962 3809 sufficiat
976 3736 1056 3789 totus
1078 3730 1151 3790 liber
1165 3733 1286 3807 primus,
1311 3733 1383 3807 quin
1398 3727 1588 3804 adjiciendae

223 3820 341 3878 inerunt
364 3818 440 3877 duae
462 3818 568 3888 iacies,
600 3818 707 3892 quibus
730 3824 832 3877 auctor
855 3834 927 3876 suae
950 3815 1099 3877 doctrinae
1123 3818 1286 3878 ubertatem
1310 3818 1347 3878 de
1369 3817 1588 3877 variationibus

224 3903 456 3966 horisontalibns
483 3907 511 3962 in
534 3904 632 3982 plures
655 3907 735 3964 rivos
759 3904 923 3964 deduceret.
969 3904 1080 3963 Verum
1102 3906 1287 3983 inauspicato
1310 3911 1422 3966 structa
1444 3911 1491 3963 est
1513 3904 1589 3965 hoec

225 3996 380 4068 instantia3
410 4009 468 4067 quo
491 3995 587 4068 magis
609 3994 686 4051 enim
709 4002 811 4052 auctor
834 3999 977 4067 provocat
1000 3991 1037 4050 ad
1059 3992 1226 4068 paraliaxes
1249 4000 1279 4053 et
1300 3993 1506 4066 retractiones,
1529 3991 1589 4052 boo

225 4082 331 4143 clarius
359 4080 553 4146 demonstrat,
584 4096 633 4150 se,
666 4082 846 4157 nuspiam,
877 4079 926 4137 hic
956 4085 1032 4138 certo
1061 4087 1124 4139 toto
1154 4079 1237 4141 coelo
1267 4081 1413 4141 aberrare.
1459 4078 1589 4138 Rursum

225 4176 323 4229 autem
339 4170 432 4245 carpit
454 4175 615 4227 extremum
629 4184 752 4243 agmeu;
775 4167 812 4226 ad
828 4183 971 4225 summam
987 4169 1027 4226 rei
1047 4166 1160 4243 proficit
1176 4167 1257 4227 nihil.
1294 4167 1407 4247 Tycha,
1431 4173 1588 4227 contentus

224 4256 449 4328 demonstrasse,
474 4261 605 4315 cometae
627 4255 792 4331 parallaxin
813 4252 892 4313 baud
908 4252 1062 4329 aequalem
1086 4254 1176 4314 inisse
1199 4255 1305 4327 lunari,
1328 4253 1462 4316 concedit
1477 4260 1588 4328 nmen,

226 4344 264 4404 ad
287 4361 432 4403 summum
455 4344 542 4401 trium
564 4342 765 4418 scrupulorum
789 4342 923 4401 effectum
946 4358 978 4400 se
1001 4341 1145 4419 paraliaxi
1169 4343 1375 4403 transscribere
1399 4358 1498 4422 posse.

329 4434 379 4490 23,
409 4431 505 4506 Negat
527 4429 760 4504 claromontius,
794 4430 872 4489 hunc
895 4446 959 4489 esse
983 4428 1169 4507 paralluxeas
1192 4431 1336 4489 effectum.
1383 4427 1463 4504 Quid
1485 4427 1585 4486 damni

224 4519 343 4577 iniertur
366 4517 515 4596 Tychani,
540 4520 565 4575 si
588 4516 644 4576 hoa
667 4520 692 4577 ei
715 4517 859 4594 negatur?
890 4517 933 4574 llx
956 4514 1119 4575 abundanti
1141 4525 1336 4593 concesserat,
1360 4535 1419 4578 non
1443 4524 1587 4592 tauquam

225 4603 381 4665 deductum
411 4624 447 4665 ex
480 4623 534 4665 sua
564 4604 759 4666 conclusione.
805 4604 881 4663 Nam
911 4605 961 4680 qui
991 4604 1157 4679 contendit,
1191 4611 1320 4665 cometas
1350 4623 1440 4683 supra
1468 4602 1585 4661 Lunam

225 4708 290 4753 esee
320 4701 491 4771 argumento
513 4691 724 4771 parallaxium,
754 4696 779 4753 is
803 4709 861 4770 qao
891 4694 986 4752 minus
1012 4690 1152 4768 relinquit
1174 4695 1202 4751 in
1225 4691 1386 4770 parallaxi,
1418 4691 1476 4751 hoc
1497 4691 1590 4751 altius

225 4796 320 4856 supra
335 4780 459 4841 Lunam.
473 4797 525 4844 eos
549 4779 657 4842 avehit
