<?xml version="1.0" encoding="UTF-8"?>
<!DOCTYPE html PUBLIC "-//W3C//DTD XHTML 1.0 Transitional//EN"
    "http://www.w3.org/TR/xhtml1/DTD/xhtml1-transitional.dtd">
<html xmlns="http://www.w3.org/1999/xhtml" xml:lang="en" lang="en">
 <head>
  <title>
</title>
<meta http-equiv="Content-Type" content="text/html;charset=utf-8" />
  <meta name='ocr-system' content='tesseract 3.04.00' />
  <meta name='ocr-capabilities' content='ocr_page ocr_carea ocr_par ocr_line ocrx_word'/>
</head>
<body>
  <div class='ocr_page' id='page_1' title='image "./joanniskepleria07frisgoog/joanniskepleria07frisgoog_0822.png"; bbox 0 0 3284 5520; ppageno 0'>
   <div class='ocr_carea' id='block_1_1' title="bbox 95 1650 1448 1819">
    <p class='ocr_par' dir='ltr' id='par_1_1' title="bbox 95 1650 1448 1819">
     <span class='ocr_line' id='line_1_1' title="bbox 95 1650 1448 1819; baseline 0.007 -53"><span class='ocrx_word' id='word_1_1' title='bbox 95 1651 173 1767; x_wconf 86' lang='lat' dir='ltr'><strong>DE</strong></span> <span class='ocrx_word' id='word_1_2' title='bbox 208 1650 592 1771; x_wconf 83' lang='lat' dir='ltr'><strong>SllPlllllGlNTh</strong></span> <span class='ocrx_word' id='word_1_3' title='bbox 630 1653 1066 1773; x_wconf 79' lang='lat' dir='ltr'><strong>HEllllOMhlllBllS</strong></span> <span class='ocrx_word' id='word_1_4' title='bbox 1095 1657 1157 1819; x_wconf 79' lang='lat' dir='ltr'><strong>lll</strong></span> <span class='ocrx_word' id='word_1_5' title='bbox 1191 1656 1448 1776; x_wconf 73' lang='lat' dir='ltr'><strong>heliuth.</strong></span> 
     </span>
    </p>
   </div>
   <div class='ocr_carea' id='block_1_2' title="bbox 471 1873 1072 1940">
    <p class='ocr_par' dir='ltr' id='par_1_2' title="bbox 471 1873 1072 1940">
     <span class='ocr_line' id='line_1_2' title="bbox 471 1873 1072 1940; baseline 0.008 -5"><span class='ocrx_word' id='word_1_6' title='bbox 471 1873 814 1938; x_wconf 80' lang='lat' dir='ltr'>DISOURSUS</span> <span class='ocrx_word' id='word_1_7' title='bbox 839 1875 1072 1940; x_wconf 84' lang='lat' dir='ltr'><strong>BREVIS.</strong></span> 
     </span>
    </p>
   </div>
   <div class='ocr_carea' id='block_1_3' title="bbox 669 2109 878 2123">
    <p class='ocr_par' dir='ltr' id='par_1_3' title="bbox 669 2109 878 2123">
     <span class='ocr_line' id='line_1_3' title="bbox 669 2109 878 2123; baseline 0.01 -2"><span class='ocrx_word' id='word_1_8' title='bbox 669 2109 878 2123; x_wconf 58' lang='lat' dir='ltr'><strong>mm</strong></span> 
     </span>
    </p>
   </div>
   <div class='ocr_carea' id='block_1_4' title="bbox 92 2289 1449 3153">
    <p class='ocr_par' dir='ltr' id='par_1_4' title="bbox 92 2289 1449 3153">
     <span class='ocr_line' id='line_1_4' title="bbox 198 2289 1449 2371; baseline 0.007 -24"><span class='ocrx_word' id='word_1_9' title='bbox 198 2289 278 2350; x_wconf 80' lang='lat' dir='ltr'><strong>Inter</strong></span> <span class='ocrx_word' id='word_1_10' title='bbox 301 2291 410 2350; x_wconf 81' lang='lat' dir='ltr'><strong>multas</strong></span> <span class='ocrx_word' id='word_1_11' title='bbox 430 2291 583 2368; x_wconf 77' lang='lat' dir='ltr'><strong>perplexas</strong></span> <span class='ocrx_word' id='word_1_12' title='bbox 600 2293 896 2370; x_wconf 77' lang='lat' dir='ltr'><strong>chronographorum</strong></span> <span class='ocrx_word' id='word_1_13' title='bbox 919 2295 1105 2369; x_wconf 79' lang='lat' dir='ltr'><strong>quaestiones</strong></span> <span class='ocrx_word' id='word_1_14' title='bbox 1128 2311 1186 2351; x_wconf 90' lang='lat' dir='ltr'><strong>non</strong></span> <span class='ocrx_word' id='word_1_15' title='bbox 1211 2301 1255 2352; x_wconf 89' lang='lat' dir='ltr'><strong>est</strong></span> <span class='ocrx_word' id='word_1_16' title='bbox 1278 2293 1338 2352; x_wconf 89' lang='lat' dir='ltr'><strong>nlla</strong></span> <span class='ocrx_word' id='word_1_17' title='bbox 1354 2312 1449 2371; x_wconf 87' lang='lat' dir='ltr'><strong>neque</strong></span> 
     </span>
     <span class='ocr_line' id='line_1_5' title="bbox 95 2375 1448 2457; baseline 0.004 -23"><span class='ocrx_word' id='word_1_18' title='bbox 95 2375 221 2434; x_wconf 84' lang='lat' dir='ltr'><strong>crebrior</strong></span> <span class='ocrx_word' id='word_1_19' title='bbox 243 2381 396 2437; x_wconf 72' lang='lat' dir='ltr'><strong>sententiis</strong></span> <span class='ocrx_word' id='word_1_20' title='bbox 421 2383 596 2441; x_wconf 73' lang='lat' dir='ltr'><strong>variantium</strong></span> <span class='ocrx_word' id='word_1_21' title='bbox 619 2390 780 2453; x_wconf 85' lang='lat' dir='ltr'><strong>auctorum,</strong></span> <span class='ocrx_word' id='word_1_22' title='bbox 805 2398 901 2457; x_wconf 89' lang='lat' dir='ltr'><strong>neque</strong></span> <span class='ocrx_word' id='word_1_23' title='bbox 924 2381 1046 2455; x_wconf 83' lang='lat' dir='ltr'><strong>dignior,</strong></span> <span class='ocrx_word' id='word_1_24' title='bbox 1070 2383 1099 2437; x_wconf 92' lang='lat' dir='ltr'><strong>in</strong></span> <span class='ocrx_word' id='word_1_25' title='bbox 1123 2398 1181 2455; x_wconf 90' lang='lat' dir='ltr'><strong>qua</strong></span> <span class='ocrx_word' id='word_1_26' title='bbox 1198 2389 1360 2456; x_wconf 91' lang='lat' dir='ltr'><strong>temporum</strong></span> <span class='ocrx_word' id='word_1_27' title='bbox 1376 2400 1448 2440; x_wconf 90' lang='lat' dir='ltr'><strong>con·</strong></span> 
     </span>
     <span class='ocr_line' id='line_1_6' title="bbox 92 2465 1448 2544; baseline 0.007 -25"><span class='ocrx_word' id='word_1_28' title='bbox 92 2465 257 2538; x_wconf 87' lang='lat' dir='ltr'><strong>grncntiam</strong></span> <span class='ocrx_word' id='word_1_29' title='bbox 280 2468 484 2541; x_wconf 85' lang='lat' dir='ltr'><strong>experiantur,</strong></span> <span class='ocrx_word' id='word_1_30' title='bbox 508 2485 596 2543; x_wconf 89' lang='lat' dir='ltr'><strong>quarn</strong></span> <span class='ocrx_word' id='word_1_31' title='bbox 620 2469 693 2526; x_wconf 88' lang='lat' dir='ltr'><strong>haec</strong></span> <span class='ocrx_word' id='word_1_32' title='bbox 716 2471 780 2544; x_wconf 87' lang='lat' dir='ltr'><strong>ipsa</strong></span> <span class='ocrx_word' id='word_1_33' title='bbox 803 2467 840 2527; x_wconf 93' lang='lat' dir='ltr'><strong>de</strong></span> <span class='ocrx_word' id='word_1_34' title='bbox 865 2474 903 2527; x_wconf 80' lang='lat'><strong>70</strong></span> <span class='ocrx_word' id='word_1_35' title='bbox 927 2466 1060 2526; x_wconf 85' lang='lat' dir='ltr'><strong>Danielis</strong></span> <span class='ocrx_word' id='word_1_36' title='bbox 1084 2466 1326 2528; x_wconf 87' lang='lat' dir='ltr'><strong>hebdomadibus.</strong></span> <span class='ocrx_word' id='word_1_37' title='bbox 1372 2469 1448 2528; x_wconf 85' lang='lat' dir='ltr'><strong>Nam</strong></span> 
     </span>
     <span class='ocr_line' id='line_1_7' title="bbox 94 2551 1448 2630; baseline 0.004 -21"><span class='ocrx_word' id='word_1_38' title='bbox 94 2558 124 2609; x_wconf 88' lang='lat' dir='ltr'><strong>et</strong></span> <span class='ocrx_word' id='word_1_39' title='bbox 146 2551 312 2626; x_wconf 89' lang='lat' dir='ltr'><strong>quicunque</strong></span> <span class='ocrx_word' id='word_1_40' title='bbox 336 2553 478 2613; x_wconf 89' lang='lat' dir='ltr'><strong>hactenus</strong></span> <span class='ocrx_word' id='word_1_41' title='bbox 500 2554 579 2614; x_wconf 84' lang='lat' dir='ltr'><strong>hanc</strong></span> <span class='ocrx_word' id='word_1_42' title='bbox 600 2555 775 2614; x_wconf 88' lang='lat' dir='ltr'><strong>eruditionis</strong></span> <span class='ocrx_word' id='word_1_43' title='bbox 795 2563 906 2630; x_wconf 85' lang='lat' dir='ltr'><strong>partem</strong></span> <span class='ocrx_word' id='word_1_44' title='bbox 930 2562 1106 2628; x_wconf 78' lang='lat' dir='ltr'><strong>uastarunt,</strong></span> <span class='ocrx_word' id='word_1_45' title='bbox 1136 2556 1166 2612; x_wconf 96' lang='lat' dir='ltr'><strong>in</strong></span> <span class='ocrx_word' id='word_1_46' title='bbox 1189 2574 1225 2613; x_wconf 89' lang='lat' dir='ltr'><strong>ea</strong></span> <span class='ocrx_word' id='word_1_47' title='bbox 1247 2554 1448 2614; x_wconf 88' lang='lat' dir='ltr'><strong>desudandum</strong></span> 
     </span>
     <span class='ocr_line' id='line_1_8' title="bbox 94 2638 1449 2719; baseline 0.005 -23"><span class='ocrx_word' id='word_1_48' title='bbox 94 2638 154 2697; x_wconf 89' lang='lat' dir='ltr'><strong>sibi</strong></span> <span class='ocrx_word' id='word_1_49' title='bbox 177 2650 366 2712; x_wconf 72' lang='lat' dir='ltr'><strong>censuerunt,</strong></span> <span class='ocrx_word' id='word_1_50' title='bbox 391 2651 420 2699; x_wconf 92' lang='lat' dir='ltr'><strong>et</strong></span> <span class='ocrx_word' id='word_1_51' title='bbox 443 2645 563 2701; x_wconf 83' lang='lat' dir='ltr'><strong>materia</strong></span> <span class='ocrx_word' id='word_1_52' title='bbox 586 2645 652 2718; x_wconf 88' lang='lat' dir='ltr'><strong>ipsa</strong></span> <span class='ocrx_word' id='word_1_53' title='bbox 675 2643 742 2701; x_wconf 88' lang='lat' dir='ltr'><strong>talis</strong></span> <span class='ocrx_word' id='word_1_54' title='bbox 765 2652 826 2716; x_wconf 91' lang='lat' dir='ltr'><strong>est,</strong></span> <span class='ocrx_word' id='word_1_55' title='bbox 850 2644 934 2719; x_wconf 89' lang='lat' dir='ltr'><strong>cujus</strong></span> <span class='ocrx_word' id='word_1_56' title='bbox 956 2642 1111 2718; x_wconf 81' lang='lat' dir='ltr'><strong>perfectior</strong></span> <span class='ocrx_word' id='word_1_57' title='bbox 1133 2641 1233 2716; x_wconf 87' lang='lat' dir='ltr'><strong>aliqua</strong></span> <span class='ocrx_word' id='word_1_58' title='bbox 1256 2647 1335 2702; x_wconf 90' lang='lat' dir='ltr'><strong>notio</strong></span> <span class='ocrx_word' id='word_1_59' title='bbox 1360 2662 1449 2719; x_wconf 88' lang='lat' dir='ltr'><strong>quam</strong></span> 
     </span>
     <span class='ocr_line' id='line_1_9' title="bbox 94 2724 1448 2805; baseline 0.004 -20"><span class='ocrx_word' id='word_1_60' title='bbox 94 2724 236 2785; x_wconf 82' lang='lat' dir='ltr'><strong>hactenm</strong></span> <span class='ocrx_word' id='word_1_61' title='bbox 260 2726 377 2786; x_wconf 90' lang='lat' dir='ltr'><strong>mirifice</strong></span> <span class='ocrx_word' id='word_1_62' title='bbox 399 2727 548 2789; x_wconf 90' lang='lat' dir='ltr'><strong>hominem</strong></span> <span class='ocrx_word' id='word_1_63' title='bbox 570 2747 718 2789; x_wconf 86' lang='lat' dir='ltr'><strong>sacrarum</strong></span> <span class='ocrx_word' id='word_1_64' title='bbox 739 2729 886 2789; x_wconf 90' lang='lat' dir='ltr'><strong>literarum</strong></span> <span class='ocrx_word' id='word_1_65' title='bbox 907 2728 1071 2788; x_wconf 91' lang='lat' dir='ltr'><strong>studiosum</strong></span> <span class='ocrx_word' id='word_1_66' title='bbox 1087 2729 1232 2789; x_wconf 89' lang='lat' dir='ltr'><strong>oblectare</strong></span> <span class='ocrx_word' id='word_1_67' title='bbox 1249 2734 1348 2805; x_wconf 90' lang='lat' dir='ltr'><strong>possit.</strong></span> <span class='ocrx_word' id='word_1_68' title='bbox 1386 2731 1448 2790; x_wconf 88' lang='lat' dir='ltr'><strong>Ne-</strong></span> 
     </span>
     <span class='ocr_line' id='line_1_10' title="bbox 94 2813 1448 2894; baseline 0.005 -24"><span class='ocrx_word' id='word_1_69' title='bbox 94 2829 153 2888; x_wconf 87' lang='lat' dir='ltr'><strong>qne</strong></span> <span class='ocrx_word' id='word_1_70' title='bbox 181 2820 294 2873; x_wconf 82' lang='lat' dir='ltr'><strong>tantam</strong></span> <span class='ocrx_word' id='word_1_71' title='bbox 325 2813 455 2891; x_wconf 84' lang='lat' dir='ltr'><strong>theologi</strong></span> <span class='ocrx_word' id='word_1_72' title='bbox 483 2816 580 2876; x_wconf 81' lang='lat' dir='ltr'><strong>officio</strong></span> <span class='ocrx_word' id='word_1_73' title='bbox 607 2818 745 2876; x_wconf 81' lang='lat' dir='ltr'><strong>corruenit</strong></span> <span class='ocrx_word' id='word_1_74' title='bbox 768 2817 924 2893; x_wconf 84' lang='lat' dir='ltr'><strong>explicatio</strong></span> <span class='ocrx_word' id='word_1_75' title='bbox 948 2817 1035 2891; x_wconf 86' lang='lat' dir='ltr'><strong>hujus</strong></span> <span class='ocrx_word' id='word_1_76' title='bbox 1058 2817 1114 2889; x_wconf 88' lang='lat' dir='ltr'><strong>rei,</strong></span> <span class='ocrx_word' id='word_1_77' title='bbox 1144 2827 1297 2894; x_wconf 90' lang='lat' dir='ltr'><strong>propterea</strong></span> <span class='ocrx_word' id='word_1_78' title='bbox 1320 2819 1399 2893; x_wconf 90' lang='lat' dir='ltr'><strong>qnod</strong></span> <span class='ocrx_word' id='word_1_79' title='bbox 1423 2821 1448 2877; x_wconf 90' lang='lat' dir='ltr'><strong>is</strong></span> 
     </span>
     <span class='ocr_line' id='line_1_11' title="bbox 95 2903 1448 2981; baseline 0.004 -23"><span class='ocrx_word' id='word_1_80' title='bbox 95 2915 214 2959; x_wconf 88' lang='lat' dir='ltr'><strong>sensum</strong></span> <span class='ocrx_word' id='word_1_81' title='bbox 236 2912 327 2976; x_wconf 86' lang='lat' dir='ltr'><strong>atque</strong></span> <span class='ocrx_word' id='word_1_82' title='bbox 350 2903 407 2959; x_wconf 87' lang='lat' dir='ltr'><strong>vim</strong></span> <span class='ocrx_word' id='word_1_83' title='bbox 432 2903 544 2962; x_wconf 85' lang='lat' dir='ltr'><strong>oraculi</strong></span> <span class='ocrx_word' id='word_1_84' title='bbox 564 2904 786 2980; x_wconf 86' lang='lat' dir='ltr'><strong>praeclarissimi</strong></span> <span class='ocrx_word' id='word_1_85' title='bbox 809 2921 904 2978; x_wconf 89' lang='lat' dir='ltr'><strong>neque</strong></span> <span class='ocrx_word' id='word_1_86' title='bbox 928 2921 1030 2979; x_wconf 85' lang='lat' dir='ltr'><strong>capere</strong></span> <span class='ocrx_word' id='word_1_87' title='bbox 1055 2905 1118 2979; x_wconf 90' lang='lat' dir='ltr'><strong>ipse</strong></span> <span class='ocrx_word' id='word_1_88' title='bbox 1141 2903 1235 2976; x_wconf 91' lang='lat' dir='ltr'><strong>aliter,</strong></span> <span class='ocrx_word' id='word_1_89' title='bbox 1258 2923 1352 2979; x_wconf 88' lang='lat' dir='ltr'><strong>neque</strong></span> <span class='ocrx_word' id='word_1_90' title='bbox 1369 2904 1448 2981; x_wconf 92' lang='lat' dir='ltr'><strong>plebi</strong></span> 
     </span>
     <span class='ocr_line' id='line_1_12' title="bbox 94 2990 1448 3068; baseline 0.004 -22"><span class='ocrx_word' id='word_1_91' title='bbox 94 3003 243 3062; x_wconf 66' lang='lat' dir='ltr'><strong>exposce</strong></span> <span class='ocrx_word' id='word_1_92' title='bbox 263 2996 370 3065; x_wconf 88' lang='lat' dir='ltr'><strong>potest,</strong></span> <span class='ocrx_word' id='word_1_93' title='bbox 392 2992 450 3048; x_wconf 92' lang='lat' dir='ltr'><strong>nisi</strong></span> <span class='ocrx_word' id='word_1_94' title='bbox 472 2991 541 3050; x_wconf 89' lang='lat' dir='ltr'><strong>certi</strong></span> <span class='ocrx_word' id='word_1_95' title='bbox 565 2991 638 3065; x_wconf 87' lang='lat' dir='ltr'><strong>quid</strong></span> <span class='ocrx_word' id='word_1_96' title='bbox 659 2990 698 3051; x_wconf 84' lang='lat' dir='ltr'><strong>dc</strong></span> <span class='ocrx_word' id='word_1_97' title='bbox 717 3003 887 3067; x_wconf 90' lang='lat' dir='ltr'><strong>temporum,</strong></span> <span class='ocrx_word' id='word_1_98' title='bbox 912 3009 987 3066; x_wconf 90' lang='lat' dir='ltr'><strong>qnae</strong></span> <span class='ocrx_word' id='word_1_99' title='bbox 1003 2993 1168 3066; x_wconf 90' lang='lat' dir='ltr'><strong>quaestioni</strong></span> <span class='ocrx_word' id='word_1_100' title='bbox 1187 2991 1351 3060; x_wconf 89' lang='lat' dir='ltr'><strong>cohaerent,</strong></span> <span class='ocrx_word' id='word_1_101' title='bbox 1376 3010 1448 3068; x_wconf 92' lang='lat' dir='ltr'><strong>sup-</strong></span> 
     </span>
     <span class='ocr_line' id='line_1_13' title="bbox 94 3075 1447 3153; baseline 0.004 -20"><span class='ocrx_word' id='word_1_102' title='bbox 94 3076 246 3150; x_wconf 88' lang='lat' dir='ltr'><strong>putatione</strong></span> <span class='ocrx_word' id='word_1_103' title='bbox 269 3083 394 3150; x_wconf 87' lang='lat' dir='ltr'><strong>statuat;</strong></span> <span class='ocrx_word' id='word_1_104' title='bbox 418 3075 472 3136; x_wconf 90' lang='lat' dir='ltr'><strong>sed</strong></span> <span class='ocrx_word' id='word_1_105' title='bbox 493 3095 544 3153; x_wconf 87' lang='lat' dir='ltr'><strong>per</strong></span> <span class='ocrx_word' id='word_1_106' title='bbox 565 3096 596 3138; x_wconf 90' lang='lat' dir='ltr'><strong>se</strong></span> <span class='ocrx_word' id='word_1_107' title='bbox 621 3077 778 3153; x_wconf 76' lang='lat' dir='ltr'><strong>cuiuslibet</strong></span> <span class='ocrx_word' id='word_1_108' title='bbox 799 3097 815 3137; x_wconf 92' lang='lat' dir='ltr'><strong>c</strong></span> <span class='ocrx_word' id='word_1_109' title='bbox 839 3086 922 3138; x_wconf 92' lang='lat' dir='ltr'><strong>coetu</strong></span> <span class='ocrx_word' id='word_1_110' title='bbox 947 3078 1104 3137; x_wconf 85' lang='lat' dir='ltr'><strong>christiano</strong></span> <span class='ocrx_word' id='word_1_111' title='bbox 1121 3096 1189 3137; x_wconf 90' lang='lat' dir='ltr'><strong>cura</strong></span> <span class='ocrx_word' id='word_1_112' title='bbox 1206 3088 1234 3137; x_wconf 91' lang='lat' dir='ltr'><strong>ct</strong></span> <span class='ocrx_word' id='word_1_113' title='bbox 1250 3078 1447 3139; x_wconf 88' lang='lat' dir='ltr'><strong>sollicitudine</strong></span> 
     </span>
    </p>
   </div>
   <div class='ocr_carea' id='block_1_5' title="bbox 95 3161 1558 3241">
    <p class='ocr_par' dir='ltr' id='par_1_5' title="bbox 95 3161 1558 3241">
     <span class='ocr_line' id='line_1_14' title="bbox 95 3161 1558 3241; baseline 0.003 -22"><span class='ocrx_word' id='word_1_114' title='bbox 95 3161 214 3236; x_wconf 89' lang='lat' dir='ltr'><strong>dignum</strong></span> <span class='ocrx_word' id='word_1_115' title='bbox 230 3170 283 3236; x_wconf 90' lang='lat' dir='ltr'><strong>est,</strong></span> <span class='ocrx_word' id='word_1_116' title='bbox 309 3166 512 3223; x_wconf 82' lang='lat' dir='ltr'><strong>vaticiniorum</strong></span> <span class='ocrx_word' id='word_1_117' title='bbox 525 3183 673 3224; x_wconf 90' lang='lat' dir='ltr'><strong>sacrorum</strong></span> <span class='ocrx_word' id='word_1_118' title='bbox 689 3164 841 3240; x_wconf 84' lang='lat' dir='ltr'><strong>explorare</strong></span> <span class='ocrx_word' id='word_1_119' title='bbox 856 3166 1067 3238; x_wconf 88' lang='lat' dir='ltr'><strong>certitudinem,</strong></span> <span class='ocrx_word' id='word_1_120' title='bbox 1092 3168 1261 3241; x_wconf 89' lang='lat' dir='ltr'><strong>praesertim</strong></span> <span class='ocrx_word' id='word_1_121' title='bbox 1278 3170 1312 3239; x_wconf 91' lang='lat' dir='ltr'><strong>si,</strong></span> <span class='ocrx_word' id='word_1_122' title='bbox 1336 3170 1448 3226; x_wconf 86' lang='lat' dir='ltr'><strong>ratione</strong></span> <span class='ocrx_word' id='word_1_123' title='bbox 1551 3212 1558 3221; x_wconf 97' lang='lat'>.</span> 
     </span>
    </p>
   </div>
   <div class='ocr_carea' id='block_1_6' title="bbox 94 3251 1496 4813">
    <p class='ocr_par' dir='ltr' id='par_1_6' title="bbox 95 3251 1448 3762">
     <span class='ocr_line' id='line_1_15' title="bbox 95 3251 1447 3328; baseline 0.003 -20"><span class='ocrx_word' id='word_1_124' title='bbox 95 3258 261 3326; x_wconf 88' lang='lat' dir='ltr'><strong>temporum</strong></span> <span class='ocrx_word' id='word_1_125' title='bbox 281 3252 422 3328; x_wconf 82' lang='lat' dir='ltr'><strong>inspecta,</strong></span> <span class='ocrx_word' id='word_1_126' title='bbox 446 3251 516 3311; x_wconf 88' lang='lat' dir='ltr'><strong>olim</strong></span> <span class='ocrx_word' id='word_1_127' title='bbox 540 3252 575 3312; x_wconf 91' lang='lat' dir='ltr'><strong>de</strong></span> <span class='ocrx_word' id='word_1_128' title='bbox 600 3255 802 3312; x_wconf 85' lang='lat' dir='ltr'><strong>controversia</strong></span> <span class='ocrx_word' id='word_1_129' title='bbox 822 3252 916 3328; x_wconf 87' lang='lat' dir='ltr'><strong>deque</strong></span> <span class='ocrx_word' id='word_1_130' title='bbox 933 3251 1084 3311; x_wconf 85' lang='lat' dir='ltr'><strong>dubitandi</strong></span> <span class='ocrx_word' id='word_1_131' title='bbox 1101 3255 1198 3311; x_wconf 85' lang='lat' dir='ltr'><strong>causis</strong></span> <span class='ocrx_word' id='word_1_132' title='bbox 1214 3254 1300 3313; x_wconf 90' lang='lat' dir='ltr'><strong>luerit</strong></span> <span class='ocrx_word' id='word_1_133' title='bbox 1316 3252 1447 3312; x_wconf 89' lang='lat' dir='ltr'><strong>edoctus.</strong></span> 
     </span>
     <span class='ocr_line' id='line_1_16' title="bbox 95 3334 1448 3418; baseline 0.002 -23"><span class='ocrx_word' id='word_1_134' title='bbox 95 3334 165 3395; x_wconf 89' lang='lat' dir='ltr'><strong>Jam</strong></span> <span class='ocrx_word' id='word_1_135' title='bbox 189 3346 218 3395; x_wconf 91' lang='lat' dir='ltr'><strong>et</strong></span> <span class='ocrx_word' id='word_1_136' title='bbox 240 3338 269 3394; x_wconf 90' lang='lat' dir='ltr'><strong>in</strong></span> <span class='ocrx_word' id='word_1_137' title='bbox 292 3339 458 3414; x_wconf 87' lang='lat' dir='ltr'><strong>praesentia</strong></span> <span class='ocrx_word' id='word_1_138' title='bbox 478 3339 623 3417; x_wconf 89' lang='lat' dir='ltr'><strong>scmpnlo,</strong></span> <span class='ocrx_word' id='word_1_139' title='bbox 649 3342 698 3416; x_wconf 95' lang='lat' dir='ltr'><strong>qui</strong></span> <span class='ocrx_word' id='word_1_140' title='bbox 722 3343 816 3418; x_wconf 89' lang='lat' dir='ltr'><strong>ipsum</strong></span> <span class='ocrx_word' id='word_1_141' title='bbox 839 3348 960 3411; x_wconf 87' lang='lat' dir='ltr'><strong>urserat,</strong></span> <span class='ocrx_word' id='word_1_142' title='bbox 985 3348 1110 3412; x_wconf 81' lang='lat' dir='ltr'><strong>exemto,</strong></span> <span class='ocrx_word' id='word_1_143' title='bbox 1133 3340 1189 3397; x_wconf 89' lang='lat' dir='ltr'><strong>sibi</strong></span> <span class='ocrx_word' id='word_1_144' title='bbox 1214 3340 1248 3399; x_wconf 94' lang='lat' dir='ltr'><strong>de</strong></span> <span class='ocrx_word' id='word_1_145' title='bbox 1272 3341 1336 3400; x_wconf 90' lang='lat' dir='ltr'><strong>luce</strong></span> <span class='ocrx_word' id='word_1_146' title='bbox 1360 3341 1448 3399; x_wconf 83' lang='lat' dir='ltr'><strong>afful-</strong></span> 
     </span>
     <span class='ocr_line' id='line_1_17' title="bbox 95 3423 1448 3504; baseline 0.004 -21"><span class='ocrx_word' id='word_1_147' title='bbox 95 3433 182 3498; x_wconf 83' lang='lat' dir='ltr'><strong>gente</strong></span> <span class='ocrx_word' id='word_1_148' title='bbox 204 3423 409 3499; x_wconf 83' lang='lat' dir='ltr'><strong>gratulabitur,</strong></span> <span class='ocrx_word' id='word_1_149' title='bbox 432 3435 462 3486; x_wconf 89' lang='lat' dir='ltr'><strong>et</strong></span> <span class='ocrx_word' id='word_1_150' title='bbox 484 3426 648 3503; x_wconf 88' lang='lat' dir='ltr'><strong>exemplum</strong></span> <span class='ocrx_word' id='word_1_151' title='bbox 668 3430 696 3483; x_wconf 86' lang='lat' dir='ltr'><strong>in</strong></span> <span class='ocrx_word' id='word_1_152' title='bbox 713 3437 860 3502; x_wconf 80' lang='lat' dir='ltr'><strong>posterum</strong></span> <span class='ocrx_word' id='word_1_153' title='bbox 875 3427 966 3484; x_wconf 90' lang='lat' dir='ltr'><strong>latius</strong></span> <span class='ocrx_word' id='word_1_154' title='bbox 980 3427 1121 3498; x_wconf 89' lang='lat' dir='ltr'><strong>manabit,</strong></span> <span class='ocrx_word' id='word_1_155' title='bbox 1145 3435 1178 3486; x_wconf 93' lang='lat' dir='ltr'><strong>ut</strong></span> <span class='ocrx_word' id='word_1_156' title='bbox 1193 3445 1278 3502; x_wconf 90' lang='lat' dir='ltr'><strong>porro</strong></span> <span class='ocrx_word' id='word_1_157' title='bbox 1294 3428 1448 3504; x_wconf 87' lang='lat' dir='ltr'><strong>magnifice</strong></span> 
     </span>
     <span class='ocr_line' id='line_1_18' title="bbox 95 3510 1445 3589; baseline 0.002 -19"><span class='ocrx_word' id='word_1_158' title='bbox 95 3510 131 3570; x_wconf 88' lang='lat' dir='ltr'><strong>de</strong></span> <span class='ocrx_word' id='word_1_159' title='bbox 154 3510 212 3571; x_wconf 88' lang='lat' dir='ltr'><strong>fide</strong></span> <span class='ocrx_word' id='word_1_160' title='bbox 233 3511 441 3588; x_wconf 84' lang='lat' dir='ltr'><strong>prophetarum</strong></span> <span class='ocrx_word' id='word_1_161' title='bbox 462 3517 579 3587; x_wconf 87' lang='lat' dir='ltr'><strong>sentiat,</strong></span> <span class='ocrx_word' id='word_1_162' title='bbox 603 3531 657 3574; x_wconf 91' lang='lat' dir='ltr'><strong>nec</strong></span> <span class='ocrx_word' id='word_1_163' title='bbox 679 3518 778 3573; x_wconf 89' lang='lat' dir='ltr'><strong>statim</strong></span> <span class='ocrx_word' id='word_1_164' title='bbox 800 3516 838 3573; x_wconf 91' lang='lat' dir='ltr'><strong>ab</strong></span> <span class='ocrx_word' id='word_1_165' title='bbox 862 3531 896 3573; x_wconf 89' lang='lat' dir='ltr'><strong>ea</strong></span> <span class='ocrx_word' id='word_1_166' title='bbox 920 3512 1072 3586; x_wconf 88' lang='lat' dir='ltr'><strong>desciscat,</strong></span> <span class='ocrx_word' id='word_1_167' title='bbox 1097 3516 1121 3571; x_wconf 90' lang='lat' dir='ltr'><strong>si</strong></span> <span class='ocrx_word' id='word_1_168' title='bbox 1146 3513 1215 3589; x_wconf 87' lang='lat' dir='ltr'><strong>quid</strong></span> <span class='ocrx_word' id='word_1_169' title='bbox 1232 3516 1396 3585; x_wconf 90' lang='lat' dir='ltr'><strong>obscurum,</strong></span> <span class='ocrx_word' id='word_1_170' title='bbox 1420 3518 1445 3573; x_wconf 92' lang='lat' dir='ltr'><strong>si</strong></span> 
     </span>
     <span class='ocr_line' id='line_1_19' title="bbox 96 3598 1448 3677; baseline 0.004 -22"><span class='ocrx_word' id='word_1_171' title='bbox 96 3598 165 3673; x_wconf 91' lang='lat' dir='ltr'><strong>quid</strong></span> <span class='ocrx_word' id='word_1_172' title='bbox 189 3598 326 3659; x_wconf 79' lang='lat' dir='ltr'><strong>hemardo</strong></span> <span class='ocrx_word' id='word_1_173' title='bbox 345 3602 469 3677; x_wconf 84' lang='lat' dir='ltr'><strong>ingeniis</strong></span> <span class='ocrx_word' id='word_1_174' title='bbox 493 3604 670 3662; x_wconf 81' lang='lat' dir='ltr'><strong>controverti</strong></span> <span class='ocrx_word' id='word_1_175' title='bbox 692 3602 800 3676; x_wconf 86' lang='lat' dir='ltr'><strong>rideat,</strong></span> <span class='ocrx_word' id='word_1_176' title='bbox 825 3619 890 3661; x_wconf 91' lang='lat' dir='ltr'><strong>cum</strong></span> <span class='ocrx_word' id='word_1_177' title='bbox 913 3600 1036 3674; x_wconf 89' lang='lat' dir='ltr'><strong>nodum,</strong></span> <span class='ocrx_word' id='word_1_178' title='bbox 1062 3604 1110 3659; x_wconf 90' lang='lat' dir='ltr'><strong>nni</strong></span> <span class='ocrx_word' id='word_1_179' title='bbox 1133 3601 1385 3677; x_wconf 81' lang='lat' dir='ltr'><strong>inexplicabilem,</strong></span> <span class='ocrx_word' id='word_1_180' title='bbox 1409 3602 1448 3661; x_wconf 91' lang='lat' dir='ltr'><strong>ab</strong></span> 
     </span>
     <span class='ocr_line' id='line_1_20' title="bbox 96 3685 564 3762; baseline -0.002 -16"><span class='ocrx_word' id='word_1_181' title='bbox 96 3685 190 3746; x_wconf 87' lang='lat' dir='ltr'><strong>altere</strong></span> <span class='ocrx_word' id='word_1_182' title='bbox 212 3685 287 3745; x_wconf 84' lang='lat' dir='ltr'><strong>solvi</strong></span> <span class='ocrx_word' id='word_1_183' title='bbox 312 3705 400 3762; x_wconf 90' lang='lat' dir='ltr'><strong>posse</strong></span> <span class='ocrx_word' id='word_1_184' title='bbox 422 3686 564 3747; x_wconf 89' lang='lat' dir='ltr'><strong>didicerit.</strong></span> 
     </span>
    </p>

    <p class='ocr_par' dir='ltr' id='par_1_7' title="bbox 94 3773 1496 4813">
     <span class='ocr_line' id='line_1_21' title="bbox 200 3773 1448 3854; baseline 0.001 -22"><span class='ocrx_word' id='word_1_185' title='bbox 200 3773 309 3833; x_wconf 87' lang='lat' dir='ltr'><strong>Verum</strong></span> <span class='ocrx_word' id='word_1_186' title='bbox 334 3773 382 3835; x_wconf 88' lang='lat' dir='ltr'><strong>bie</strong></span> <span class='ocrx_word' id='word_1_187' title='bbox 404 3774 490 3833; x_wconf 87' lang='lat' dir='ltr'><strong>video</strong></span> <span class='ocrx_word' id='word_1_188' title='bbox 514 3774 585 3833; x_wconf 93' lang='lat' dir='ltr'><strong>mihi</strong></span> <span class='ocrx_word' id='word_1_189' title='bbox 608 3775 697 3850; x_wconf 90' lang='lat' dir='ltr'><strong>objici</strong></span> <span class='ocrx_word' id='word_1_190' title='bbox 721 3792 822 3850; x_wconf 90' lang='lat' dir='ltr'><strong>posse:</strong></span> <span class='ocrx_word' id='word_1_191' title='bbox 854 3776 984 3833; x_wconf 85' lang='lat' dir='ltr'><strong>sitente</strong></span> <span class='ocrx_word' id='word_1_192' title='bbox 1008 3777 1188 3852; x_wconf 87' lang='lat' dir='ltr'><strong>quaestionis</strong></span> <span class='ocrx_word' id='word_1_193' title='bbox 1210 3779 1247 3835; x_wconf 91' lang='lat' dir='ltr'><strong>sit</strong></span> <span class='ocrx_word' id='word_1_194' title='bbox 1270 3777 1448 3854; x_wconf 83' lang='lat' dir='ltr'><strong>perplexitas</strong></span> 
     </span>
     <span class='ocr_line' id='line_1_22' title="bbox 98 3860 1447 3940; baseline 0 -20"><span class='ocrx_word' id='word_1_195' title='bbox 98 3869 128 3920; x_wconf 91' lang='lat' dir='ltr'><strong>et</strong></span> <span class='ocrx_word' id='word_1_196' title='bbox 151 3867 195 3918; x_wconf 92' lang='lat' dir='ltr'><strong>tot</strong></span> <span class='ocrx_word' id='word_1_197' title='bbox 218 3860 417 3937; x_wconf 76' lang='lat' dir='ltr'><strong>discrepantes</strong></span> <span class='ocrx_word' id='word_1_198' title='bbox 440 3871 591 3922; x_wconf 92' lang='lat' dir='ltr'><strong>auctorum</strong></span> <span class='ocrx_word' id='word_1_199' title='bbox 608 3863 769 3938; x_wconf 81' lang='lat' dir='ltr'><strong>opiniones,</strong></span> <span class='ocrx_word' id='word_1_200' title='bbox 793 3864 885 3920; x_wconf 91' lang='lat' dir='ltr'><strong>satius</strong></span> <span class='ocrx_word' id='word_1_201' title='bbox 902 3862 1023 3921; x_wconf 83' lang='lat' dir='ltr'><strong>tortasse</strong></span> <span class='ocrx_word' id='word_1_202' title='bbox 1039 3861 1140 3933; x_wconf 84' lang='lat' dir='ltr'><strong>videri,</strong></span> <span class='ocrx_word' id='word_1_203' title='bbox 1163 3864 1307 3922; x_wconf 90' lang='lat' dir='ltr'><strong>abstinere</strong></span> <span class='ocrx_word' id='word_1_204' title='bbox 1322 3867 1447 3940; x_wconf 88' lang='lat' dir='ltr'><strong>penitus,</strong></span> 
     </span>
     <span class='ocr_line' id='line_1_23' title="bbox 96 3948 1449 4026; baseline 0 -21"><span class='ocrx_word' id='word_1_205' title='bbox 96 3964 196 4023; x_wconf 81' lang='lat' dir='ltr'><strong>quom,</strong></span> <span class='ocrx_word' id='word_1_206' title='bbox 217 3948 269 4007; x_wconf 91' lang='lat' dir='ltr'><strong>uhi</strong></span> <span class='ocrx_word' id='word_1_207' title='bbox 292 3955 407 4024; x_wconf 89' lang='lat' dir='ltr'><strong>tempus</strong></span> <span class='ocrx_word' id='word_1_208' title='bbox 430 3957 459 4008; x_wconf 88' lang='lat' dir='ltr'><strong>et</strong></span> <span class='ocrx_word' id='word_1_209' title='bbox 482 3967 599 4025; x_wconf 90' lang='lat' dir='ltr'><strong>operam</strong></span> <span class='ocrx_word' id='word_1_210' title='bbox 623 3949 789 4026; x_wconf 89' lang='lat' dir='ltr'><strong>perdideris,</strong></span> <span class='ocrx_word' id='word_1_211' title='bbox 813 3950 995 4008; x_wconf 89' lang='lat' dir='ltr'><strong>incertiorem</strong></span> <span class='ocrx_word' id='word_1_212' title='bbox 1018 3949 1097 4008; x_wconf 89' lang='lat' dir='ltr'><strong>abire</strong></span> <span class='ocrx_word' id='word_1_213' title='bbox 1114 3967 1200 4024; x_wconf 89' lang='lat' dir='ltr'><strong>quam</strong></span> <span class='ocrx_word' id='word_1_214' title='bbox 1217 3951 1379 4010; x_wconf 84' lang='lat' dir='ltr'><strong>adveneris.</strong></span> <span class='ocrx_word' id='word_1_215' title='bbox 1417 3948 1449 4008; x_wconf 84' lang='lat' dir='ltr'><strong>Si</strong></span> 
     </span>
     <span class='ocr_line' id='line_1_24' title="bbox 95 4036 1449 4114; baseline 0 -21"><span class='ocrx_word' id='word_1_216' title='bbox 95 4051 225 4110; x_wconf 88' lang='lat' dir='ltr'><strong>namque</strong></span> <span class='ocrx_word' id='word_1_217' title='bbox 247 4052 333 4094; x_wconf 89' lang='lat' dir='ltr'><strong>neme</strong></span> <span class='ocrx_word' id='word_1_218' title='bbox 356 4036 599 4112; x_wconf 86' lang='lat' dir='ltr'><strong>chronologorum</strong></span> <span class='ocrx_word' id='word_1_219' title='bbox 622 4053 742 4111; x_wconf 87' lang='lat' dir='ltr'><strong>scopum</strong></span> <span class='ocrx_word' id='word_1_220' title='bbox 766 4036 908 4095; x_wconf 89' lang='lat' dir='ltr'><strong>hactenus</strong></span> <span class='ocrx_word' id='word_1_221' title='bbox 931 4038 1044 4113; x_wconf 87' lang='lat' dir='ltr'><strong>attigit,</strong></span> <span class='ocrx_word' id='word_1_222' title='bbox 1074 4036 1143 4111; x_wconf 92' lang='lat' dir='ltr'><strong>quid</strong></span> <span class='ocrx_word' id='word_1_223' title='bbox 1167 4036 1283 4096; x_wconf 86' lang='lat' dir='ltr'><strong>tandem</strong></span> <span class='ocrx_word' id='word_1_224' title='bbox 1306 4036 1449 4114; x_wconf 83' lang='lat' dir='ltr'><strong>praeclari</strong></span> 
     </span>
     <span class='ocr_line' id='line_1_25' title="bbox 94 4120 1496 4201; baseline 0.001 -21"><span class='ocrx_word' id='word_1_225' title='bbox 94 4120 270 4198; x_wconf 88' lang='lat' dir='ltr'><strong>sperandum</strong></span> <span class='ocrx_word' id='word_1_226' title='bbox 294 4122 343 4183; x_wconf 87' lang='lat' dir='ltr'><strong>vel</strong></span> <span class='ocrx_word' id='word_1_227' title='bbox 367 4123 402 4182; x_wconf 90' lang='lat' dir='ltr'><strong>de</strong></span> <span class='ocrx_word' id='word_1_228' title='bbox 425 4133 524 4183; x_wconf 87' lang='lat' dir='ltr'><strong>sumtu</strong></span> <span class='ocrx_word' id='word_1_229' title='bbox 546 4127 686 4201; x_wconf 84' lang='lat' dir='ltr'><strong>repetitae</strong></span> <span class='ocrx_word' id='word_1_230' title='bbox 710 4125 906 4198; x_wconf 87' lang='lat' dir='ltr'><strong>inquisitionis</strong></span> <span class='ocrx_word' id='word_1_231' title='bbox 929 4123 977 4182; x_wconf 85' lang='lat' dir='ltr'><strong>vel</strong></span> <span class='ocrx_word' id='word_1_232' title='bbox 1001 4122 1037 4182; x_wconf 93' lang='lat' dir='ltr'><strong>de</strong></span> <span class='ocrx_word' id='word_1_233' title='bbox 1060 4122 1187 4182; x_wconf 89' lang='lat' dir='ltr'><strong>utilitate</strong></span> <span class='ocrx_word' id='word_1_234' title='bbox 1211 4124 1377 4183; x_wconf 81' lang='lat' dir='ltr'><strong>auditoris?</strong></span> <span class='ocrx_word' id='word_1_235' title='bbox 1411 4123 1448 4182; x_wconf 87' lang='lat' dir='ltr'><strong>Et</strong></span> <span class='ocrx_word' id='word_1_236' title='bbox 1493 4163 1496 4171; x_wconf 87' lang='lat'>-</span> 
     </span>
     <span class='ocr_line' id='line_1_26' title="bbox 95 4209 1448 4285; baseline -0.001 -16"><span class='ocrx_word' id='word_1_237' title='bbox 95 4217 167 4269; x_wconf 83' lang='lat' dir='ltr'><strong>suut</strong></span> <span class='ocrx_word' id='word_1_238' title='bbox 187 4209 314 4285; x_wconf 90' lang='lat' dir='ltr'><strong>quidem,</strong></span> <span class='ocrx_word' id='word_1_239' title='bbox 340 4212 391 4284; x_wconf 90' lang='lat' dir='ltr'><strong>qui</strong></span> <span class='ocrx_word' id='word_1_240' title='bbox 413 4227 471 4270; x_wconf 88' lang='lat' dir='ltr'><strong>non</strong></span> <span class='ocrx_word' id='word_1_241' title='bbox 495 4214 523 4270; x_wconf 90' lang='lat' dir='ltr'><strong>in</strong></span> <span class='ocrx_word' id='word_1_242' title='bbox 547 4230 594 4272; x_wconf 85' lang='lat' dir='ltr'><strong>me</strong></span> <span class='ocrx_word' id='word_1_243' title='bbox 617 4219 730 4270; x_wconf 90' lang='lat' dir='ltr'><strong>tantum</strong></span> <span class='ocrx_word' id='word_1_244' title='bbox 753 4210 809 4269; x_wconf 88' lang='lat' dir='ltr'><strong>hoc</strong></span> <span class='ocrx_word' id='word_1_245' title='bbox 832 4211 930 4270; x_wconf 89' lang='lat' dir='ltr'><strong>animo</strong></span> <span class='ocrx_word' id='word_1_246' title='bbox 947 4210 1046 4270; x_wconf 89' lang='lat' dir='ltr'><strong>invehi</strong></span> <span class='ocrx_word' id='word_1_247' title='bbox 1062 4213 1183 4285; x_wconf 85' lang='lat' dir='ltr'><strong>possint,</strong></span> <span class='ocrx_word' id='word_1_248' title='bbox 1208 4212 1259 4271; x_wconf 88' lang='lat' dir='ltr'><strong>sed</strong></span> <span class='ocrx_word' id='word_1_249' title='bbox 1277 4215 1365 4272; x_wconf 88' lang='lat' dir='ltr'><strong>etiam</strong></span> <span class='ocrx_word' id='word_1_250' title='bbox 1380 4213 1448 4270; x_wconf 91' lang='lat' dir='ltr'><strong>uni-</strong></span> 
     </span>
     <span class='ocr_line' id='line_1_27' title="bbox 95 4296 1448 4376; baseline -0.001 -20"><span class='ocrx_word' id='word_1_251' title='bbox 95 4314 210 4357; x_wconf 80' lang='lat' dir='ltr'><strong>uersam</strong></span> <span class='ocrx_word' id='word_1_252' title='bbox 233 4296 479 4372; x_wconf 84' lang='lat' dir='ltr'><strong>chronologorum</strong></span> <span class='ocrx_word' id='word_1_253' title='bbox 501 4315 618 4374; x_wconf 89' lang='lat' dir='ltr'><strong>operam</strong></span> <span class='ocrx_word' id='word_1_254' title='bbox 642 4298 700 4358; x_wconf 90' lang='lat' dir='ltr'><strong>huc</strong></span> <span class='ocrx_word' id='word_1_255' title='bbox 722 4301 882 4373; x_wconf 89' lang='lat' dir='ltr'><strong>impensam</strong></span> <span class='ocrx_word' id='word_1_256' title='bbox 902 4296 1121 4374; x_wconf 88' lang='lat' dir='ltr'><strong>reprehendant,</strong></span> <span class='ocrx_word' id='word_1_257' title='bbox 1146 4299 1252 4373; x_wconf 90' lang='lat' dir='ltr'><strong>quibus</strong></span> <span class='ocrx_word' id='word_1_258' title='bbox 1270 4302 1333 4376; x_wconf 80' lang='lat' dir='ltr'><strong>ipsa</strong></span> <span class='ocrx_word' id='word_1_259' title='bbox 1347 4297 1448 4356; x_wconf 88' lang='lat' dir='ltr'><strong>multi-</strong></span> 
     </span>
     <span class='ocr_line' id='line_1_28' title="bbox 94 4383 1449 4462; baseline -0.002 -17"><span class='ocrx_word' id='word_1_260' title='bbox 94 4383 166 4445; x_wconf 86' lang='lat' dir='ltr'><strong>tude</strong></span> <span class='ocrx_word' id='word_1_261' title='bbox 197 4384 430 4445; x_wconf 86' lang='lat' dir='ltr'><strong>dissentientium</strong></span> <span class='ocrx_word' id='word_1_262' title='bbox 459 4385 702 4462; x_wconf 84' lang='lat' dir='ltr'><strong>chronologorum</strong></span> <span class='ocrx_word' id='word_1_263' title='bbox 732 4393 782 4444; x_wconf 90' lang='lat' dir='ltr'><strong>aut</strong></span> <span class='ocrx_word' id='word_1_264' title='bbox 807 4386 982 4445; x_wconf 88' lang='lat' dir='ltr'><strong>curiositatis</strong></span> <span class='ocrx_word' id='word_1_265' title='bbox 1006 4392 1057 4444; x_wconf 88' lang='lat' dir='ltr'><strong>aut</strong></span> <span class='ocrx_word' id='word_1_266' title='bbox 1079 4388 1278 4461; x_wconf 86' lang='lat' dir='ltr'><strong>arrogantiae,</strong></span> <span class='ocrx_word' id='word_1_267' title='bbox 1308 4389 1449 4462; x_wconf 90' lang='lat' dir='ltr'><strong>quisunt</strong></span> 
     </span>
     <span class='ocr_line' id='line_1_29' title="bbox 94 4470 1448 4549; baseline 0 -19"><span class='ocrx_word' id='word_1_268' title='bbox 94 4470 184 4531; x_wconf 84' lang='lat' dir='ltr'><strong>hodie</strong></span> <span class='ocrx_word' id='word_1_269' title='bbox 207 4489 376 4533; x_wconf 84' lang='lat' dir='ltr'><strong>comumnes</strong></span> <span class='ocrx_word' id='word_1_270' title='bbox 398 4472 579 4533; x_wconf 89' lang='lat' dir='ltr'><strong>literatorum</strong></span> <span class='ocrx_word' id='word_1_271' title='bbox 595 4475 697 4545; x_wconf 92' lang='lat' dir='ltr'><strong>morbi,</strong></span> <span class='ocrx_word' id='word_1_272' title='bbox 718 4474 915 4548; x_wconf 86' lang='lat' dir='ltr'><strong>suspicionem</strong></span> <span class='ocrx_word' id='word_1_273' title='bbox 930 4473 1008 4531; x_wconf 85' lang='lat' dir='ltr'><strong>lacit.</strong></span> <span class='ocrx_word' id='word_1_274' title='bbox 1048 4470 1223 4531; x_wconf 88' lang='lat' dir='ltr'><strong>Modestiam</strong></span> <span class='ocrx_word' id='word_1_275' title='bbox 1240 4476 1336 4549; x_wconf 90' lang='lat' dir='ltr'><strong>igitur,</strong></span> <span class='ocrx_word' id='word_1_276' title='bbox 1362 4472 1448 4532; x_wconf 86' lang='lat' dir='ltr'><strong>Chri·</strong></span> 
     </span>
     <span class='ocr_line' id='line_1_30' title="bbox 96 4559 1448 4637; baseline -0.003 -16"><span class='ocrx_word' id='word_1_277' title='bbox 96 4561 193 4621; x_wconf 75' lang='lat' dir='ltr'><strong>nano</strong></span> <span class='ocrx_word' id='word_1_278' title='bbox 217 4559 355 4636; x_wconf 88' lang='lat' dir='ltr'><strong>dignam,</strong></span> <span class='ocrx_word' id='word_1_279' title='bbox 377 4559 584 4621; x_wconf 82' lang='lat' dir='ltr'><strong>desiderabunt</strong></span> <span class='ocrx_word' id='word_1_280' title='bbox 606 4563 635 4618; x_wconf 93' lang='lat' dir='ltr'><strong>in</strong></span> <span class='ocrx_word' id='word_1_281' title='bbox 659 4561 906 4636; x_wconf 81' lang='lat' dir='ltr'><strong>disputatoribus,</strong></span> <span class='ocrx_word' id='word_1_282' title='bbox 938 4561 988 4635; x_wconf 92' lang='lat' dir='ltr'><strong>qui</strong></span> <span class='ocrx_word' id='word_1_283' title='bbox 1013 4561 1040 4616; x_wconf 92' lang='lat' dir='ltr'><strong>in</strong></span> <span class='ocrx_word' id='word_1_284' title='bbox 1064 4560 1151 4619; x_wconf 90' lang='lat' dir='ltr'><strong>rebus</strong></span> <span class='ocrx_word' id='word_1_285' title='bbox 1175 4569 1234 4618; x_wconf 91' lang='lat' dir='ltr'><strong>tam</strong></span> <span class='ocrx_word' id='word_1_286' title='bbox 1257 4560 1356 4620; x_wconf 91' lang='lat' dir='ltr'><strong>arduis</strong></span> <span class='ocrx_word' id='word_1_287' title='bbox 1380 4576 1448 4637; x_wconf 91' lang='lat' dir='ltr'><strong>per-</strong></span> 
     </span>
     <span class='ocr_line' id='line_1_31' title="bbox 95 4646 1448 4724; baseline 0.001 -19"><span class='ocrx_word' id='word_1_288' title='bbox 95 4647 229 4722; x_wconf 90' lang='lat' dir='ltr'><strong>spicaces</strong></span> <span class='ocrx_word' id='word_1_289' title='bbox 259 4646 369 4720; x_wconf 88' lang='lat' dir='ltr'><strong>videri,</strong></span> <span class='ocrx_word' id='word_1_290' title='bbox 395 4650 445 4724; x_wconf 93' lang='lat' dir='ltr'><strong>qui</strong></span> <span class='ocrx_word' id='word_1_291' title='bbox 469 4665 576 4707; x_wconf 91' lang='lat' dir='ltr'><strong>nomen</strong></span> <span class='ocrx_word' id='word_1_292' title='bbox 598 4648 665 4708; x_wconf 90' lang='lat' dir='ltr'><strong>inde</strong></span> <span class='ocrx_word' id='word_1_293' title='bbox 689 4665 828 4724; x_wconf 89' lang='lat' dir='ltr'><strong>quaerere</strong></span> <span class='ocrx_word' id='word_1_294' title='bbox 851 4663 905 4707; x_wconf 89' lang='lat' dir='ltr'><strong>nec</strong></span> <span class='ocrx_word' id='word_1_295' title='bbox 927 4650 989 4705; x_wconf 92' lang='lat' dir='ltr'><strong>sine</strong></span> <span class='ocrx_word' id='word_1_296' title='bbox 1013 4654 1172 4705; x_wconf 90' lang='lat' dir='ltr'><strong>ceterorum</strong></span> <span class='ocrx_word' id='word_1_297' title='bbox 1196 4657 1343 4707; x_wconf 90' lang='lat' dir='ltr'><strong>contemtu</strong></span> <span class='ocrx_word' id='word_1_298' title='bbox 1366 4655 1448 4706; x_wconf 89' lang='lat' dir='ltr'><strong>sata-</strong></span> 
     </span>
     <span class='ocr_line' id='line_1_32' title="bbox 96 4733 1447 4813; baseline -0.001 -16"><span class='ocrx_word' id='word_1_299' title='bbox 96 4741 189 4810; x_wconf 62' lang='lat' dir='ltr'><strong>gente</strong></span> <span class='ocrx_word' id='word_1_300' title='bbox 215 4736 288 4811; x_wconf 89' lang='lat' dir='ltr'><strong>quin</strong></span> <span class='ocrx_word' id='word_1_301' title='bbox 315 4737 376 4795; x_wconf 87' lang='lat' dir='ltr'><strong>imo</strong></span> <span class='ocrx_word' id='word_1_302' title='bbox 404 4737 606 4813; x_wconf 85' lang='lat' dir='ltr'><strong>quaestionem</strong></span> <span class='ocrx_word' id='word_1_303' title='bbox 626 4737 722 4813; x_wconf 87' lang='lat' dir='ltr'><strong>ipsam</strong></span> <span class='ocrx_word' id='word_1_304' title='bbox 743 4737 817 4795; x_wconf 89' lang='lat' dir='ltr'><strong>inter</strong></span> <span class='ocrx_word' id='word_1_305' title='bbox 840 4733 907 4793; x_wconf 88' lang='lat' dir='ltr'><strong>illas</strong></span> <span class='ocrx_word' id='word_1_306' title='bbox 929 4734 1118 4811; x_wconf 86' lang='lat' dir='ltr'><strong>genealogias</strong></span> <span class='ocrx_word' id='word_1_307' title='bbox 1141 4742 1170 4794; x_wconf 89' lang='lat' dir='ltr'><strong>et</strong></span> <span class='ocrx_word' id='word_1_308' title='bbox 1192 4754 1305 4812; x_wconf 88' lang='lat' dir='ltr'><strong>pugnas</strong></span> <span class='ocrx_word' id='word_1_309' title='bbox 1326 4734 1447 4813; x_wconf 85' lang='lat' dir='ltr'><strong>legales,</strong></span> 
     </span>
    </p>
   </div>
   <div class='ocr_carea' id='block_1_7' title="bbox 1167 4834 1239 4898">
    <p class='ocr_par' dir='ltr' id='par_1_8' title="bbox 1167 4834 1239 4898">
     <span class='ocr_line' id='line_1_33' title="bbox 1167 4834 1239 4898; baseline 0 0"><span class='ocrx_word' id='word_1_310' title='bbox 1167 4834 1239 4898; x_wconf 68' lang='lat'><strong>51⁹</strong></span> 
     </span>
    </p>
   </div>
   <div class='ocr_carea' id='block_1_8' title="bbox 0 0 1651 5520">
    <p class='ocr_par' dir='ltr' id='par_1_9' title="bbox 0 0 1651 5520">
     <span class='ocr_line' id='line_1_34' title="bbox 0 0 1651 5520; baseline 0 0"><span class='ocrx_word' id='word_1_311' title='bbox 0 0 1651 5520; x_wconf 95' lang='lat' dir='ltr'><strong> </strong></span> 
     </span>
    </p>
   </div>
  </div>
 </body>
</html>
