3284 5520
565 366 780 423 Commentarius
799 367 918 436 liepleri.
950 364 960 379 '
1348 368 1412 437 771

53 544 152 615 10010,
183 546 233 620 qui
257 543 376 604 eosdem
400 562 496 620 reges,
525 544 646 622 paulum
669 548 788 605 mutatis
812 545 994 619 nominibus,
1026 544 1203 620 easdemque
1226 545 1413 622 imperiorum

52 631 193 706 periodos
217 635 348 707 assignat
371 635 400 690 in
424 633 574 709 epitaphio
589 633 666 707 Nini,
691 632 769 709 quod
793 635 820 691 ei
836 632 1005 693 Semiramis
1021 649 1093 691 uxor
1108 635 1215 710 posuit,
1240 633 1325 709 eujus
1339 633 1414 694 haec

52 719 162 778 verba:
190 719 278 793 „mihi
303 729 386 796 pater
408 719 525 798 Jupiter
549 720 655 794 Belus,
680 738 754 779 arus
777 719 920 779 Saturnus
943 719 1143 797 Babyloniens
1163 718 1318 800 (Nimrod),
1342 739 1413 798 pro·

52 822 130 864 avus
155 805 250 879 Chus,
282 806 425 865 Saturnus
454 807 612 883 Aethiops,
643 809 757 867 abavus
781 806 924 867 Saturnus
947 807 1111 884 Aegyptius
1136 805 1273 887 (Cheru),
1305 815 1412 868 atavus

53 891 164 952 Caelus
188 893 301 951 Phbnix
326 892 445 971 Ogyges
468 898 502 969 (i.
527 913 551 953 c.
576 895 685 970 Noah).
732 896 780 953 Ab
804 893 908 972 Ogyge
931 889 1034 975 (Noah
1057 896 1122 954 sire
1144 894 1201 954 fine
1225 891 1345 977 diluvii)
1375 895 1412 955 ad

51 996 152 1038 meum
183 998 272 1039 arum
295 980 441 1057 (Nimrod)
471 982 522 1040 Sol
549 981 686 1041 lustravit
713 999 797 1041 suum
827 984 925 1041 orbem
948 981 1039 1040 semel
1063 999 1097 1040 ac
1120 984 1217 1041 tricies
1241 991 1270 1041 ct
1293 986 1411 1055 centies,

53 1067 93 1126 ab
117 1085 174 1126 aro
192 1068 337 1146 (Nimrod)
360 1069 398 1128 ad
421 1077 531 1146 patrem
549 1068 675 1150 (Belum)
699 1073 796 1131 sexies
819 1081 849 1128 et
872 1071 1081 1145 quinquagies3
1106 1087 1124 1128 a
1145 1079 1229 1145 patre
1252 1068 1290 1129 ad
1305 1086 1352 1129 mc
1367 1072 1413 1130 bis

54 1162 85 1214 et
108 1157 272 1228 sexagies.“

160 1242 269 1300 Contra
299 1242 374 1301 hanc
404 1260 474 1302 vero
502 1245 676 1302 sententiam
706 1242 863 1304 tenendum
893 1250 951 1315 001,
984 1241 1154 1301 Nimrodum
1177 1259 1235 1302 non
1260 1260 1324 1303 esse
1347 1242 1412 1302 Beli

52 1337 178 1405 patrem,
203 1330 269 1388 Nini
293 1347 391 1402 avum,
416 1331 467 1388 sed
492 1329 615 1390 eundem
640 1349 705 1390 cum
721 1331 798 1390 Nino
823 1338 853 1388 et
874 1331 996 1388 tortasse
1017 1330 1082 1389 Beli
1105 1329 1206 1388 lilium.
1248 1331 1413 1406 Argumen-

53 1425 118 1475 tum
143 1416 404 1476 luculentissimum
428 1419 524 1476 nobis
536 1420 656 1493 praebet
672 1419 781 1487 Moses,
806 1418 1010 1493 interpretibus
1026 1416 1189 1476 Mercatore
1210 1425 1238 1475 et
1252 1418 1412 1494 Buntingo,

56 1502 246 1579 chronologis
275 1504 331 1563 lide
361 1505 547 1580 dignissimis.
594 1504 668 1564 Nam
693 1509 720 1563 in
746 1506 939 1579 descriptione
963 1503 1093 1564 Nimrodi
1121 1507 1245 1580 primum
1269 1505 1414 1564 indicatur

53 1592 230 1667 principium
259 1595 340 1666 regni
364 1592 494 1650 Nimrodi
518 1592 654 1669 Babylon
684 1596 713 1650 in
744 1603 820 1652 terra
842 1590 945 1650 Sincnr
969 1603 997 1651 et
1019 1591 1149 1668 reliquae
1172 1592 1278 1665 01110οῑ
1309 1601 1414 1669 postea

54 1679 243 1755 subjungitur
265 1697 435 1755 progressus
460 1679 547 1756 hujus
569 1683 660 1756 regni,
684 1680 763 1755 quod
786 1697 802 1739 e
828 1679 933 1738 Sinear
955 1680 984 1735 in
1005 1680 1157 1756 Assyriam
1180 1696 1314 1756 egressus
1328 1679 1414 1739 Nini·

56 1782 112 1824 ven
137 1765 346 1826 aedificaverit
384 1767 434 1826 Sic
457 1769 534 1826 enim
558 1767 650 1825 Assur
672 1777 716 1826 est
732 1769 822 1844 regio,
847 1783 904 1824 non
919 1765 996 1824 lilius
1012 1764 1089 1839 Sem,
1113 1766 1200 1841 longe
1216 1768 1314 1843 senior
1328 1765 1414 1825 Nim-

56 1852 139 1911 rodo.
188 1852 1086 1930 1110000000000010001000110110,0000010οΑ0001.
1132 1853 1168 1911 Et
1192 1870 1242 1912 cnr
1264 1852 1415 1913 1110110101

56 1942 167 1998 mentio
186 1943 303 1999 Aesuris
327 1941 392 1999 loco
415 1941 533 2000 alieno?
568 1940 707 2017 Sequitur
730 1945 805 2001 enim
830 1943 938 1998 mentio
956 1939 1074 1999 Assuris
1091 1951 1119 1999 et
1135 1943 1283 2016 progenici
1299 1940 1414 2000 Samae.

56 2029 98 2085 At
122 2045 223 2087 omnes
247 2027 377 2088 historici
402 2030 556 2100 affirmant,
580 2029 686 2087 Ninum
710 2039 739 2088 et
762 2028 982 2089 Semiramidem
1006 2027 1173 2087 condidisse
1195 2027 1332 2087 Niniven.
1378 2027 1415 2087 Et

56 2112 138 2191 quod
169 2117 197 2170 in
222 2115 252 2174 S.
276 2115 305 2174 S.
331 2115 449 2174 additur
479 2117 543 2174 loco
575 2116 797 2193 explicationis,
826 2115 963 2191 „plateas
987 2116 1146 2186 civitatis“,
1178 2112 1208 2172 id
1232 2114 1363 2173 historici
1387 2126 1416 2175 et

56 2201 219 2278 geographi
242 2205 283 2261 sic
306 2204 440 2276 10101001,
464 2203 590 2261 11101100
607 2213 694 2261 astrea
708 2204 797 2262 inisse
812 2206 922 2274 urbem,
946 2201 997 2261 sed
1013 2219 1096 2261 muro
1112 2203 1236 2260 cinctam
1251 2220 1270 2261 a
1285 2200 1416 2261 Semira-

57 2288 146 2348 mide.
187 2289 262 2366 Ergo
280 2290 400 2348 Nimrod
424 2299 453 2349 01
467 2290 560 2348 Ninus
584 2297 628 2348 cst
651 2308 725 2348 unus
749 2299 778 2348 et
794 2289 887 2362 idem3
911 2306 965 2348 nec
979 2289 1137 2348 admodum
1154 2288 1270 2347 diversa
1286 2285 1414 2348 nomina.

164 2376 277 2435 Deinde
301 2377 438 2436 Justinus
459 2377 616 2435 historicus
639 2395 674 2435 ex
698 2376 810 2452 Trogo,
840 2380 888 2452 qui
912 2379 1068 2452 scriptores
1091 2377 1311 2452 antiquissimos
1333 2375 1414 2453 legit,

57 2461 195 2539 prodidit,
219 2463 327 2522 Ninum
350 2468 473 2542 primum
498 2468 626 2523 omnium
648 2482 721 2534 csse,
745 2466 795 2540 qni
811 2481 869 2521 non
886 2473 1040 2523 contentus
1057 2465 1177 2539 imperio
1193 2465 1288 2539 patrio
1305 2461 1414 2522 bellum

58 2549 189 2608 intulerit
212 2551 358 2627 finitimis3
383 2554 459 2612 idem
477 2552 626 2628 Scriptura
649 2551 773 2611 aliirmat
796 2550 832 2609 de
855 2550 1005 2610 Nimrodo.
1044 2551 1121 2628 Ergo
1137 2549 1230 2609 Ninus
1251 2557 1280 2609 et
1294 2549 1416 2610 Nimrod

57 2636 135 2695 idem
160 2645 212 2695 cst.

164 2725 264 2783 'l'ertio
288 2725 468 2800 Semiramis,
494 2725 617 2785 Aeliano
641 2732 730 2795 10010,
753 2725 850 2784 adhoc
872 2724 972 2802 puella
994 2726 1089 2801 potita
1113 2733 1158 2783 est
1180 2726 1301 2800 imperio
1326 2723 1416 2784 Asiae

57 2812 124 2870 sire
151 2813 297 2889 Assyriae,
322 2816 418 2873 occiso
442 2831 510 2889 rege
534 2813 602 2890 illo3
628 2820 732 2887 postca
753 2816 853 2889 nupsit
875 2813 961 2872 Nino.
1002 2812 1042 2869 At
1065 2814 1093 2869 in
1117 2810 1147 2870 S.
1166 2811 1272 2870 Literis
1294 2810 1415 2870 Nimrod

58 2915 194 2973 egressus
218 2909 262 2958 est
285 2903 313 2956 10
337 2901 505 2978 Assyriam3
537 2903 561 2959 si
585 2901 702 2970 (101000,
732 2902 886 2959 0000010ηο
911 2899 1056 2975 conjugii,
1087 2915 1200 2956 rursum
1222 2898 1344 2957 Nimrod
1367 2898 1417 2957 fiet

56 2982 152 3044 Ninus
176 2987 227 3059 010,
253 2995 284 3044 01
305 2986 472 3047 Semiramis
490 2989 627 3064 Assyriae
651 2989 752 3062 regina
774 2988 905 3064 nupserit
920 2986 1006 3057 Nino,
1030 2987 1090 3061 regi
1106 2984 1302 3064 Babyloniae,
1327 2994 1415 3061 atque

58 3072 103 3131 illi
127 3084 231 3149 postea
254 3078 399 3133 communi
423 3075 521 3134 studio
544 3074 664 3133 Ninives
688 3073 802 3150 plateas
826 3084 855 3133 ct
877 3090 975 3131 muros
998 3068 1199 3133 exstruxerint

166 3161 278 3235 ernrto
302 3162 437 3222 10011000
462 3179 554 3220 00000
577 3161 765 3220 monarchiae
788 3160 988 3238 Babylonieae
1012 3161 1113 3219 tribuit
1139 3165 1221 3219 1300
1245 3157 1282 3217 ad
1306 3161 1416 3218 exitum

59 3247 269 3323 Sardanapali3
293 3251 313 3306 11
336 3253 361 3308 01
383 3250 582 3308 subducantur
598 3268 615 3306 a
633 3252 726 3321 3148,
751 3250 902 3308 restabunt
922 3251 1013 3320 1848,
1037 3249 1211 3324 principium
1234 3263 1273 3305 sc.
1298 3262 1416 3305 monar-

59 3334 144 3394 chiae
169 3335 368 3412 Babylonicae
392 3337 551 3396 secundum
575 3335 733 3395 lustinum.
783 3336 875 3411 Atqui
899 3337 983 3393 annis
1008 3340 1025 3394 5
1050 3343 1132 3407 ante,
1164 3351 1204 3393 00.
1229 3349 1306 3392 anno
1334 3339 1415 3394 1843

59 3423 206 3481 Eusebius
231 3424 334 3505 Belum
365 3428 506 3502 imperare
536 3424 620 3497 iacit,
653 3433 681 3482 et
704 3423 888 3499 Augustinus
919 3421 972 3480 h‘os
1002 3431 1120 3480 secutus
1143 3439 1161 3479 a
1185 3418 1249 3480 Beli
1272 3422 1355 3479 initio
1379 3418 1418 3480 ad

59 3509 147 3568 linem
171 3510 365 3587 Sardanapali
389 3520 523 3571 numerat
545 3511 645 3570 itidem
673 3516 755 3570 1800
780 3528 886 3582 annos,
916 3526 993 3585 quae
1020 3525 1134 3567 summa
1157 3507 1259 3568 eadem
1284 3516 1328 3567 est
1351 3523 1418 3567 eum

59 3595 241 3670 «Iustiniana,
265 3600 290 3656 sl
315 3599 453 3672 dicamus,
476 3598 645 3669 Justinum,
670 3606 702 3655 ut
725 3598 757 3656 fit
779 3601 808 3655 in
832 3598 917 3657 rebus
941 3598 1063 3672 magnis,
1087 3612 1238 3654 numerum
1261 3593 1418 3654 rotundum

60 3688 196 3759 posuisse
219 3702 271 3761 pro
296 3689 451 3762 exquisito.
498 3687 575 3762 Ergo
603 3703 716 3744 rursum
739 3685 893 3758 Nimrodo,
924 3686 949 3742 si
971 3684 1047 3743 alius
1071 3700 1089 3741 a
1111 3681 1188 3741 Nino
1213 3688 1304 3754 esset,
1336 3681 1418 3742 locus

61 3779 91 3830 et
114 3780 228 3847 tempus
252 3775 364 3849 imperii
387 3773 497 3832 nullum
522 3773 741 3847 relinqueretur.
787 3771 878 3831 Plane
908 3780 939 3829 ut
967 3773 995 3828 in
1020 3771 1218 3846 superioribus
1240 3767 1417 3843 audirimus,

60 3875 137 3917 anno
160 3865 210 3919 30.
235 3869 301 3937 post
324 3861 488 3934 linguarum
512 3861 711 3919 contusionem
734 3859 862 3917 nondum
887 3867 999 3916 tantum
1023 3858 1173 3916 hominum
1196 3857 1295 3930 inisse,
1320 3867 1352 3915 ut
1375 3865 1419 3915 tot

60 3954 181 4021 tamque
205 3946 291 4024 longe
315 3948 434 4008 dissitas
458 3948 544 4008 nrbes
567 3955 595 4006 et
619 3950 751 4023 regiones
767 3946 814 4005 vel
831 3944 996 4020 conderent,
1020 3946 1067 4003 vel
1084 3944 1253 4018 incolerent,
1276 3943 1324 4003 rel
1341 3943 1418 4003 bello

60 4036 260 4110 subjugarent.

167 4120 277 4195 Quinto
292 4120 456 4181 Alexander
476 4122 639 4199 polyhistor
654 4119 732 4198 apud
748 4119 906 4178 Eusebium
922 4118 1055 4192 affirmat,
1078 4120 1205 4195 primum
1221 4114 1300 4192 apud
1315 4116 1418 4194 Baby-

59 4207 157 4268 lonios
179 4211 339 4285 imperasse
362 4210 476 4280 Belum,
501 4227 587 4284 quem
611 4208 767 4267 Saturnum
791 4206 880 4267 latins
904 4204 1044 4265 dicamus.
1084 4205 1116 4264 ln
1141 4221 1176 4264 eo
1201 4206 1346 4264 consentit
1368 4203 1418 4263 illc

60 4295 214 4356 fabulosus
235 4298 376 4375 Berosus,
398 4296 477 4373 quod
500 4300 624 4372 primum
647 4295 746 4354 itidem
769 4312 868 4369 regem
891 4293 1049 4354 Saturnum
1072 4290 1209 4370 appellet.
1257 4290 1333 4367 Ergo
1356 4293 1419 4368 pri·

60 4401 127 4443 mus
150 4401 200 4443 rex
222 4384 313 4444 Belus
337 4395 389 4459 est,
413 4385 477 4460 ejus
500 4383 577 4442 filius
600 4383 692 4442 Ninus
716 4382 762 4441 vel
786 4379 907 4440 Nimrod
930 4380 977 4439 vel
999 4379 1127 4456 Jupiter.

168 4470 214 4529 Ad
238 4481 410 4547 argumenta
433 4473 577 4530 contraria
599 4473 642 4528 sic
664 4469 865 4545 respondetur.
903 4467 1001 4527 Primo
1024 4466 1062 4526 ad
1086 4463 1262 4526 secundum:
1286 4463 1418 4523 Diodoro

62 4560 219 4636 opponitur
243 4562 403 4619 auctoritas
420 4558 540 4631 Justini,
565 4558 722 4631 Augustini
745 4565 773 4616 et
797 4556 926 4627 Eusebii,
950 4556 1013 4614 sive
1039 4551 1196 4612 Alexandri
1219 4551 1419 4629 polyhistoris,

62 4648 113 4722 qui
135 4649 256 4723 propius
280 4647 317 4706 ad
340 4647 480 4706 biblicam
502 4649 656 4705 veritatem
679 4644 830 4704 accedunt.
871 4643 913 4701 Ao
935 4641 997 4701 fieri
1021 4642 1125 4718 potuit,
1150 4647 1183 4698 nt
1198 4638 1346 4698 Diodorus
1362 4637 1420 4699 all·
1511 4672 1513 4677 ,

62 4739 205 4810 quantum
228 4737 384 4807 erraverit,
408 4737 485 4792 siout
506 4733 570 4811 ejus
593 4734 704 4791 numeri
728 4734 815 4791 etiam
838 4749 857 4789 a
879 4728 995 4788 Bodino
1017 4727 1149 4787 nonnihil
1173 4726 1315 4789 laxantur.
1359 4725 1421 4786 Neo

61 4823 168 4882 mimm
196 4824 224 4881 in
255 4829 338 4883 10010
368 4823 544 4900 antiquitate
575 4821 723 4881 materiae.
769 4821 832 4878 Aut
858 4816 933 4877 10110
961 4816 1016 4877 luit
1045 4813 1419 4890 circinnatores,

1139 4916 1212 4978 49⁰
