3284 5520
553 110 715 181 Ephemeris
733 112 768 167 ad
785 126 886 167 annum
906 111 982 169 tuti.
1378 112 1444 182 493

88 286 284 363 Ephemerida
306 289 540 348 mutationibus
561 288 619 347 illis
634 288 811 366 Tychonicis
832 291 875 347 uti
898 305 954 363 ego
977 304 1035 346 non
1051 290 1151 363 potui3
1174 290 1203 345 ln
1220 296 1337 364 promtu
1351 306 1442 349 causa

88 382 154 447 cot,
183 373 287 433 Martie
315 379 393 435 enim
416 384 547 436 motuum
570 379 715 435 restitutio
739 394 773 435 ex
798 376 1054 435 observationibus
1077 374 1241 435 Braheanis
1263 394 1282 434 a
1303 393 1350 435 me
1373 386 1441 436 aute

89 476 187 519 curros
211 466 228 520 7
254 462 383 539 vulgata,
407 465 517 540 passim
540 466 569 521 in
593 467 721 522 omnium
744 463 838 523 oculis
855 472 1004 534 versatur,
1028 480 1105 538 quae
1120 479 1186 521 cum
1201 464 1363 522 satisfaciat
1386 464 1442 523 ob·

87 550 215 607 serratis
238 557 266 608 et
291 553 388 608 causis
409 551 539 627 physicis
562 561 761 626 superstructa
783 553 837 623 sit,
869 550 962 609 iorrua
990 549 1198 626 hypothesium
1220 551 1440 627 particularium

90 635 215 695 multum
238 639 276 695 ab
300 638 351 696 illa
374 638 506 710 diversa,
537 656 624 714 quam
654 656 719 697 cum
744 640 892 697 veteribus
914 637 1047 696 Bralreus
1076 646 1228 696 consuerat
1250 637 1438 714 sequendam,

88 738 216 799 eumque
238 725 267 781 in
292 724 350 783 illis
374 723 596 784 Commentariis
619 726 674 784 hoc
698 729 815 801 insuper
837 727 875 783 sit
898 724 1141 795 demonstratum,
1172 723 1233 784 fieri
1263 741 1320 782 non
1344 741 1441 801 posse,

89 820 122 869 ut
145 814 211 886 quis
233 820 365 871 veterum
380 812 587 889 hypothesium
604 813 821 888 particularium
837 812 958 872 sormam
974 820 1103 882 secutus,
1126 811 1230 871 Martis
1246 820 1341 870 motus
1358 811 1441 871 coelo

89 913 143 972 per
167 900 265 957 omniu
289 900 451 959 corilormes
473 910 640 976 computata
666 900 738 958 nihil
762 902 849 975 igitur
873 900 1016 972 restabat,
1041 917 1129 975 quam
1153 907 1185 958 ut
1208 898 1292 958 fldem
1316 900 1440 959 lacerem

87 989 279 1056 astronomis,
308 995 405 1045 motus
428 987 516 1062 hrrjus
538 988 674 1063 planetae
696 987 856 1046 seeundum
880 987 1060 1064 hypotheses
1087 989 1116 1043 in
1141 987 1363 1045 Commentariis
1386 1004 1439 1046 ex-

87 1071 215 1147 plicatas
246 1076 408 1149 computari
438 1076 526 1133 etiam
558 1092 660 1151 possa,
691 1074 866 1149 cosdemque
894 1078 922 1132 in
951 1072 1103 1150 probanda
1131 1072 1235 1133 calculi
1266 1074 1439 1133 certitudine

86 1158 207 1234 publice
229 1161 409 1237 adjurarem.
456 1161 489 1219 ln
513 1162 616 1220 Martis
640 1163 728 1237 igitur
750 1164 878 1221 motibus
900 1159 1104 1238 computandis
1135 1162 1286 1220 uelatum
1310 1178 1439 1237 unguem

85 1264 102 1304 a
125 1246 354 1307 Commentariis
378 1249 463 1307 dictis
486 1252 600 1309 recessi.

193 1356 227 1421 (q
243 1355 282 1411 Id
298 1357 381 1411 lector
401 1358 457 1427 ipse
471 1359 575 1427 poterit
593 1358 720 1426 experiri,
739 1363 846 1411 secretas
859 1356 1032 1426 praescripto
1050 1355 1079 1410 J.
1093 1356 1129 1409 A.
1148 1355 1260 1427 Mopini
1276 1357 1307 1411 in
1325 1356 1366 1412 Su
1404 1358 1439 1413 le·

80 1433 177 1482 mato
195 1425 424 1496 spbemmidam,
447 1427 525 1495 uuita
547 1443 633 1497 supro
654 1428 755 1482 mentio
777 1427 862 1492 scota.
899 1426 974 1480 Nam
996 1442 1057 1479 meo
1079 1428 1109 1479 in
1127 1426 1231 1480 Martis
1251 1433 1341 1482 motas
1382 1443 1437 1482 ortt·

76 1498 223 1552 neuterio
240 1502 267 1552 et
282 1498 427 1565 epistotam
444 1514 526 1568 super
542 1498 594 1550 boo
611 1497 714 1551 calculo
732 1497 874 1564 scriptam,
894 1513 977 1565 quom
994 1494 1142 1563 amansii,
1159 1495 1315 1562 &dissime
1331 1503 1437 1553 seorim

76 1573 131 1635 ast,
151 1582 195 1621 me
213 1566 320 1637 quidem
338 1566 376 1621 od
392 1568 463 1622 burro
481 1584 564 1636 usque
581 1582 685 1621 onnam
705 1568 779 1621 tuti.
794 1567 906 1635 pertitus
923 1567 1009 1621 inscio
1018 1568 1033 1631 )

186 1681 303 1758 Reliqui
326 1693 451 1758 quatuor
474 1683 578 1743 iisdem
603 1685 631 1739 in
654 1682 747 1741 lorma
780 1684 839 1740 nixi
863 1692 930 1741 sunt
953 1683 1180 1759 hypothesibus,
1212 1686 1318 1760 quibus
1341 1685 1433 1759 Mars,

69 1771 193 1847 quihus
218 1780 247 1828 et
268 1769 371 1829 Tellus
395 1774 473 1849 ipsa,
498 1789 551 1829 sua
575 1768 697 1846 quilibet
720 1771 883 1845 quantitate
906 1772 1092 1843 circulorum,
1124 1773 1184 1829 suis
1207 1775 1348 1847 numeris;
1372 1778 1436 1831 sin-

67 1858 173 1935 gulae
196 1857 319 1933 singulis
343 1857 430 1918 datae
451 1867 520 1917 sunt
543 1859 654 1916 orbitae
678 1858 869 1929 ecoeutrioaa,
894 1856 987 1932 ligura
1010 1857 1152 1934 elliptica,
1184 1857 1333 1918 celeritate
1356 1877 1436 1918 oros·

71 1955 169 2005 cerua
193 1944 232 2003 ab
254 1962 389 2023 apogaeo
411 1947 440 2002 in
463 1946 651 2021 perigaeum,
681 1951 835 2019 utrumque
865 1947 1038 2004 necessitate
1067 1963 1220 2004 causarum
1249 1946 1437 2023 physicarum

68 2031 384 2108 simplicissimorum,
408 2032 542 2109 singulae
565 2034 677 2092 orbitae
701 2033 817 2106 augulis
840 2031 962 2107 siugulis
985 2034 1187 2091 constantibus
1210 2031 1247 2091 ad
1271 2033 1434 2110 eclipticam

70 2120 258 2187 inclinatae,
286 2120 405 2196 aplrelia
433 2129 463 2179 ct
493 2120 561 2179 nodi
586 2122 714 2177 omnium
745 2118 793 2176 liii
817 2136 869 2194 par
891 2128 950 2177 mm
980 2120 1068 2178 breve
1092 2122 1159 2178 anni
1192 2127 1327 2195 tempus;
1358 2121 1435 2181 idem

71 2206 194 2267 'ferrae
217 2214 322 2278 motus,
346 2207 465 2267 eaedem
489 2207 566 2266 Solis
590 2216 619 2266 et
641 2205 748 2265 Terrae
771 2205 928 2265 distantiae
951 2208 1085 2265 omnibus
1107 2207 1282 2284 applicatae,
1305 2217 1436 2282 praeter·

74 2310 179 2370 eaque
202 2293 284 2365 nihil,
308 2294 381 2351 nulli
404 2297 523 2370 inquam
546 2294 593 2352 hic
616 2291 791 2352 deviationis
815 2294 922 2367 circuli,
946 2292 1018 2351 nulli
1042 2293 1267 2369 obliquationis,
1291 2294 1363 2354 nulli
1386 2312 1435 2355 re·

72 2381 234 2445 flexionis,
257 2381 329 2439 nulli
353 2384 380 2439 in
406 2381 519 2441 Venere
543 2383 667 2440 ecoeutri
691 2387 905 2454 ecccntrorum,
929 2380 1001 2439 nulli
1024 2383 1052 2438 in
1077 2381 1239 2457 Mercurio;
1265 2384 1434 2442 ecoeutrici·

75 2470 154 2528 tatis
177 2466 304 2527 Telluris
327 2467 489 2527 dimidiatio
512 2468 579 2528 illos
602 2470 770 2527 consumsit.

191 2553 339 2630 Quantum
363 2558 451 2631 igitur
473 2555 510 2614 ad
532 2559 709 2630 superiores,
734 2556 828 2615 ausim
852 2553 1008 2630 spondere,
1041 2571 1097 2612 non
1126 2555 1210 2614 facila
1242 2555 1434 2616 differentiam

79 2640 287 2719 Ephemeridis
309 2660 328 2701 a
351 2643 435 2702 coelo
458 2660 651 2715 occursuram,
676 2659 752 2718 quae
775 2640 867 2699 oculis
890 2645 984 2700 notari
1007 2645 1109 2717 possit,
1133 2644 1157 2700 si
1174 2641 1220 2701 vel
1238 2646 1434 2704 instrumentis

82 2732 323 2805 exquisitissimis
347 2730 523 2790 attenderint
545 2733 704 2788 astronomi
727 2731 887 2802 exercitati,
916 2729 964 2788 rel
987 2728 1116 2787 insidiati
1140 2730 1245 2788 luerint
1268 2734 1434 2806 congressi·

83 2818 142 2875 bus
165 2816 281 2876 illorum
304 2818 378 2877 inter
399 2835 430 2877 se
453 2827 483 2877 et
505 2835 570 2876 cum
593 2817 658 2875 liris
682 2816 866 2889 clarioribus,
900 2832 1022 2891 quarum
1052 2816 1119 2875 loca
1147 2819 1234 2875 etiam
1266 2828 1342 2877 certe
1365 2818 1434 2877 srdis

83 2904 341 2965 observationibus
364 2914 394 2963 et
416 2915 552 2964 accurato
575 2904 688 2963 calculo
710 2906 817 2962 fuerint
847 2905 1013 2962 constituta.
1061 2902 1148 2978 Quod
1178 2922 1247 2963 rero
1274 2906 1434 2982 inferiores

83 2993 198 3064 attinet,
223 2994 277 3050 etsi
300 3010 337 3051 na
361 2993 414 3050 hos
438 2991 554 3068 quidem
579 2992 655 3051 oculi
680 2994 707 3047 in
732 3008 825 3050 erroro
849 2989 909 3050 ullo
933 2999 1000 3049 sunt
1018 2989 1232 3066 deprehensuri,
1257 3008 1314 3050 non
1339 2995 1433 3052 ausim

83 3088 183 3138 mmcu
208 3077 370 3149 affirmare,
393 3078 464 3137 nihil
490 3081 517 3136 in
542 3082 577 3137 iis
599 3086 708 3138 restare
731 3077 956 3151 emendandum,
988 3088 1141 3156 propterea
1163 3079 1241 3155 quod
1266 3082 1293 3136 in
1319 3079 1433 3139 Venere

83 3173 239 3225 occurrunt
254 3168 475 3226 observationes
491 3166 672 3239 Bralreanae,
696 3184 768 3242 quas
792 3166 899 3224 vicinia
914 3164 1000 3237 Solis,
1025 3167 1099 3223 aiiris
1115 3165 1318 3242 inaequalitas,
1342 3170 1432 3226 situs-

84 3268 142 3329 que
165 3252 268 3312 eiderie
290 3257 419 3331 proxime
443 3253 598 3325 Tellurem,
622 3253 651 3310 id
671 3265 714 3312 est
731 3249 908 3329 parallaxis,
923 3254 952 3309 in
972 3255 1167 3328 suspicionem
1183 3255 1286 3312 erroris
1303 3253 1432 3326 adducit,

84 3348 117 3399 ut
139 3339 222 3398 nulla
243 3358 273 3400 re
297 3343 352 3399 uisi
375 3343 548 3400 auctoritate
565 3341 778 3417 diligentissimi
795 3339 913 3398 artificis
936 3340 1020 3398 fidem
1045 3348 1223 3399 sustentante
1247 3344 1354 3415 quibus
1376 3357 1431 3418 ego

82 3427 338 3488 observationibus
361 3427 443 3508 (quia
465 3440 699 3505 peropportunus
724 3426 897 3486 videbantur
924 3428 953 3484 in
976 3426 1180 3486 constituenda
1203 3430 1431 3488 commutatione

81 3511 194 3592 atinus)
215 3515 310 3588 nixus,
339 3524 438 3575 metuo
462 3526 494 3574 ut
516 3533 568 3590 per
591 3508 716 3591 plurium
738 3514 860 3572 aliorum
884 3512 991 3572 collata
1014 3514 1154 3590 suffragia
1176 3516 1352 3573 minutorum
1375 3516 1432 3574 ali-

81 3610 156 3678 quot
177 3618 244 3661 rcus
267 3603 351 3676 liam3
383 3601 462 3678 quod
493 3605 729 3679 operosissimum
757 3603 874 3660 testium
898 3617 1019 3660 examen
1050 3611 1079 3660 et
1107 3603 1273 3678 periculosa
1296 3603 1431 3664 discretio

80 3688 206 3748 fidorum
229 3689 267 3748 ab
291 3689 387 3748 infidis
410 3688 491 3748 aliud
515 3702 629 3767 tempus
653 3691 780 3764 requirit.

187 3776 253 3836 Non
276 3779 427 3836 minimum
452 3779 540 3837 etiam
563 3785 653 3837 restat
675 3776 783 3836 laboris
807 3776 835 3832 in
860 3774 1042 3834 secernendis
1065 3774 1188 3834 Veneris
1215 3776 1431 3835 observationi-

81 3863 138 3922 hus
162 3860 288 3937 diurnis,
318 3884 336 3924 a
360 3864 476 3924 Braheo
500 3866 670 3924 ereberrime
693 3864 814 3934 habitis,
843 3871 873 3921 et
895 3864 1058 3934 nocturnis,
1090 3872 1119 3920 et
1141 3880 1218 3937 quac
1240 3880 1276 3922 ex
1299 3867 1430 3939 utrisque

80 3948 330 4025 demonstrantur,
355 3968 429 4027 quas
451 3969 505 4027 ego
528 3951 696 4027 imprudens
719 3951 972 4022 commiscueram,
1001 3966 1061 4008 uon
1083 3952 1202 4008 minimo
1226 3952 1329 4010 erroris
1352 3953 1430 4026 peri·

80 4036 158 4096 culo.
204 4037 278 4098 Nam
302 4046 391 4099 restat
415 4039 450 4098 de
475 4047 492 4098 6
516 4043 634 4097 minutis
657 4046 753 4096 motus
776 4035 854 4095 Solis
876 4055 895 4095 a
916 4035 982 4096 fixis
1004 4037 1040 4096 lis
1063 4038 1137 4096 inter
1158 4036 1377 4113 Landgrarium
1401 4048 1431 4098 et

80 4123 229 4184 Braheum
252 4125 397 4204 indecisa,
427 4134 588 4202 nutantque
611 4127 668 4185 huc
692 4125 760 4183 illuc
783 4126 958 4183 testimonia.
1004 4124 1106 4200 Neque
1129 4127 1205 4183 euim
1229 4134 1310 4184 tanta
1332 4135 1430 4202 potest

79 4228 146 4271 essa
161 4212 286 4273 Veneris
308 4213 475 4291 parallaris,
500 4223 639 4290 quantam
655 4214 792 4272 assumsit
806 4211 938 4271 Braheus
961 4212 990 4269 in
1007 4211 1286 4289 Progymnasmatis,
1311 4230 1429 4272 accom-

78 4298 204 4359 modans
227 4318 293 4360 eam
315 4300 354 4359 ad
376 4301 537 4377 parallaxin
561 4300 639 4360 Solis
662 4320 680 4360 a
703 4300 851 4360 veteribus
873 4298 1019 4371 traditam,
1046 4316 1122 4375 quae
1144 4299 1247 4376 procul
1271 4299 1360 4359 dubio
1383 4310 1428 4360 est
1479 4291 1483 4302 '

76 4388 192 4462 minor,
217 4395 247 4447 et
269 4396 300 4446 ut
323 4397 357 4447 ut
379 4405 522 4464 ponamus
542 4397 653 4447 tantam
676 4405 740 4448 esse
765 4385 928 4463 parallaxln
956 4386 1095 4458 Veneris,
1119 4395 1298 4446 nontamen
1326 4397 1428 4448 exacte

77 4483 308 4551 compensantur
330 4475 496 4551 parallaxes
514 4476 578 4552 ejus
594 4477 680 4535 binae
695 4478 724 4532 in
740 4472 842 4533 eadem
859 4473 1013 4533 altitudine
1029 4474 1066 4534 ab
1082 4475 1241 4546 horizonta,
1265 4491 1323 4534 non
1339 4479 1427 4535 etiam

77 4562 170 4623 inerit
190 4560 269 4623 idem
290 4564 427 4640 utrinque
443 4563 566 4624 Veneris
588 4571 618 4625 et
632 4561 759 4623 Telluris
774 4559 969 4624 intervallum.
1002 4561 1138 4638 lienique
1160 4570 1193 4622 ut
1215 4560 1326 4637 demus,
1351 4562 1427 4625 ᾱυο-
