3284 5520
448 357 491 416 De
507 356 681 429 septuaginta
697 355 912 413 hebdomadibus
929 357 958 412 iu
975 357 1101 415 Dsuiols.
1386 358 1452 428 837

103 538 220 599 mirifice
244 536 365 611 divellit,
390 536 540 596 dimidium
564 537 628 613 ejus
648 534 687 597 sd
702 535 810 596 Christi
832 538 1030 610 ministerium,
1053 537 1196 614 reliquum
1219 536 1369 600 dimidium
1385 546 1453 620 post

103 627 269 702 interjectos
295 632 334 686 et
358 642 451 685 annos
474 625 510 684 ud
534 625 643 686 bellum
657 622 815 685 Juduioum
830 624 1062 686 accommodans.
1098 624 1202 702 Neque
1216 626 1273 686 hoo
1288 635 1372 702 putot
1388 644 1452 688 esse

103 723 204 773 eontra
233 722 359 773 mentem
386 713 554 790 prophetas.
599 712 673 771 Mihi
697 728 765 771 vero
789 711 904 772 videtur
927 712 1112 774 vehomenter
1134 713 1307 787 absurdum,
1337 715 1453 775 hebdo-

103 800 204 860 madas
227 804 268 860 ita
291 799 447 876 divellete3
472 800 576 860 deiude
599 817 653 860 nee
674 817 788 860 summu
810 802 959 876 congruit,
982 817 1050 859 uum
1066 818 1085 860 e
1101 807 1129 863 i.
1146 800 1313 860 Artaxerxis
1328 802 1365 861 od
1381 820 1451 880 pss-

103 892 214 948 siouem
237 888 344 947 Christi
367 896 436 947 sunt
457 896 569 947 tontum
593 893 666 960 430,
689 895 720 946 ut
744 893 784 948 62
807 886 1006 948 hebdomades
1029 894 1097 946 sunt
1119 894 1181 947 434
1204 890 1281 947 unni.

206 976 315 1052 Igitur,
347 977 402 1035 etsi
425 978 453 1033 iu
477 978 580 1037 ceteris
602 974 744 1052 Scaligeri
765 977 938 1035 seutentiam
961 975 1096 1034 omuibus
1116 973 1183 1034 aliis
1205 984 1322 1052 propter
1345 994 1451 1036 causus

105 1063 196 1124 dietus
223 1064 400 1142 praeferam,
432 1066 461 1120 in
490 1063 545 1123 huo
571 1072 669 1122 tumen
694 1071 792 1140 purte,
824 1064 873 1120 ubi
896 1065 939 1122 sio
961 1068 1057 1138 portes
1080 1065 1218 1139 temporis
1241 1065 1382 1142 propositi
1404 1064 1451 1124 di·

105 1151 194 1223 vellit,
218 1150 431 1210 incommodum
454 1157 542 1227 puto·
580 1148 782 1210 Studiosorum
806 1150 928 1227 quilibet
951 1166 1002 1228 pro
1025 1166 1079 1209 suo
1100 1150 1211 1226 juditio
1235 1149 1282 1210 vel
1305 1152 1381 1211 hono
1403 1150 1452 1213 vol

104 1238 183 1298 iiiam
206 1237 489 1310 incommoditatem,
518 1238 588 1315 quie
610 1239 727 1297 omniuo
751 1236 851 1315 alique
872 1237 986 1296 admitti
1009 1253 1128 1299 neeesse
1151 1243 1209 1314 est,
1241 1237 1450 1301 defendendum

105 1336 134 1385 et
157 1325 344 1386 molliendam
366 1327 514 1402 suscipiet
