3284 5520
506 309 550 366 su
559 308 660 367 rum
668 310 704 368 11.
723 308 940 383 suanensis
954 269 1136 380 eopia-m
1438 311 1500 380 191

141 485 238 549 nisu
258 500 320 548 sax
342 492 404 562 sat,
434 503 522 549 suaa
552 490 631 551 enim
657 506 796 552 accmsus
820 493 872 551 lb‘
901 490 957 551 tuit
983 489 1140 552 visibiliter
1161 490 1348 564 imminutus,
1376 495 1409 549 st
1430 506 1503 551 vcra

142 573 284 635 distantia
306 570 365 635 20⁰
388 573 440 635 53‘
461 573 538 636 hanc
560 580 655 656 ipsam
679 578 717 639 ob
741 596 861 639 causam
882 579 938 638 iuit
959 586 1048 639 aucta
1070 577 1194 639 totidem
1215 577 1346 653 minutis,
1370 585 1404 638 ut
1424 586 1504 639 esset

141 658 200 722 20⁰
222 660 287 722 bei.
331 660 423 722 Aliud
445 672 492 723 est
513 663 667 740 dstantia,
699 665 782 726 aliud
808 683 946 728 acuemus
969 664 1018 726 ael
1040 668 1296 745 appropinquatio.
1343 664 1392 725 Sic
1415 667 1503 741 igitur

140 758 173 809 tu
194 751 327 827 *pulis
348 752 410 811 isar
431 753 586 811 humitis
607 755 732 814 uorum
752 757 861 815 moena
889 754 1034 814 rationem
1065 753 1142 814 banc
1169 753 1319 832 Tychonis
1348 750 1502 829 sustulisti,

139 843 174 895 at
196 837 336 899 omnibus
358 838 451 899 trihus
474 839 653 916 conjunctim
675 842 780 901 sumtis
802 841 913 903 efficias
935 843 1033 902 minus
1055 857 1145 917 quam
1166 841 1249 905 nibil.

480 1043 524 1112 rr
546 1044 642 1130 usn
663 1047 709 1115 ra.
731 1042 785 1114 ror.
807 1046 873 1116 tre
896 1048 927 1115 et
947 1046 992 1114 rs.
1016 1045 1071 1115 ror.
1093 1047 1159 1114 ret.

247 1188 323 1249 Arce
347 1186 602 1250 demonstrationis
625 1191 760 1265 detensa,
788 1191 874 1251 hoste
897 1189 1020 1268 depulso
1043 1189 1216 1267 magnisque
1240 1189 1433 1252 incommodis
1455 1192 1502 1253 ai·

142 1275 230 1350 letto,
253 1274 293 1337 de
314 1274 522 1337 intimioribus
544 1278 699 1354 praesidiis
720 1277 916 1339 laborandum
938 1294 1116 1355 magnopere
1138 1292 1198 1337 uon
1220 1283 1280 1337 est:
1305 1276 1402 1340 danda
1425 1279 1503 1341 hosti

140 1362 263 1422 licentia
284 1362 368 1438 haec,
391 1371 423 1423 ut
446 1365 475 1422 in
498 1371 617 1442 receptu
639 1384 743 1444 agrum
765 1366 931 1445 populetur,
954 1365 1096 1426 incendiis
1118 1373 1276 1442 grassetur,
1299 1366 1352 1426 ubi
1375 1366 1424 1427 ael
1446 1368 1502 1429 oh·

141 1453 348 1511 mestianum
367 1448 442 1511 tiss
463 1456 719 1529 argumentationi,
743 1455 791 1514 vel
814 1455 1029 1530 argumentatio
1052 1451 1310 1513 demonstrationis
1332 1457 1501 1533 suppositis,

142 1537 188 1599 rel
208 1539 369 1616 supposita
389 1536 598 1615 schematibus,
621 1540 670 1602 vel
693 1541 845 1602 schemata
867 1539 993 1616 deniqne
1017 1541 1133 1615 verbis,
1157 1540 1248 1600 ruha
1269 1543 1359 1600 menti
1381 1559 1440 1602 non
1463 1543 1502 1603 ad

143 1628 286 1687 amusshu
313 1624 501 1704 respondent.
545 1625 641 1689 Hoste
671 1627 798 1707 deniqne
824 1627 980 1706 profligato
1009 1627 1095 1688 iaciie
1123 1628 1283 1689 sarciemus
1310 1629 1369 1688 ieta
1394 1629 1502 1691 damna
1621 1624 1629 1645 ¹

143 1729 256 1792 proque
278 1714 365 1775 weda
387 1721 534 1776 minante
558 1715 701 1777 obsoletis
723 1725 754 1778 et
776 1718 891 1777 vitiosis
913 1732 992 1775 nova
1014 1724 1045 1776 et
1066 1714 1149 1776 firma
1170 1730 1353 1791 reponemus.

246 1799 352 1880 Tycha
382 1802 518 1878 equidem
540 1806 666 1881 propriis
688 1805 750 1865 auis
773 1804 1030 1865 observationibus
1053 1805 1169 1889 innixus
1192 1802 1228 1863 de
1250 1802 1356 1865 alienis
1379 1804 1501 1866 ulterius

144 1904 201 1948 neu
224 1887 384 1964 laboravit,
406 1906 496 1967 quam
519 1898 552 1950 ut
573 1891 612 1951 ad
635 1891 870 1969 qualemcunque
892 1907 1067 1969 consensum
1087 1908 1139 1951 eas
1153 1889 1319 1952 adduceret
1356 1890 1500 1967 Rationis,

142 1992 231 2054 qnam
253 1978 319 2054 ipss
340 1979 457 2037 tertiam
480 1987 628 2053 numerat,
657 1978 758 2057 Scipio
782 1982 903 2055 quintae
925 1986 1038 2056 partem
1059 1978 1143 2052 lacit,
1174 1977 1324 2039 conclusio
1347 1978 1421 2040 baec
1442 1989 1499 2041 est:

143 2081 175 2125 ex
205 2062 367 2124 coilahone
396 2065 635 2126 obseruationum
658 2065 804 2144 Haggecii
827 2073 857 2126 et
879 2064 1022 2128 Gemmas
1053 2082 1120 2126 oum
1142 2067 1204 2126 suis
1234 2066 1339 2126 eodem
1363 2071 1502 2146 temporis

142 2158 292 2227 momento
313 2152 455 2212 institutis
477 2153 526 2214 rel
548 2153 661 2214 nullum
684 2153 733 2215 vel
755 2156 895 2231 exiguum
916 2152 1059 2214 resultare
1081 2152 1249 2228 discrimen,
1283 2171 1379 2231 eoque
1402 2172 1502 2216 come·

145 2247 200 2299 tan
222 2254 285 2299 non
306 2254 381 2300 saue
401 2242 598 2318 propinquum
620 2241 718 2302 Terris
742 2250 771 2302 et
793 2242 939 2303 elemento
961 2242 1038 2300 aiiris
1060 2239 1166 2315 luisse,
1195 2239 1248 2301 sed
1279 2242 1369 2319 plane
1391 2242 1502 2303 altissi-

144 2344 220 2387 mum
243 2334 274 2387 et
295 2325 399 2405 procul
422 2326 529 2404 dubio,
557 2331 583 2388 si
610 2327 684 2390 iides
706 2329 884 2402 observatis,
915 2327 1002 2405 piane
1029 2345 1119 2406 supra
1140 2327 1271 2404 Lunam;
1301 2346 1391 2407 saepe
1412 2333 1502 2391 etism

144 2428 200 2474 ram
223 2414 257 2473 in
281 2415 468 2489 coenulam,
491 2417 562 2477 item
584 2416 622 2476 ad
645 2416 829 2494 impossihile
852 2415 966 2490 deduci,
990 2414 1068 2476 uude
1090 2416 1196 2476 vitium
1210 2404 1382 2477 crumenat
1395 2434 1430 2478 ex
1445 2419 1501 2479 oh·

146 2503 359 2563 munenibus
379 2502 457 2566 inter
477 2520 510 2563 se
532 2506 709 2580 comparatis
730 2505 917 2565 mauiieetum
938 2503 1000 2562 ilat

246 2588 297 2648 Ad
327 2589 404 2649 hanc
427 2590 645 2652 conclusionem
667 2592 790 2653 reiertnr
812 2593 907 2651 omnis
930 2590 1210 2651 demonstrationum
1232 2590 1383 2669 ¹l'yeitouis
1406 2608 1502 2671 appa·

147 2685 233 2753 ntus,
255 2675 295 2739 ds
317 2692 378 2753 quo
400 2676 515 2754 aliquot
535 2680 667 2740 membra
688 2687 758 2738 sunt
779 2679 816 2741 de
838 2679 996 2757 superfluo.
1033 2679 1132 2755 Atque
1155 2680 1185 2736 in
1202 2694 1303 2739 earum
1317 2679 1501 2740 demonstra·

147 2768 254 2827 donum
286 2766 462 2843 repetitions
490 2773 521 2826 st
549 2768 788 2845 uanmmiptione
824 2766 937 2845 placuit
966 2764 1165 2827 claramontio
1201 2771 1295 2827 totum
1329 2775 1418 2844 eaput
1450 2770 1499 2831 12.

147 2854 303 2929 insumam
327 2868 363 2913 eo
385 2853 475 2929 igitur
497 2857 680 2928 transmisse,
703 2855 820 2915 contero
843 2872 890 2915 me
913 2853 950 2914 ad
974 2861 1063 2930 capnt
1087 2856 1137 2913 13.
1159 2852 1209 2914 iol.
1237 2854 1307 2913 184.

247 2945 277 3003 i.
317 2939 448 3000 Primam
468 2942 499 2999 iu
521 2957 558 3002 so
579 2942 650 3003 iacit
671 2942 842 3002 instantiam
857 2941 1083 3021 claramontins,
1106 2956 1227 3018 negans,
1249 2939 1422 3020 ll'yebouem
1445 2942 1501 3002 ob·

146 3042 276 3090 renue
298 3024 347 3088 dls
373 3028 422 3087 lii.
438 3034 469 3088 et
483 3030 535 3088 24.
549 3029 734 3106 Novembris,
758 3029 867 3107 quibus
889 3028 939 3090 ilie
962 3027 1067 3091 diebus
1090 3027 1235 3107 Haggecii
1258 3030 1415 3090 observata
1434 3044 1500 3091 cum

146 3118 211 3191 suis,
235 3130 312 3192 quas
333 3114 494 3194 profitetur,
517 3124 677 3195 comparat

243 3205 275 3263 i.
312 3200 347 3263 Sl
374 3203 463 3280 plane
493 3221 553 3265 uon
583 3206 773 3266 observasset
794 3203 912 3283 Tycha,
944 3204 970 3262 si
1001 3202 1082 3262 nuda
1111 3201 1288 3264 deductione
1311 3219 1347 3263 ex
1367 3208 1500 3281 proxime

145 3288 377 3352 emmena
399 3289 512 3351 dierum
534 3293 700 3354 observatis
723 3292 893 3366 distantias,
917 3307 992 3367 quas
1015 3298 1174 3367 comparat,
1199 3292 1408 3365 conmituisset,
1429 3306 1501 3352 unm

145 3376 207 3441 tiso
231 3379 278 3439 rb
299 3380 465 3456 umenti
487 3379 570 3441 nulia
591 3380 690 3440 lutura
711 3379 812 3455 tuerit,
837 3380 1009 3457 pracsertim
1032 3393 1099 3436 cum
1120 3376 1168 3436 hic
1189 3395 1248 3439 non
1272 3384 1336 3437 tota
1358 3394 1405 3437 res
1427 3394 1500 3439 con·

147 3468 293 3542 stituatur,
316 3464 370 3527 sed
390 3465 427 3527 ds
450 3482 594 3528 coumnsu
616 3468 723 3529 ssimm
745 3467 906 3528 alienarum
929 3465 1169 3526 observationum
1191 3463 1374 3542 quaeratur?

245 3559 277 3615 ii.
314 3552 401 3614 Nunc
422 3563 579 3633 postquam
601 3554 706 3633 'l‘ycho
728 3556 793 3633 ipse
813 3555 891 3630 suis,
915 3570 990 3631 quus
1011 3552 1059 3612 hic
1082 3552 1212 3629 adhibet,
1236 3551 1500 3626 observationibus,

144 3640 221 3719 qued
243 3640 416 3721 impeditius
436 3650 536 3702 essent
557 3651 681 3717 sumtae,
704 3659 763 3702 non
785 3641 860 3718 lidit,
881 3644 938 3702 nisi
962 3657 1014 3702 eas
1037 3655 1103 3700 cum
1117 3642 1250 3718 proxime
1265 3639 1501 3701 antecedentium

144 3728 256 3792 dimum
277 3728 583 3790 inimadrmsiouihus
605 3728 802 3805 conciliasset,
824 3737 909 3790 tauto
929 3726 1055 3788 caudore
1070 3727 1319 3802 demonstratoris,
1343 3734 1404 3788 tam
1419 3726 1500 3789 unllo

142 3815 295 3879 mnodo
316 3819 347 3877 in
370 3815 573 3878 rmditatione
594 3818 680 3897 lacti,
711 3815 792 3894 qnod
818 3817 927 3878 iactum
950 3815 1050 3893 Scipio
1077 3822 1183 3894 negat:
1212 3818 1269 3877 utri
1292 3830 1404 3892 quaeso
1427 3812 1500 3876 hdes

142 3902 294 3980 habenda,
322 3903 457 3982 Tychom
478 3904 644 3980 affirmanti,
667 3922 705 3964 au
728 3905 859 3983 Scipioni
881 3901 1026 3981 negantii

243 3998 275 4052 4.
305 3990 441 4069 Tyrhoni
464 3994 690 4054 ostentationem
712 4001 785 4071 puto
809 4000 847 4065 et,
871 3995 897 4052 si
919 3992 975 4051 dlis
998 3989 1105 4068 piacet,
1129 3991 1216 4051 etiam
1238 3989 1423 4052 mendacium
1446 4007 1500 4051 ex·

140 4077 276 4157 probant,
304 4094 377 4139 nne
399 4094 489 4156 quan
511 4096 683 4159 operosum,
712 4087 745 4140 ut
767 4079 848 4157 quod
869 4080 1038 4140 instruxerit
1059 4078 1276 4139 simulationem
1299 4076 1448 4139 dissensus
1469 4080 1501 4137 in

139 4180 199 4227 ιο
221 4168 335 4227 minuto
357 4166 397 4227 ab
419 4182 472 4242 ee,
504 4166 585 4244 qnod
616 4185 653 4229 ea
683 4165 868 4229 antecedenti
890 4167 937 4227 die
961 4163 1128 4227 deductum.
1172 4166 1249 4227 Nam
1271 4166 1359 4244 plane
1380 4163 1500 4225 moniis

137 4251 188 4315 his
216 4255 312 4314 oritur
339 4256 493 4332 quaestio,
523 4253 598 4315 nibil
627 4254 666 4316 ad
696 4257 860 4332 argumenti
882 4258 941 4314 rim
963 4256 1121 4330 pertinens.
1166 4253 1239 4314 Viro
1262 4251 1399 4330 equidem
1421 4253 1501 4313 boun

140 4337 176 4401 de
205 4340 294 4401 rebus
317 4357 337 4401 a
358 4358 391 4402 se
417 4343 509 4418 gestis
538 4344 675 4417 testanti,
707 4343 817 4402 nullius
846 4341 895 4402 rel
926 4340 994 4402 odio
1021 4356 1166 4418 pesonae
1189 4340 1238 4401 vel
1263 4359 1316 4419 spe
1344 4338 1499 4411 commodi,

140 4429 191 4504 qul
213 4426 303 4489 ddum
325 4425 467 4505 derogat,
490 4430 554 4505 ipse
576 4432 621 4491 vir
643 4429 739 4491 honus
761 4446 840 4505 esse,
867 4430 894 4489 si
916 4445 976 4488 nou
999 4428 1122 4490 desistat
1144 4446 1163 4489 a
1184 4429 1362 4506 pertinacia,
1385 4444 1500 4505 nequa·

246 4604 276 4662 b.
315 4600 375 4662 uei
407 4603 556 4662 musnet
585 4618 653 4663 ecce
676 4603 777 4680 Scipio
808 4602 865 4662 hoc
887 4602 1038 4680 'lychoms
1066 4601 1103 4664 de
1131 4618 1164 4662 sc
1193 4605 1258 4681 ipso
1290 4603 1499 4678 testimoninm,

143 4687 408 4750 wandalenum
429 4688 459 4750 ei
481 4704 581 4750 casses
603 4689 794 4751 circumdans.
830 4687 909 4765 Quid
931 4706 1001 4768 ergo
1025 4688 1100 4751 dixit
1113 4689 1229 4770 Tycho,
1251 4687 1329 4750 unde
1344 4690 1500 4751 concludat

140 4773 251 4856 δάμω,
272 4781 420 4839 cometam
441 4776 483 4839 ibi
505 4775 610 4840 diebus
635 4780 685 4841 it.
708 4786 739 4839 et
758 4780 810 4839 ii.
825 4777 1003 4840 Novembris
1023 4776 1112 4857 pians
1133 4792 1192 4840 uon
1216 4777 1431 4840 emerammi
1451 4778 1499 4840 lis
