3284 5520
227 123 293 193 226
729 118 865 186 Tychonis
884 119 1095 190 llypcraspistea

229 319 266 362 ex
296 301 372 361 atris
402 297 547 359 elemento
579 305 722 358 cometam
753 297 831 357 hunc
860 301 977 377 penitus
1008 298 1126 383 ejiciant
1158 313 1235 372 aque
1265 296 1419 358 Tanarum
1450 297 1585 358 confiniis

227 386 350 447 notabili
373 384 525 445 intervallo
548 387 751 447 submoveant.

334 475 360 532 5.
396 471 481 547 Quod
512 489 580 532 vero
611 472 648 531 ad
677 476 802 548 priorem
830 475 972 532 rationem
995 471 1094 546 Scipio
1117 470 1173 530 hoc
1197 470 1322 546 amplius
1345 472 1465 547 adjicit,
1500 472 1586 531 lateri

228 561 414 638 Tyehonem,
449 561 512 635 ejus
541 560 640 619 eireuli
668 559 842 619 variabilem
874 563 962 619 inisse
995 559 1212 618 inclinationem
1242 560 1279 616 ad
1302 560 1467 635 eclipticam
1491 576 1586 635 eoque

227 652 325 707 minus
352 665 483 726 pugnare
513 651 701 707 assertionem
725 647 874 724 Tyehonis
899 647 934 705 de
957 646 1066 705 circulo
1089 649 1231 704 niaximo:
1267 647 1315 705 hic
1338 646 1456 705 tetidem
1479 650 1589 724 reperit

229 737 325 795 locunt
348 733 433 794 Joles
457 734 545 811 pulex
568 737 597 793 in
621 744 685 793 cute
708 734 860 805 Herculis,
889 736 939 792 ubi
969 734 1111 810 spiculum
1135 751 1220 792 suum
1243 732 1391 808 deligeret
1437 734 1586 792 Exciderit

227 841 299 882 sane
331 823 387 881 hoe
410 821 561 898 Tychorri,
596 826 723 881 versanti
747 834 815 880 tune
839 825 868 880 in
892 822 1138 897 contomplatione
1162 820 1368 898 hypothesium
1394 819 1510 893 Lunae,
1546 828 1586 892 ut,
1620 872 1625 882 .

229 910 308 986 quod
336 927 437 968 verum
469 919 513 968 est
543 909 578 967 de
609 927 679 968 vera
701 908 803 966 Lunae
834 912 900 981 via,
936 909 962 965 id
992 912 1055 984 ipsc
1079 908 1115 966 ud
1140 918 1328 985 apparentem
1352 911 1430 967 viam
1453 918 1587 967 cometae

228 997 396 1056 transferret
429 1013 589 1073 perperam.
634 995 751 1055 Scilicet
782 995 839 1055 hoc
870 1004 946 1054 reete
980 996 1128 1054 contendit
1159 996 1274 1071 Scipio,
1310 1003 1451 1070 quantum
1482 994 1587 1072 Tycha

228 1084 400 1143 variabilem
428 1082 617 1160 deprehendit
646 1083 861 1141 inclinationem
893 1083 969 1140 illius
992 1084 1091 1141 circuli
1116 1084 1251 1154 maximi,
1285 1100 1373 1157 quern
1396 1098 1517 1158 quoque
1540 1082 1588 1140 die

228 1189 278 1249 per
313 1169 370 1229 duo
406 1180 535 1230 cometae
566 1171 633 1229 loca
663 1173 833 1248 apparentia
864 1168 1019 1245 cogitando
1050 1168 1193 1241 traduxit,
1229 1178 1341 1227 tantum
1371 1173 1422 1228 via
1452 1179 1587 1229 cometae

229 1275 389 1336 apparens,
424 1275 458 1316 ex
490 1257 600 1315 diurnis
630 1256 687 1314 illis
718 1259 844 1316 arcubus
874 1259 1052 1334 composita,
1084 1259 1205 1315 recessit
1227 1276 1246 1314 a
1267 1257 1444 1333 perfectione
1466 1259 1589 1316 niaximi

229 1346 338 1405 circuli.
383 1344 458 1403 Nam
486 1345 542 1403 hoe
565 1346 643 1403 idem
666 1347 753 1403 etiam
777 1344 812 1403 de
836 1343 921 1403 Luna
944 1362 1044 1403 verum
1067 1362 1148 1416 esse,
1180 1342 1283 1419 'lycho
1306 1346 1369 1423 ipse
1392 1345 1479 1417 alibi,
1514 1361 1589 1403 eou-

229 1432 385 1494 sideratius
407 1432 551 1504 scribens,
577 1432 726 1506 coneedit,
753 1449 810 1490 non
834 1431 983 1489 ordinatur
1005 1440 1084 1490 totus
1107 1431 1208 1489 iturine
1232 1433 1381 1503 circuitus,
1405 1431 1588 1507 nequidem

213 1523 253 1593 ,si
277 1537 343 1579 eum
372 1519 514 1596 parallaxi
538 1537 645 1591 exuras,
678 1536 736 1578 non
760 1522 878 1594 inquam
902 1519 1051 1577 ordinatur
1074 1520 1129 1576 sub
1153 1525 1293 1593 perpetuo
1316 1517 1423 1578 circulo
1446 1520 1588 1591 maximo,

227 1615 344 1686 propter
374 1616 403 1664 et
432 1604 574 1664 nodorum
605 1605 825 1666 translationem
855 1616 884 1665 et
913 1607 1037 1665 limitum
1068 1604 1252 1664 librationem
1281 1616 1468 1665 ntenstruam.
1516 1606 1589 1664 llsto

228 1698 349 1771 inquam
370 1692 427 1755 hoc
449 1696 499 1751 ita.

335 1781 363 1838 6.
400 1779 440 1838 At
469 1787 566 1838 minen
594 1779 713 1857 Tycha,
747 1779 886 1855 conjectis
916 1780 1009 1838 oculis
1040 1788 1069 1840 et
1096 1781 1124 1835 in
1153 1778 1242 1853 hujus
1271 1777 1454 1839 elementaris
1486 1778 1587 1838 mundi

230 1876 362 1927 rnotuum
385 1866 477 1925 flexus
493 1866 682 1938 inordinatos,
706 1868 880 1926 iluetuantes
896 1875 934 1940 ei,
959 1877 991 1924 nt
1015 1874 1044 1924 tu
1062 1866 1097 1924 de
1121 1868 1192 1943 ipsis
1215 1866 1302 1923 ctiam
1326 1869 1447 1926 comatis
1468 1869 1588 1939 asseris,

230 1956 421 2033 serpentinos,
439 1961 469 2012 11
483 1955 513 2011 in
527 1953 606 2013 illius
622 1963 800 2014 cometarum
816 1954 914 2014 circuli
930 1956 1049 2012 marinii
1062 1954 1173 2024 (maimo
1189 1955 1336 2030 concepti)
1351 1952 1588 2026 declinationem,

229 2044 349 2101 minimo
364 2040 530 2100 discrimine
553 2050 583 2101 et
598 2041 698 2101 ordine
721 2044 867 2102 constanti
884 2042 1036 2113 variatam,
1060 2041 1156 2117 qualis
1172 2049 1216 2099 est
1240 2040 1310 2099 ordo
1333 2044 1424 2099 etiam
1446 2043 1477 2098 in
1492 2041 1587 2113 huna,

228 2128 321 2189 nihilo
344 2130 438 2204 magis
461 2130 490 2185 in
513 2129 720 2205 probabilitate
744 2129 854 2198 deficit,
887 2131 1057 2206 praesertim
1080 2131 1105 2187 si
1127 2127 1184 2186 hoe
1206 2138 1377 2201 argumento
1401 2131 1588 2207 potissimum

230 2234 265 2277 eo
289 2217 404 2293 dirigat,
428 2222 462 2274 ut
485 2214 580 2275 ortum
603 2219 629 2276 oi
653 2235 688 2276 ex
711 2216 801 2275 Terra
822 2225 852 2276 11
875 2219 1011 2275 viciniam
1034 2226 1120 2292 neget
1143 2214 1360 2274 elementorum.

336 2308 364 2362 7.
395 2303 577 2379 Agnovisses
600 2306 698 2382 potius
714 2303 893 2363 Claramonti
917 2303 1071 2363 eandorem
1094 2304 1255 2361 astronomi
1279 2312 1307 2362 et
1330 2303 1588 2380 scrupulositatem

233 2408 291 2449 non
320 2390 409 2451 valde
437 2393 633 2450 necessariam
655 2393 687 2449 in
708 2393 891 2451 consessione
914 2393 1025 2449 minimi
1049 2390 1221 2449 discriminis
1243 2392 1319 2448 inter
1340 2390 1419 2450 hune
1441 2398 1588 2451 comatam

230 2487 260 2538 ct
282 2480 407 2556 priorem
430 2480 500 2536 anni
526 2480 619 2537 1571.
642 2495 737 2554 exque
761 2495 796 2538 eo
820 2477 906 2537 iidem
929 2479 993 2553 ejus
1016 2477 1262 2537 commendasses.

336 2567 364 2624 8.
395 2565 464 2624 Meo
481 2564 599 2641 quidem
622 2574 793 2640 argumento
816 2583 905 2641 supra
926 2566 1078 2642 proposito
1101 2566 1267 2624 neccessarie
1288 2563 1376 2640 plane
1398 2571 1444 2624 est
1465 2563 1588 2625 libertae

231 2652 283 2711 illa
311 2664 341 2711 et
369 2654 453 2728 qnasi
476 2653 619 2712 relaxatio
643 2672 662 2710 a
684 2652 793 2711 circulo
816 2654 961 2725 maximo,
996 2654 1066 2727 quia
1091 2651 1119 2710 id
1142 2659 1345 2727 argumentum
1369 2652 1413 2711 sio
1434 2660 1481 2712 est
1504 2668 1588 2713 comÎ‡

230 2747 379 2817 paratum,
412 2748 445 2798 nt
466 2757 573 2799 causas
597 2740 809 2815 complectatur
831 2741 1034 2798 deviationum
1056 2737 1240 2815 hujusmodi,
1270 2741 1295 2796 si
1319 2738 1438 2815 qnando
1463 2756 1532 2815 eae,
1555 2747 1589 2799 ut

229 2830 258 2885 in
287 2827 344 2886 hoe
372 2834 502 2900 comata,
537 2835 688 2904 apparent.
736 2826 818 2886 Adeo
850 2825 922 2883 nihil
951 2826 1043 2886 eflicit
1073 2845 1109 2886 ea
1138 2825 1202 2885 loco
1226 2833 1357 2885 cometae
1381 2826 1521 2901 coelesti,
1554 2834 1587 2887 nt

229 2932 296 2973 eum
324 2914 423 2991 potins
455 2915 483 2970 in
512 2930 577 2973 meo
601 2921 773 2990 argumento
796 2913 939 2973 adstruat,
986 2912 1052 2988 Qun
1075 2914 1111 2974 de
1134 2931 1164 2972 re
1187 2911 1271 2989 plura
1293 2922 1363 2973 tuno
1385 2911 1501 2989 dicem,
1536 2915 1586 2973 uhi

228 3018 288 3061 iton
319 3001 397 3059 hune
427 3007 540 3059 tantum
571 3003 639 3060 anui
674 3002 773 3073 1585,
805 3000 857 3061 sed
886 3011 915 3060 et
945 3000 1069 3060 alterum
1099 3002 1167 3059 anni
1200 3001 1291 3059 1590.
1323 3020 1341 3060 a
1369 3003 1426 3061 tuis
1457 3001 1587 3078 querelis

230 3088 428 3148 vindicavero.

338 3177 366 3236 9.
403 3175 436 3233 ln
462 3185 603 3250 errantum
636 3191 705 3233 vero
736 3174 809 3235 hace
841 3175 1026 3234 interloeutio
1056 3174 1177 3234 relertur
1200 3175 1236 3233 ad
1260 3173 1419 3234 secundam
1442 3176 1588 3234 rationem

229 3261 395 3339 Tychonis,
429 3279 518 3339 supra
546 3265 701 3340 probatum
730 3272 774 3320 cst
801 3264 964 3336 evidenter,
1000 3261 1072 3320 nihil
1101 3260 1139 3319 ad
1168 3262 1238 3333 hoe,
1273 3271 1305 3320 ut
1337 3262 1373 3321 de
1395 3261 1585 3338 regularitate

229 3348 478 3409 decrementorum
502 3353 530 3406 in
554 3350 664 3408 diurnis
687 3350 813 3408 ieramus
832 3349 990 3425 judicium,
1012 3349 1085 3406 nihil
1108 3351 1228 3425 inquam
1251 3352 1404 3422 interesse,
1438 3350 1586 3409 maximus

230 3438 267 3494 sit
292 3435 431 3507 circulus,
456 3439 484 3493 in
508 3453 567 3512 quo
592 3447 705 3495 cometa
728 3437 850 3511 incedit,
872 3455 908 3496 an
932 3438 970 3496 ab
994 3438 1057 3512 ejus
1082 3437 1239 3495 directione
1262 3436 1415 3511 paululum
1438 3435 1585 3497 deflectat.

336 3524 385 3582 10.
420 3522 480 3583 Sed
512 3533 613 3583 contra
642 3522 800 3583 secundam
829 3527 971 3584 rationem
1003 3523 1075 3582 illud
1105 3541 1141 3582 ex
1174 3526 1312 3599 antiquo,
1347 3525 1433 3601 qnasi
1464 3540 1585 3596 novum,

230 3609 316 3669 inlert
337 3609 455 3686 Scipio,
487 3612 566 3686 quod
590 3612 720 3672 ordinem
743 3612 772 3668 in
796 3611 979 3673 decremento
1003 3628 1061 3670 non
1087 3611 1148 3669 vult
1171 3628 1346 3687 agnoscere,
1369 3613 1425 3669 nisi
1448 3613 1489 3670 sit
1510 3613 1586 3671 inter

230 3696 350 3756 diurnos
372 3702 521 3774 proportio
545 3702 699 3771 continua,
734 3717 821 3774 quam
845 3716 933 3774 supra
957 3698 1017 3756 dixi
1040 3717 1077 3758 ne
1101 3697 1219 3773 quidem
1243 3700 1271 3754 in
1294 3697 1421 3775 planetis
1443 3696 1524 3771 dari3
1558 3706 1587 3757 11

231 3794 328 3843 tamen
358 3787 387 3843 in
417 3802 517 3844 eorum
545 3784 736 3847 decrementis
759 3786 830 3845 orde
853 3796 898 3845 est
919 3786 1001 3857 talis,
1036 3784 1152 3860 qualem
1176 3783 1304 3845 celebrat
1327 3783 1430 3861 'lyoho
1454 3801 1507 3862 pro
1531 3783 1587 3845 doÎ‡

231 3880 366 3932 eumenio
388 3874 430 3931 rei
453 3873 597 3934 eoelestis.

338 3963 386 4018 11.
422 3958 481 4018 Î—11
512 3968 609 4019 tumen
641 3959 777 4038 pudenda
807 3960 901 4037 magis
932 3963 1021 4017 utitur
1050 3957 1165 4031 á¼Î½Î´ÎµÎ¹Î¾ÎµÎ¹
1194 3959 1309 4036 Scipio,
1344 3976 1410 4018 cum
1440 3960 1587 4037 potuisset

230 4046 323 4105 multo
355 4047 458 4122 majori
490 4064 555 4106 cum
586 4049 811 4107 existimationis
840 4063 908 4104 errra
937 4047 1081 4106 adducere
1110 4047 1173 4105 dies
1201 4046 1285 4105 alios.
1332 4046 1479 4105 Censetur
1507 4048 1586 4105 enirn

231 4134 278 4194 die
303 4138 353 4191 21.
378 4132 514 4193 Octobris
545 4152 622 4193 anno
648 4136 740 4194 1585.
771 4133 983 4193 abundantiam
1011 4137 1107 4192 minus
1130 4150 1220 4208 quam
1242 4136 1329 4193 unius
1350 4135 1471 4205 minuti,
1504 4130 1586 4208 quod

232 4238 341 4294 onrnes,
366 4224 417 4295 qui
439 4225 635 4282 astronomiae
659 4222 770 4281 hahent
792 4224 1008 4299 experientiam,
1032 4219 1168 4280 ridebunt
1190 4222 1371 4280 effusissime.
1408 4219 1453 4278 Ne
1477 4218 1587 4296 dicam,

231 4308 310 4382 quod
333 4306 371 4366 ad
394 4311 561 4367 continuum
584 4308 886 4386 proportionalitatem
910 4309 1012 4385 Tycho
1035 4310 1096 4367 suis
1120 4325 1184 4366 curn
1207 4307 1448 4384 usurpationibus
1470 4323 1503 4365 sc
1526 4322 1586 4365 non

232 4394 384 4470 obligavit.
429 4393 513 4454 Haec
536 4399 669 4454 nimirum
694 4407 738 4455 est
760 4396 811 4454 illa
833 4396 1004 4472 effluentiaeÎ‡
1026 4395 1170 4470 Scipionis
1193 4396 1342 4468 doctrina,
1364 4402 1435 4475 ppto
1456 4393 1586 4453 salivam

234 4479 328 4540 dicere
353 4480 454 4540 voluit,
467 4476 508 4555 Â²Â³)

339 4571 389 4631 12.
426 4568 495 4628 lam
519 4569 633 4628 tertiam
658 4568 806 4645 l'yehonis
829 4570 971 4629 rationem
993 4576 1126 4629 numerat
1147 4566 1247 4643 Scipio
1270 4585 1351 4643 eam,
1380 4574 1526 4644 quaeest
1550 4565 1586 4627 de
