3284 5520
794 109 1041 181 Logarithmorom.
1527 114 1593 184 327

48 350 79 363 ,,
231 289 340 351 ordine
355 288 587 367 mapnitudinis,
611 308 747 367 quarum
764 307 843 367 quae
865 291 1062 351 intermediae
1077 308 1142 351 non
1164 295 1226 351 sint
1246 295 1327 352 inter
1345 296 1593 371 proportionales

10 431 18 457 ι
58 420 84 463 ,5
122 430 128 463 Ι.
231 377 347 437 medias
358 380 568 457 proportionis
577 381 795 455 cujuscunque,
810 382 872 438 siue
882 387 953 438 actu
968 383 1165 439 continuatae
1174 383 1237 439 siue
1244 388 1390 456 potestate
1404 384 1592 443 continuan-

10 462 77 545 ’,φ’
125 464 128 469 ’
229 464 287 525 dae
315 467 544 541 interpositione
570 468 773 526 omissorum:
801 466 1000 526 intermediae
1025 468 1099 526 tales
1123 471 1356 543 proportionem
1384 476 1592 529 extremarum

10 546 36 573 ’“”
57 550 71 557 “’
228 570 293 613 non
313 552 461 611 dividunt
481 555 515 610 in
537 554 833 614 commensurabilia.

194 620 201 644 ⁶
342 642 370 697 l.
402 639 682 701 Commensurabilia
698 644 774 700 enim
789 659 824 700 ex
846 658 881 699 eo
898 640 1040 713 dicuntur,
1065 640 1143 716 quod
1159 642 1288 702 habeant
1303 660 1391 702 unam
1407 659 1592 704 communem

10 775 32 815 ,ἑ
57 779 89 813 =:·
228 743 415 800 mensuram,
447 745 536 803 quam
566 728 718 805 quodlibet
749 729 899 787 contiueat
926 727 1086 787 secundum
1118 737 1228 787 eertum
1256 748 1407 789 numerum
1430 733 1590 808 aliquoties

124 844 127 849 ·
228 822 350 887 exacte,
382 817 425 873 sic
447 823 480 874 ut
501 814 589 889 nihil,
623 815 702 892 quod
725 834 760 875 ea
782 833 918 874 mensura
941 818 1036 874 minus
1060 818 1111 891 sit,
1141 824 1230 876 restet
1253 818 1412 877 residuum.
1459 821 1489 877 2.
1519 817 1591 878 Jam

228 918 300 962 sero
330 918 467 961 mensura
495 905 715 979 proportionum
745 905 907 962 communis
937 911 983 961 est
1011 912 1041 962 et
1070 905 1134 979 ipsa
1165 904 1266 978 eliqua
1295 908 1460 982 proportio,
1495 909 1592 967 minor

227 998 356 1064 utraque
371 989 574 1051 mensuranda.
615 993 643 1049 3.
674 988 776 1048 Omnis
794 1008 863 1050 vero
887 992 1035 1068 proportio
1054 999 1098 1049 est
1121 991 1285 1050 interduos
1308 996 1456 1053 terminos.
1494 995 1525 1055 4.
1553 994 1592 1052 Et

226 1079 382 1153 proportio
414 1079 586 1154 repetitione
619 1080 682 1150 sui,
720 1095 893 1137 mensurans
927 1079 1016 1137 aliam
1050 1081 1284 1154 proportionem,
1322 1082 1426 1156 incipit
1458 1082 1497 1139 ab
1532 1097 1590 1140 uno

10 1208 14 1215 .
45 1152 92 1240 ἶ,
118 1230 123 1253 Ι
226 1163 446 1223 mensurandae
468 1168 591 1224 termino
615 1168 700 1240 eique
723 1168 817 1224 sociat
840 1164 939 1238 alium,
963 1182 1015 1240 pro
1034 1167 1147 1225 ratione
1170 1168 1437 1242 poenitentemne
1460 1169 1590 1242 minoris,

227 1251 361 1310 tamilla
381 1251 444 1326 jam
460 1269 513 1328 pro
530 1253 712 1312 antecedenti
730 1262 836 1325 sumto,
860 1255 963 1311 statuit
978 1251 1067 1310 alium
1091 1262 1325 1328 consequentem,
1351 1253 1407 1313 hoc
1422 1254 1590 1329 identidem,

229 1336 427 1416 quoadusque
456 1347 621 1414 permeatur
650 1343 845 1416 proportionis
877 1338 1088 1398 mensurandae
1116 1343 1280 1417 quantitas,
1313 1359 1372 1399 non
1395 1340 1480 1400 aliter
1503 1360 1591 1417 quam

228 1443 296 1486 cunr
320 1425 476 1485 intervallo
498 1427 605 1503 pedum
629 1429 728 1486 circini
752 1431 887 1488 metimur
908 1427 1030 1500 lineam,
1059 1426 1117 1486 fixo
1140 1426 1215 1503 pede
1240 1431 1339 1486 circini
1362 1431 1390 1485 in
1413 1446 1473 1488 una
1494 1428 1591 1489 lineae

230 1515 426 1583 extremitate,
450 1514 525 1589 pede
540 1514 632 1573 altero
656 1522 795 1591 punctum
811 1518 970 1590 signamus,
995 1514 1100 1572 deinde
1115 1514 1190 1590 pede
1213 1516 1308 1590 priore
1324 1518 1353 1572 in
1378 1515 1434 1575 hoc
1448 1524 1589 1592 punctum

230 1599 389 1672 translato,
417 1609 557 1676 punctum
581 1601 661 1660 aliud
684 1602 775 1662 altero
800 1602 874 1679 pede
896 1609 1040 1660 metamur
1063 1619 1164 1661 versus
1187 1601 1338 1674 ulteriora,
1363 1602 1456 1662 dorrec
1479 1606 1590 1663 emensi

230 1689 373 1746 fuerimus
406 1695 499 1747 totam
535 1688 651 1747 lineam.
708 1692 737 1748 5.
777 1690 815 1748 Et
849 1691 997 1766 proportio
1033 1692 1250 1766 proportionem
1287 1698 1389 1749 exacte
1422 1707 1591 1751 mensurare

231 1775 347 1845 dicitur,
372 1774 490 1850 quando
507 1778 535 1832 in
551 1776 607 1835 hac
623 1778 762 1836 continua
785 1780 971 1836 terminorum
988 1779 1209 1853 interpositione
1226 1786 1255 1834 et
1270 1780 1458 1853 coaptatione
1474 1777 1592 1838 tandem

232 1862 354 1921 ultimus
384 1866 522 1921 terminus
553 1866 751 1940 proportionis
779 1865 972 1923 mensurantis
1004 1881 1069 1923 cum
1099 1864 1228 1923 secundo
1260 1868 1383 1923 termino
1406 1872 1590 1925 mensuratae

231 1949 372 2009 coincidit
395 1951 423 2005 in
447 1952 622 2025 quantitate.
668 1950 760 2022 Igitur
782 1951 919 2011 identitas
943 1950 993 2008 illa
1015 1954 1213 2028 proportionis
1236 1954 1430 2010 mensurantis
1453 1955 1589 2012 continue

231 2038 374 2114 repetitae
398 2036 486 2097 elficit
508 2040 647 2096 terminos
670 2042 806 2098 continue
829 2038 1061 2114 proportionales
1085 2039 1179 2115 (prop.
1207 2036 1244 2117 7).
1292 2039 1367 2114 Ergo
1391 2043 1415 2096 si
1439 2042 1589 2115 proportio

233 2124 336 2200 aliqua
365 2122 439 2182 duas
468 2128 672 2201 proportiones
700 2135 801 2185 exacte
829 2128 962 2197 metitur,
997 2142 1117 2184 necesse
1141 2133 1184 2184 est
1207 2133 1239 2183 ut
1263 2128 1391 2197 termini,
1429 2143 1503 2201 quos
1526 2129 1592 2202 ipsa

233 2228 405 2272 mensurans
434 2213 609 2288 interponit,
643 2215 701 2272 sint
733 2232 797 2272 cum
830 2215 922 2289 ipsius
953 2212 1164 2272 mensurandae
1193 2216 1321 2272 terminis
1352 2215 1489 2272 continue
1519 2230 1590 2289 pro·

234 2298 424 2376 portionales.
463 2299 494 2358 Si
516 2317 586 2376 orgo
602 2300 682 2359 nulla
706 2319 834 2377 unquam
851 2303 1039 2376 quantumvis
1062 2318 1153 2376 parva
1170 2305 1319 2377 proportio
1342 2307 1439 2376 potest
1455 2302 1589 2374 inveniri,

235 2402 310 2463 quae
327 2386 501 2463 repetitione
524 2390 570 2446 sui
586 2390 724 2447 terminos
747 2390 865 2446 ultimos
882 2396 1056 2462 assequatur
1077 2390 1297 2464 proportionum
1321 2388 1589 2463 mensurandarum,

237 2476 276 2533 sic
298 2480 415 2533 uttam
439 2475 532 2549 major
555 2477 716 2534 communis
740 2479 892 2547 terminus,
922 2493 1008 2551 quam
1033 2474 1090 2533 duo
1114 2477 1239 2534 nrinores
1263 2478 1482 2552 proportionum
1505 2492 1590 2535 men·

237 2560 427 2621 curandarum
449 2564 508 2620 siut
528 2579 593 2621 cum
617 2566 810 2623 mensurantis
833 2565 963 2622 torminis
987 2565 1165 2638 interpositis
1187 2565 1324 2623 continue
1345 2563 1590 2639 proportionales,

238 2650 439 2728 proportiones
462 2646 531 2708 illae
553 2658 621 2708 sunt
643 2653 718 2709 inter
739 2669 772 2710 se
794 2649 1112 2712 incommensurabiles.

339 2735 575 2813 Propositio
598 2736 654 2797 tx.
705 2738 783 2797 Cum
809 2738 889 2797 duae
919 2736 1122 2812 loupitudines
1151 2737 1283 2817 affabiles
1312 2754 1376 2797 non
1402 2737 1521 2813 fuerint
1548 2735 1591 2795 ad

239 2825 374 2895 inuicem,
397 2831 434 2882 ut
454 2825 516 2884 duo
537 2828 661 2883 numeri
684 2826 816 2898 ejusdem
839 2829 948 2901 speciei
967 2826 1160 2901 flpuratieae,
1184 2843 1212 2883 v.
1233 2843 1257 2883 c.
1281 2825 1343 2883 duo
1365 2823 1512 2899 quadrati
1534 2830 1591 2883 aut

240 2910 295 2971 duo
324 2911 411 2970 cubi:
442 2928 507 2971 non
536 2911 645 2971 cadent
671 2917 751 2972 inter
778 2914 847 2973 illas
874 2911 1079 2987 lonpitudines
1106 2913 1186 2970 oliae
1213 2912 1345 2989 effabilss
1372 2912 1492 2970 mediae
1513 2930 1590 2987 pro·

237 3000 420 3072 portimsules
447 3016 577 3058 numero
603 3007 660 3072 tot,
695 3008 768 3076 quot
795 3004 863 3076 ipsa
889 3002 997 3075 species
1025 3000 1176 3074 postulat,
1210 3016 1239 3057 v.
1263 3017 1287 3057 c.
1311 2998 1459 3075 quadrati
1479 3016 1588 3075 unam,

239 3086 304 3145 arbi
326 3086 413 3161 duas,
436 3085 614 3162 biquadrati
635 3096 693 3146 tres
715 3095 769 3148 etc.

338 3172 406 3231 Sint
427 3176 505 3234 enim
529 3173 604 3233 duae
626 3173 825 3251 longitudines
849 3177 889 3246 A,
914 3174 955 3247 D,
984 3171 1126 3232 habentes
1149 3190 1181 3231 se
1205 3171 1322 3249 quidem
1345 3172 1383 3230 ad
1407 3173 1532 3231 invicem
1556 3178 1589 3231 ut

239 3274 373 3319 numerus
395 3259 433 3320 ad
456 3277 622 3333 numerum,
656 3270 687 3321 at
709 3279 767 3321 non
791 3271 823 3321 ut
844 3278 981 3320 numerus
1005 3261 1124 3319 cubicus
1157 3259 1194 3319 ad
1222 3261 1371 3333 cubicum3
1406 3261 1528 3334 etquis
1553 3258 1589 3320 ds

239 3347 309 3407 cubo
341 3349 473 3423 agimus,
505 3347 541 3408 de
571 3348 685 3408 duabus
714 3351 802 3426 igitur
829 3348 934 3409 mediis
956 3347 1224 3425 proportionalibus
1247 3349 1301 3406 erit
1324 3347 1496 3421 dicendum,
1530 3347 1590 3405 sint

239 3450 286 3494 cae
309 3432 335 3492 B
359 3443 390 3493 et
411 3434 451 3493 C:
475 3434 541 3494 dico
564 3435 590 3493 B
613 3444 643 3495 et
665 3435 688 3496 C
710 3453 769 3496 non
793 3454 856 3496 esse
880 3435 1077 3511 longitudines
1100 3434 1239 3494 affabiles.

339 3520 372 3581 Si
396 3525 473 3580 enim
497 3525 562 3598 quis
585 3523 751 3596 contendat,
776 3542 840 3584 esse
858 3523 998 3594 effrsbiles,
1022 3529 1086 3580 esto
1108 3521 1165 3581 hoc
1187 3523 1332 3598 positum:
1356 3528 1424 3580 suut
1446 3523 1534 3595 igitur
1556 3527 1590 3580 ut

237 3610 364 3680 numeri,
396 3618 465 3668 sunt
495 3617 594 3670 autem
625 3612 710 3670 simul
743 3611 857 3671 mediae
884 3608 1117 3687 proportionales
1142 3612 1214 3668 inter
1237 3611 1277 3682 A,
1302 3605 1332 3669 D
1364 3627 1399 3668 ex
1422 3608 1589 3686 hypothesi,

238 3701 262 3753 et
292 3697 365 3770 quia
393 3698 482 3755 etism
506 3698 548 3770 A,
573 3698 600 3755 D
631 3706 699 3756 sunt
720 3708 753 3758 ut
775 3700 901 3771 numeri,
935 3699 1043 3773 quippe
1066 3696 1197 3757 affabiles
1220 3706 1250 3756 et
1272 3699 1353 3772 ipsae
1377 3704 1588 3773 supponuntur,

236 3780 344 3841 habent
366 3800 438 3843 vero
462 3783 536 3843 duas
557 3784 668 3845 medias
692 3786 716 3843 B
741 3794 769 3846 et
790 3786 813 3846 C
837 3794 870 3844 ut
892 3801 1037 3856 numeros,
1061 3801 1152 3860 quare
1175 3784 1267 3864 (Eucl.
1284 3784 1368 3841 Vlll.
1385 3786 1449 3857 21.)
1474 3783 1546 3841 Aet
1561 3781 1589 3839 D

236 3868 346 3928 similes
377 3880 462 3930 erunt
490 3871 593 3946 solidi,
626 3890 715 3949 quare
747 3870 815 3954 (27.
846 3868 957 3954 ejusd.)
989 3878 1072 3931 erunt
1101 3871 1138 3930 ad
1169 3874 1293 3930 inuicem
1322 3878 1356 3928 nt
1385 3886 1522 3927 numerus
1550 3867 1590 3927 ad

236 3971 387 4015 numerum
417 3959 561 4018 cubicum.
607 3958 673 4019 Hoc
701 3979 772 4021 vero
803 3968 846 4019 est
878 3969 978 4018 contra
1007 3961 1130 4036 primam
1161 3959 1369 4037 propositionis
1399 3955 1588 4034 hypothesin,

235 4042 339 4102 lelsum
363 4046 452 4120 igitur
473 4049 602 4122 positum
625 4047 691 4121 luit,
726 4048 750 4105 B
775 4056 802 4106 et
827 4047 848 4105 C
873 4065 937 4106 esse
959 4045 1141 4123 longitndine
1164 4045 1311 4117 effabiles,
1343 4062 1412 4102 vera
1434 4045 1522 4119 igitur
1544 4050 1590 4102 est

235 4134 353 4207 negatio
377 4134 406 4188 in
428 4135 627 4210 propositione
650 4135 867 4212 comprehensa.

337 4217 451 4280 Eodem
480 4220 568 4279 modo
598 4223 685 4281 etiam
718 4222 753 4281 de
777 4221 928 4298 quadratis
951 4228 980 4279 et
1004 4219 1039 4279 de
1063 4236 1122 4279 una
1144 4219 1239 4278 media
1263 4215 1472 4296 proportionali
1494 4218 1587 4275 ratio·

235 4306 322 4364 cinari
354 4322 510 4384 possumus
541 4307 715 4370 deductione
745 4309 782 4369 ad
811 4306 1005 4386 impossibile,
1038 4324 1093 4367 nec
1120 4308 1216 4365 minus
1240 4305 1276 4365 de
1300 4306 1401 4365 ceteris
1424 4304 1588 4383 speciebus,

235 4400 301 4470 post
322 4391 499 4469 quadratum
522 4405 551 4455 et
574 4397 680 4455 cubum
704 4398 904 4472 sequentibus.

337 4480 560 4560 Propositio
584 4482 624 4541 X.
664 4484 698 4543 ss·
717 4503 753 4544 es
771 4485 888 4558 aliquot
903 4482 1126 4560 quantitatibus
1140 4479 1318 4558 effabilibus,
1343 4478 1451 4537 ordine
1463 4480 1590 4555 mapni-

236 4566 351 4627 tadinis
371 4570 502 4631 invicem
523 4572 728 4651 sequentibus,
755 4571 834 4630 duae
856 4579 1007 4631 extremae
1028 4586 1093 4630 non
1113 4570 1233 4647 tuerint
1255 4565 1297 4626 od
1318 4569 1447 4626 invicem
1468 4572 1506 4628 ut
1526 4565 1589 4629 duo
