<?xml version="1.0" encoding="UTF-8"?>
<!DOCTYPE html PUBLIC "-//W3C//DTD XHTML 1.0 Transitional//EN"
    "http://www.w3.org/TR/xhtml1/DTD/xhtml1-transitional.dtd">
<html xmlns="http://www.w3.org/1999/xhtml" xml:lang="en" lang="en">
 <head>
  <title>
</title>
<meta http-equiv="Content-Type" content="text/html;charset=utf-8" />
  <meta name='ocr-system' content='tesseract 3.04.00' />
  <meta name='ocr-capabilities' content='ocr_page ocr_carea ocr_par ocr_line ocrx_word'/>
</head>
<body>
  <div class='ocr_page' id='page_1' title='image "./joanniskepleria07frisgoog/joanniskepleria07frisgoog_0689.png"; bbox 0 0 3284 5520; ppageno 0'>
   <div class='ocr_carea' id='block_1_1' title="bbox 346 1314 1261 1680">
    <p class='ocr_par' dir='ltr' id='par_1_1' title="bbox 346 1314 1261 1680">
     <span class='ocr_line' id='line_1_1' title="bbox 346 1314 1261 1448; baseline -0.002 -2"><span class='ocrx_word' id='word_1_1' title='bbox 346 1350 693 1448; x_wconf 73' lang='lat' dir='ltr'><strong>reassumam</strong></span> <span class='ocrx_word' id='word_1_2' title='bbox 724 1348 931 1445; x_wconf 80' lang='lat' dir='ltr'><strong>sanun</strong></span> <span class='ocrx_word' id='word_1_3' title='bbox 962 1351 1022 1443; x_wconf 84' lang='lat' dir='ltr'><strong>ar</strong></span> <span class='ocrx_word' id='word_1_4' title='bbox 1052 1314 1261 1444; x_wconf 78' lang='lat' dir='ltr'><strong>noaino</strong></span> 
     </span>
     <span class='ocr_line' id='line_1_2' title="bbox 540 1546 1042 1680; baseline 0.002 -21"><span class='ocrx_word' id='word_1_5' title='bbox 540 1549 598 1659; x_wconf 88' lang='lat' dir='ltr'><strong>D.</strong></span> <span class='ocrx_word' id='word_1_6' title='bbox 651 1546 1042 1680; x_wconf 36' lang='lat' dir='ltr'><strong>rtussuuuo,</strong></span> 
     </span>
    </p>
   </div>
   <div class='ocr_carea' id='block_1_2' title="bbox 116 1740 1469 2026">
    <p class='ocr_par' dir='ltr' id='par_1_2' title="bbox 116 1740 1469 2026">
     <span class='ocr_line' id='line_1_3' title="bbox 116 1740 1469 1831; baseline -0.007 -14"><span class='ocrx_word' id='word_1_7' title='bbox 116 1751 198 1817; x_wconf 83' lang='lat' dir='ltr'><strong>Ducl</strong></span> <span class='ocrx_word' id='word_1_8' title='bbox 219 1747 628 1831; x_wconf 73' lang='lat' dir='ltr'><strong>MEGALOPOLITANO,</strong></span> <span class='ocrx_word' id='word_1_9' title='bbox 655 1748 937 1814; x_wconf 77' lang='lat' dir='ltr'>FRIDLANDIAE</span> <span class='ocrx_word' id='word_1_10' title='bbox 960 1753 993 1814; x_wconf 84' lang='lat' dir='ltr'><strong>et</strong></span> <span class='ocrx_word' id='word_1_11' title='bbox 1015 1745 1191 1830; x_wconf 79' lang='lat' dir='ltr'><strong>SAGANI,</strong></span> <span class='ocrx_word' id='word_1_12' title='bbox 1212 1744 1355 1831; x_wconf 72' lang='lat' dir='ltr'><strong>Principi</strong></span> <span class='ocrx_word' id='word_1_13' title='bbox 1377 1740 1469 1809; x_wconf 75' lang='lat' dir='ltr'>VAN-</span> 
     </span>
     <span class='ocr_line' id='line_1_4' title="bbox 180 1845 1412 1938; baseline -0.002 -20"><span class='ocrx_word' id='word_1_14' title='bbox 180 1851 404 1938; x_wconf 73' lang='lat' dir='ltr'><strong>pauonum,</strong></span> <span class='ocrx_word' id='word_1_15' title='bbox 426 1851 541 1920; x_wconf 73' lang='lat' dir='ltr'><strong>comiti</strong></span> <span class='ocrx_word' id='word_1_16' title='bbox 564 1852 747 1937; x_wconf 80' lang='lat' dir='ltr'><strong>SVERINI,</strong></span> <span class='ocrx_word' id='word_1_17' title='bbox 769 1845 907 1920; x_wconf 81' lang='lat' dir='ltr'><strong>Domino</strong></span> <span class='ocrx_word' id='word_1_18' title='bbox 930 1852 1100 1920; x_wconf 78' lang='lat' dir='ltr'>Terrarum</span> <span class='ocrx_word' id='word_1_19' title='bbox 1122 1849 1357 1919; x_wconf 79' lang='lat' dir='ltr'><strong>aosuouffll</strong></span> <span class='ocrx_word' id='word_1_20' title='bbox 1379 1852 1412 1917; x_wconf 89' lang='lat' dir='ltr'><strong>et</strong></span> 
     </span>
     <span class='ocr_line' id='line_1_5' title="bbox 607 1956 979 2026; baseline -0.008 0"><span class='ocrx_word' id='word_1_21' title='bbox 607 1956 898 2026; x_wconf 76' lang='lat' dir='ltr'><strong>STARGARDIAE</strong></span> <span class='ocrx_word' id='word_1_22' title='bbox 919 1963 979 2025; x_wconf 86' lang='lat' dir='ltr'><strong>etc.</strong></span> 
     </span>
    </p>
   </div>
   <div class='ocr_carea' id='block_1_3' title="bbox 382 2096 1208 2180">
    <p class='ocr_par' dir='ltr' id='par_1_3' title="bbox 382 2096 1208 2180">
     <span class='ocr_line' id='line_1_6' title="bbox 382 2096 1208 2180; baseline -0.005 -18"><span class='ocrx_word' id='word_1_23' title='bbox 382 2103 456 2180; x_wconf 86' lang='lat' dir='ltr'><strong>Imp.</strong></span> <span class='ocrx_word' id='word_1_24' title='bbox 481 2096 996 2168; x_wconf 70' lang='lat' dir='ltr'><strong>caes.1ierdinando11.</strong></span> <span class='ocrx_word' id='word_1_25' title='bbox 1021 2100 1208 2161; x_wconf 80' lang='lat' dir='ltr'><strong>Exercituum</strong></span> 
     </span>
    </p>
   </div>
   <div class='ocr_carea' id='block_1_4' title="bbox 421 2206 1103 2368">
    <p class='ocr_par' dir='ltr' id='par_1_4' title="bbox 421 2206 1103 2368">
     <span class='ocr_line' id='line_1_7' title="bbox 421 2206 1103 2280; baseline -0.003 -14"><span class='ocrx_word' id='word_1_26' title='bbox 421 2206 427 2221; x_wconf 95' lang='grc'><em>’</em></span> <span class='ocrx_word' id='word_1_27' title='bbox 484 2211 598 2266; x_wconf 80' lang='lat' dir='ltr'>Ductori</span> <span class='ocrx_word' id='word_1_28' title='bbox 616 2227 755 2280; x_wconf 90' lang='lat' dir='ltr'><strong>supremo,</strong></span> <span class='ocrx_word' id='word_1_29' title='bbox 776 2209 932 2279; x_wconf 74' lang='lat' dir='ltr'>Oceanique</span> <span class='ocrx_word' id='word_1_30' title='bbox 950 2218 978 2266; x_wconf 89' lang='lat' dir='ltr'><strong>st</strong></span> <span class='ocrx_word' id='word_1_31' title='bbox 995 2207 1103 2265; x_wconf 85' lang='lat' dir='ltr'><strong>Baltbis</strong></span> 
     </span>
     <span class='ocr_line' id='line_1_8' title="bbox 603 2311 989 2368; baseline -0.008 -8"><span class='ocrx_word' id='word_1_32' title='bbox 603 2314 787 2361; x_wconf 74' lang='lat' dir='ltr'>Praefecto</span> <span class='ocrx_word' id='word_1_33' title='bbox 809 2311 989 2368; x_wconf 78' lang='lat' dir='ltr'><strong>Generali,</strong></span> 
     </span>
    </p>
   </div>
   <div class='ocr_carea' id='block_1_5' title="bbox 322 2422 1270 2500">
    <p class='ocr_par' dir='ltr' id='par_1_5' title="bbox 322 2422 1270 2500">
     <span class='ocr_line' id='line_1_9' title="bbox 322 2422 1270 2500; baseline -0.002 -20"><span class='ocrx_word' id='word_1_34' title='bbox 322 2422 452 2483; x_wconf 88' lang='lat' dir='ltr'><strong>Domino</strong></span> <span class='ocrx_word' id='word_1_35' title='bbox 474 2440 540 2484; x_wconf 88' lang='lat' dir='ltr'><strong>rneo</strong></span> <span class='ocrx_word' id='word_1_36' title='bbox 563 2422 814 2500; x_wconf 71' lang='lat' dir='ltr'><strong>clementissimo,</strong></span> <span class='ocrx_word' id='word_1_37' title='bbox 845 2424 976 2484; x_wconf 89' lang='lat' dir='ltr'><strong>Patrono</strong></span> <span class='ocrx_word' id='word_1_38' title='bbox 998 2422 1270 2483; x_wconf 87' lang='lat' dir='ltr'><strong>munificentissimo</strong></span> 
     </span>
    </p>
   </div>
   <div class='ocr_carea' id='block_1_6' title="bbox 761 2598 827 2679">
    <p class='ocr_par' dir='ltr' id='par_1_6' title="bbox 761 2598 827 2679">
     <span class='ocr_line' id='line_1_10' title="bbox 761 2598 827 2679; baseline -0.076 0"><span class='ocrx_word' id='word_1_39' title='bbox 761 2598 827 2679; x_wconf 84' lang='lat' dir='ltr'><strong>S.</strong></span> 
     </span>
    </p>
   </div>
   <div class='ocr_carea' id='block_1_7' title="bbox 116 2732 1475 3164">
    <p class='ocr_par' dir='ltr' id='par_1_7' title="bbox 116 2732 1475 3164">
     <span class='ocr_line' id='line_1_11' title="bbox 221 2732 1474 2816; baseline -0.001 -21"><span class='ocrx_word' id='word_1_40' title='bbox 221 2735 282 2795; x_wconf 81' lang='lat' dir='ltr'><strong>Etsi</strong></span> <span class='ocrx_word' id='word_1_41' title='bbox 302 2734 348 2794; x_wconf 85' lang='lat' dir='ltr'><strong>Tu</strong></span> <span class='ocrx_word' id='word_1_42' title='bbox 372 2734 500 2812; x_wconf 88' lang='lat' dir='ltr'><strong>quidem,</strong></span> <span class='ocrx_word' id='word_1_43' title='bbox 523 2736 594 2796; x_wconf 85' lang='lat' dir='ltr'><strong>Dux</strong></span> <span class='ocrx_word' id='word_1_44' title='bbox 610 2736 732 2816; x_wconf 81' lang='lat' dir='ltr'><strong>Inclyta,</strong></span> <span class='ocrx_word' id='word_1_45' title='bbox 756 2741 785 2797; x_wconf 90' lang='lat' dir='ltr'><strong>in</strong></span> <span class='ocrx_word' id='word_1_46' title='bbox 809 2737 973 2816; x_wconf 83' lang='lat' dir='ltr'><strong>patrocinio</strong></span> <span class='ocrx_word' id='word_1_47' title='bbox 996 2752 1126 2796; x_wconf 89' lang='lat' dir='ltr'><strong>meorum</strong></span> <span class='ocrx_word' id='word_1_48' title='bbox 1142 2733 1318 2807; x_wconf 90' lang='lat' dir='ltr'><strong>studiorum,</strong></span> <span class='ocrx_word' id='word_1_49' title='bbox 1343 2732 1424 2812; x_wconf 89' lang='lat' dir='ltr'><strong>quod</strong></span> <span class='ocrx_word' id='word_1_50' title='bbox 1443 2751 1474 2794; x_wconf 86' lang='lat' dir='ltr'><strong>er</strong></span> 
     </span>
     <span class='ocr_line' id='line_1_12' title="bbox 120 2820 1475 2901; baseline -0.002 -18"><span class='ocrx_word' id='word_1_51' title='bbox 120 2821 272 2883; x_wconf 82' lang='lat' dir='ltr'><strong>voluntate</strong></span> <span class='ocrx_word' id='word_1_52' title='bbox 296 2820 484 2883; x_wconf 79' lang='lat' dir='ltr'><strong>Monarchoe</strong></span> <span class='ocrx_word' id='word_1_53' title='bbox 505 2823 625 2883; x_wconf 87' lang='lat' dir='ltr'><strong>Domini</strong></span> <span class='ocrx_word' id='word_1_54' title='bbox 648 2828 705 2884; x_wconf 90' lang='lat' dir='ltr'><strong>mei</strong></span> <span class='ocrx_word' id='word_1_55' title='bbox 729 2828 758 2883; x_wconf 90' lang='lat' dir='ltr'><strong>in</strong></span> <span class='ocrx_word' id='word_1_56' title='bbox 780 2826 825 2886; x_wconf 83' lang='lat' dir='ltr'><strong>&#39;le</strong></span> <span class='ocrx_word' id='word_1_57' title='bbox 848 2825 1010 2901; x_wconf 74' lang='lat' dir='ltr'><strong>suscepisti,</strong></span> <span class='ocrx_word' id='word_1_58' title='bbox 1035 2832 1206 2884; x_wconf 88' lang='lat' dir='ltr'><strong>consuetam</strong></span> <span class='ocrx_word' id='word_1_59' title='bbox 1228 2839 1282 2899; x_wconf 89' lang='lat' dir='ltr'><strong>per</strong></span> <span class='ocrx_word' id='word_1_60' title='bbox 1306 2825 1406 2882; x_wconf 91' lang='lat' dir='ltr'><strong>omnia</strong></span> <span class='ocrx_word' id='word_1_61' title='bbox 1428 2831 1475 2881; x_wconf 89' lang='lat' dir='ltr'><strong>tua</strong></span> 
     </span>
     <span class='ocr_line' id='line_1_13' title="bbox 116 2909 1475 2988; baseline 0 -20"><span class='ocrx_word' id='word_1_62' title='bbox 116 2912 236 2986; x_wconf 88' lang='lat' dir='ltr'><strong>negotia</strong></span> <span class='ocrx_word' id='word_1_63' title='bbox 266 2913 460 2969; x_wconf 78' lang='lat' dir='ltr'><strong>constantiam</strong></span> <span class='ocrx_word' id='word_1_64' title='bbox 489 2913 638 2988; x_wconf 82' lang='lat' dir='ltr'><strong>usurpasti</strong></span> <span class='ocrx_word' id='word_1_65' title='bbox 667 2913 824 2986; x_wconf 88' lang='lat' dir='ltr'><strong>hactenus,</strong></span> <span class='ocrx_word' id='word_1_66' title='bbox 855 2929 910 2972; x_wconf 86' lang='lat' dir='ltr'><strong>nac</strong></span> <span class='ocrx_word' id='word_1_67' title='bbox 933 2913 1091 2988; x_wconf 88' lang='lat' dir='ltr'><strong>quicquam</strong></span> <span class='ocrx_word' id='word_1_68' title='bbox 1114 2909 1181 2969; x_wconf 81' lang='lat' dir='ltr'><strong>Tua</strong></span> <span class='ocrx_word' id='word_1_69' title='bbox 1203 2927 1251 2968; x_wconf 87' lang='lat' dir='ltr'><strong>me</strong></span> <span class='ocrx_word' id='word_1_70' title='bbox 1273 2918 1343 2969; x_wconf 90' lang='lat' dir='ltr'><strong>sunt</strong></span> <span class='ocrx_word' id='word_1_71' title='bbox 1366 2918 1475 2969; x_wconf 81' lang='lat' dir='ltr'><strong>morata</strong></span> 
     </span>
     <span class='ocr_line' id='line_1_14' title="bbox 116 2996 1475 3077; baseline -0.001 -21"><span class='ocrx_word' id='word_1_72' title='bbox 116 3001 268 3074; x_wconf 90' lang='lat' dir='ltr'><strong>promissa,</strong></span> <span class='ocrx_word' id='word_1_73' title='bbox 295 2997 546 3075; x_wconf 82' lang='lat' dir='ltr'><strong>typographorum</strong></span> <span class='ocrx_word' id='word_1_74' title='bbox 569 3006 665 3057; x_wconf 89' lang='lat' dir='ltr'><strong>tamen</strong></span> <span class='ocrx_word' id='word_1_75' title='bbox 690 2999 788 3060; x_wconf 89' lang='lat' dir='ltr'><strong>nullus</strong></span> <span class='ocrx_word' id='word_1_76' title='bbox 811 3017 876 3059; x_wconf 91' lang='lat' dir='ltr'><strong>curn</strong></span> <span class='ocrx_word' id='word_1_77' title='bbox 893 2996 993 3077; x_wconf 84' lang='lat' dir='ltr'><strong>proclo</strong></span> <span class='ocrx_word' id='word_1_78' title='bbox 1016 2998 1134 3075; x_wconf 88' lang='lat' dir='ltr'><strong>proprio</strong></span> <span class='ocrx_word' id='word_1_79' title='bbox 1151 2996 1302 3073; x_wconf 84' lang='lat' dir='ltr'><strong>Saganam</strong></span> <span class='ocrx_word' id='word_1_80' title='bbox 1328 3005 1360 3056; x_wconf 92' lang='lat' dir='ltr'><strong>ut</strong></span> <span class='ocrx_word' id='word_1_81' title='bbox 1383 3006 1475 3056; x_wconf 75' lang='lat' dir='ltr'><strong>hans·</strong></span> 
     </span>
     <span class='ocr_line' id='line_1_15' title="bbox 118 3084 1474 3164; baseline -0.001 -21"><span class='ocrx_word' id='word_1_82' title='bbox 118 3088 170 3144; x_wconf 86' lang='lat' dir='ltr'><strong>iret</strong></span> <span class='ocrx_word' id='word_1_83' title='bbox 202 3085 299 3143; x_wconf 89' lang='lat' dir='ltr'><strong>induci</strong></span> <span class='ocrx_word' id='word_1_84' title='bbox 330 3086 435 3162; x_wconf 91' lang='lat' dir='ltr'><strong>potuit.</strong></span> <span class='ocrx_word' id='word_1_85' title='bbox 480 3084 585 3161; x_wconf 88' lang='lat' dir='ltr'><strong>ltaque</strong></span> <span class='ocrx_word' id='word_1_86' title='bbox 614 3102 687 3162; x_wconf 85' lang='lat' dir='ltr'><strong>ego,</strong></span> <span class='ocrx_word' id='word_1_87' title='bbox 719 3096 751 3146; x_wconf 91' lang='lat' dir='ltr'><strong>ut</strong></span> <span class='ocrx_word' id='word_1_88' title='bbox 774 3086 999 3164; x_wconf 83' lang='lat' dir='ltr'><strong>Ephemeridum</strong></span> <span class='ocrx_word' id='word_1_89' title='bbox 1030 3087 1244 3161; x_wconf 81' lang='lat' dir='ltr'><strong>exspectationi</strong></span> <span class='ocrx_word' id='word_1_90' title='bbox 1268 3085 1474 3156; x_wconf 78' lang='lat' dir='ltr'><strong>satisfacerem,</strong></span> 
     </span>
    </p>
   </div>
   <div class='ocr_carea' id='block_1_8' title="bbox 1 3169 1476 3251">
    <p class='ocr_par' dir='ltr' id='par_1_8' title="bbox 1 3169 1476 3251">
     <span class='ocr_line' id='line_1_16' title="bbox 1 3169 1476 3251; baseline -0.001 -20"><span class='ocrx_word' id='word_1_91' title='bbox 1 3233 3 3240; x_wconf 69' lang='grc'>,</span> <span class='ocrx_word' id='word_1_92' title='bbox 118 3172 204 3247; x_wconf 92' lang='lat' dir='ltr'><strong>hujus</strong></span> <span class='ocrx_word' id='word_1_93' title='bbox 228 3181 256 3230; x_wconf 91' lang='lat' dir='ltr'><strong>et</strong></span> <span class='ocrx_word' id='word_1_94' title='bbox 279 3171 402 3231; x_wconf 90' lang='lat' dir='ltr'><strong>allorum</strong></span> <span class='ocrx_word' id='word_1_95' title='bbox 420 3172 542 3231; x_wconf 90' lang='lat' dir='ltr'><strong>duorum</strong></span> <span class='ocrx_word' id='word_1_96' title='bbox 557 3190 698 3232; x_wconf 89' lang='lat' dir='ltr'><strong>annorum</strong></span> <span class='ocrx_word' id='word_1_97' title='bbox 715 3173 926 3251; x_wconf 84' lang='lat' dir='ltr'><strong>Epherneridas</strong></span> <span class='ocrx_word' id='word_1_98' title='bbox 941 3173 1166 3232; x_wconf 84' lang='lat' dir='ltr'><strong>Francolurtum</strong></span> <span class='ocrx_word' id='word_1_99' title='bbox 1181 3170 1219 3230; x_wconf 89' lang='lat' dir='ltr'><strong>ad</strong></span> <span class='ocrx_word' id='word_1_100' title='bbox 1235 3169 1378 3231; x_wconf 82' lang='lat' dir='ltr'><strong>Moenum</strong></span> <span class='ocrx_word' id='word_1_101' title='bbox 1394 3188 1476 3248; x_wconf 85' lang='lat' dir='ltr'><strong>prae·</strong></span> 
     </span>
    </p>
   </div>
   <div class='ocr_carea' id='block_1_9' title="bbox 119 3259 1480 4817">
    <p class='ocr_par' dir='ltr' id='par_1_9' title="bbox 119 3259 1480 4817">
     <span class='ocr_line' id='line_1_17' title="bbox 119 3259 1475 3336; baseline -0.002 -18"><span class='ocrx_word' id='word_1_102' title='bbox 119 3261 198 3330; x_wconf 88' lang='lat' dir='ltr'><strong>misi,</strong></span> <span class='ocrx_word' id='word_1_103' title='bbox 230 3259 253 3316; x_wconf 92' lang='lat' dir='ltr'><strong>si</strong></span> <span class='ocrx_word' id='word_1_104' title='bbox 277 3261 350 3318; x_wconf 85' lang='lat' dir='ltr'><strong>sorte</strong></span> <span class='ocrx_word' id='word_1_105' title='bbox 374 3262 402 3316; x_wconf 92' lang='lat' dir='ltr'><strong>in</strong></span> <span class='ocrx_word' id='word_1_106' title='bbox 424 3260 491 3318; x_wconf 91' lang='lat' dir='ltr'><strong>loco</strong></span> <span class='ocrx_word' id='word_1_107' title='bbox 515 3259 622 3334; x_wconf 85' lang='lat' dir='ltr'><strong>proelis</strong></span> <span class='ocrx_word' id='word_1_108' title='bbox 646 3264 868 3321; x_wconf 86' lang='lat' dir='ltr'><strong>instructissimo</strong></span> <span class='ocrx_word' id='word_1_109' title='bbox 893 3278 967 3336; x_wconf 90' lang='lat' dir='ltr'><strong>opus</strong></span> <span class='ocrx_word' id='word_1_110' title='bbox 990 3260 1061 3331; x_wconf 89' lang='lat' dir='ltr'><strong>hoe,</strong></span> <span class='ocrx_word' id='word_1_111' title='bbox 1090 3260 1212 3318; x_wconf 87' lang='lat' dir='ltr'><strong>absente</strong></span> <span class='ocrx_word' id='word_1_112' title='bbox 1235 3261 1325 3317; x_wconf 89' lang='lat' dir='ltr'><strong>etiam</strong></span> <span class='ocrx_word' id='word_1_113' title='bbox 1348 3269 1475 3330; x_wconf 86' lang='lat' dir='ltr'><strong>auctore,</strong></span> 
     </span>
     <span class='ocr_line' id='line_1_18' title="bbox 119 3344 1476 3425; baseline -0.001 -20"><span class='ocrx_word' id='word_1_114' title='bbox 119 3345 156 3405; x_wconf 84' lang='lat' dir='ltr'><strong>ad</strong></span> <span class='ocrx_word' id='word_1_115' title='bbox 179 3345 272 3405; x_wconf 87' lang='lat' dir='ltr'><strong>lucem</strong></span> <span class='ocrx_word' id='word_1_116' title='bbox 297 3345 452 3405; x_wconf 83' lang='lat' dir='ltr'><strong>videndam</strong></span> <span class='ocrx_word' id='word_1_117' title='bbox 476 3348 614 3405; x_wconf 90' lang='lat' dir='ltr'><strong>maturari</strong></span> <span class='ocrx_word' id='word_1_118' title='bbox 634 3356 743 3425; x_wconf 89' lang='lat' dir='ltr'><strong>posset.</strong></span> <span class='ocrx_word' id='word_1_119' title='bbox 782 3349 945 3424; x_wconf 88' lang='lat' dir='ltr'><strong>Postqnam</strong></span> <span class='ocrx_word' id='word_1_120' title='bbox 962 3345 1084 3406; x_wconf 86' lang='lat' dir='ltr'><strong>Octobri</strong></span> <span class='ocrx_word' id='word_1_121' title='bbox 1107 3344 1225 3405; x_wconf 76' lang='lat' dir='ltr'><strong>modam</strong></span> <span class='ocrx_word' id='word_1_122' title='bbox 1248 3362 1349 3406; x_wconf 87' lang='lat' dir='ltr'><strong>mense</strong></span> <span class='ocrx_word' id='word_1_123' title='bbox 1374 3362 1476 3425; x_wconf 87' lang='lat' dir='ltr'><strong>operae</strong></span> 
     </span>
     <span class='ocr_line' id='line_1_19' title="bbox 119 3432 1477 3512; baseline 0.001 -22"><span class='ocrx_word' id='word_1_124' title='bbox 119 3432 189 3491; x_wconf 89' lang='lat' dir='ltr'><strong>mihi</strong></span> <span class='ocrx_word' id='word_1_125' title='bbox 212 3433 309 3509; x_wconf 89' lang='lat' dir='ltr'><strong>nga</strong></span> <span class='ocrx_word' id='word_1_126' title='bbox 331 3435 495 3493; x_wconf 88' lang='lat' dir='ltr'><strong>submissas</strong></span> <span class='ocrx_word' id='word_1_127' title='bbox 510 3451 614 3509; x_wconf 87' lang='lat' dir='ltr'><strong>resque</strong></span> <span class='ocrx_word' id='word_1_128' title='bbox 629 3436 844 3512; x_wconf 84' lang='lat' dir='ltr'><strong>typographica</strong></span> <span class='ocrx_word' id='word_1_129' title='bbox 859 3435 896 3494; x_wconf 90' lang='lat' dir='ltr'><strong>ad</strong></span> <span class='ocrx_word' id='word_1_130' title='bbox 912 3452 1007 3494; x_wconf 87' lang='lat' dir='ltr'><strong>meam</strong></span> <span class='ocrx_word' id='word_1_131' title='bbox 1023 3436 1115 3511; x_wconf 89' lang='lat' dir='ltr'><strong>ipsius</strong></span> <span class='ocrx_word' id='word_1_132' title='bbox 1131 3450 1229 3492; x_wconf 87' lang='lat' dir='ltr'><strong>curam</strong></span> <span class='ocrx_word' id='word_1_133' title='bbox 1246 3433 1365 3506; x_wconf 88' lang='lat' dir='ltr'><strong>recidit,</strong></span> <span class='ocrx_word' id='word_1_134' title='bbox 1392 3451 1477 3494; x_wconf 89' lang='lat' dir='ltr'><strong>occu·</strong></span> 
     </span>
     <span class='ocr_line' id='line_1_20' title="bbox 120 3520 1477 3601; baseline -0.001 -22"><span class='ocrx_word' id='word_1_135' title='bbox 120 3522 197 3597; x_wconf 89' lang='lat' dir='ltr'><strong>patis</strong></span> <span class='ocrx_word' id='word_1_136' title='bbox 220 3521 305 3580; x_wconf 92' lang='lat' dir='ltr'><strong>nobis</strong></span> <span class='ocrx_word' id='word_1_137' title='bbox 329 3523 356 3578; x_wconf 90' lang='lat' dir='ltr'><strong>in</strong></span> <span class='ocrx_word' id='word_1_138' title='bbox 380 3520 481 3597; x_wconf 86' lang='lat' dir='ltr'><strong>praelo</strong></span> <span class='ocrx_word' id='word_1_139' title='bbox 496 3539 511 3580; x_wconf 90' lang='lat' dir='ltr'><strong>e</strong></span> <span class='ocrx_word' id='word_1_140' title='bbox 528 3521 688 3597; x_wconf 86' lang='lat' dir='ltr'><strong>longinquo</strong></span> <span class='ocrx_word' id='word_1_141' title='bbox 710 3522 888 3601; x_wconf 88' lang='lat' dir='ltr'><strong>asportando</strong></span> <span class='ocrx_word' id='word_1_142' title='bbox 905 3523 1068 3597; x_wconf 89' lang='lat' dir='ltr'><strong>ceterisque</strong></span> <span class='ocrx_word' id='word_1_143' title='bbox 1085 3520 1260 3580; x_wconf 81' lang='lat' dir='ltr'><strong>instruendis</strong></span> <span class='ocrx_word' id='word_1_144' title='bbox 1282 3537 1477 3598; x_wconf 79' lang='lat' dir='ltr'><strong>supervacare</strong></span> 
     </span>
     <span class='ocr_line' id='line_1_21' title="bbox 120 3604 1478 3686; baseline -0.002 -19"><span class='ocrx_word' id='word_1_145' title='bbox 120 3604 268 3667; x_wconf 72' lang='lat' dir='ltr'><strong>calendae</strong></span> <span class='ocrx_word' id='word_1_146' title='bbox 299 3615 328 3667; x_wconf 89' lang='lat' dir='ltr'><strong>et</strong></span> <span class='ocrx_word' id='word_1_147' title='bbox 356 3608 451 3666; x_wconf 91' lang='lat' dir='ltr'><strong>adhuc</strong></span> <span class='ocrx_word' id='word_1_148' title='bbox 475 3608 643 3683; x_wconf 84' lang='lat' dir='ltr'><strong>Ephcmeris</strong></span> <span class='ocrx_word' id='word_1_149' title='bbox 667 3613 735 3668; x_wconf 89' lang='lat' dir='ltr'><strong>anni</strong></span> <span class='ocrx_word' id='word_1_150' title='bbox 755 3611 817 3686; x_wconf 87' lang='lat' dir='ltr'><strong>jam</strong></span> <span class='ocrx_word' id='word_1_151' title='bbox 840 3611 969 3670; x_wconf 86' lang='lat' dir='ltr'><strong>ineuntis</strong></span> <span class='ocrx_word' id='word_1_152' title='bbox 992 3609 1183 3667; x_wconf 84' lang='lat' dir='ltr'><strong>Francolurto</strong></span> <span class='ocrx_word' id='word_1_153' title='bbox 1207 3619 1357 3666; x_wconf 87' lang='lat' dir='ltr'><strong>revertens</strong></span> <span class='ocrx_word' id='word_1_154' title='bbox 1381 3607 1478 3666; x_wconf 84' lang='lat' dir='ltr'><strong>haeret</strong></span> 
     </span>
     <span class='ocr_line' id='line_1_22' title="bbox 120 3693 1478 3772; baseline 0.003 -22"><span class='ocrx_word' id='word_1_155' title='bbox 120 3698 148 3751; x_wconf 89' lang='lat' dir='ltr'><strong>ia</strong></span> <span class='ocrx_word' id='word_1_156' title='bbox 172 3696 284 3753; x_wconf 88' lang='lat' dir='ltr'><strong>itinere.</strong></span> <span class='ocrx_word' id='word_1_157' title='bbox 323 3693 400 3768; x_wconf 87' lang='lat' dir='ltr'><strong>Quid</strong></span> <span class='ocrx_word' id='word_1_158' title='bbox 423 3712 549 3770; x_wconf 87' lang='lat' dir='ltr'><strong>agerem,</strong></span> <span class='ocrx_word' id='word_1_159' title='bbox 574 3699 789 3757; x_wconf 87' lang='lat' dir='ltr'><strong>circumventus</strong></span> <span class='ocrx_word' id='word_1_160' title='bbox 804 3698 871 3755; x_wconf 91' lang='lat' dir='ltr'><strong>hinc</strong></span> <span class='ocrx_word' id='word_1_161' title='bbox 886 3699 990 3772; x_wconf 86' lang='lat' dir='ltr'><strong>spatiis</strong></span> <span class='ocrx_word' id='word_1_162' title='bbox 1004 3695 1144 3769; x_wconf 83' lang='lat' dir='ltr'><strong>locorum,</strong></span> <span class='ocrx_word' id='word_1_163' title='bbox 1169 3695 1237 3753; x_wconf 89' lang='lat' dir='ltr'><strong>inde</strong></span> <span class='ocrx_word' id='word_1_164' title='bbox 1252 3695 1390 3772; x_wconf 81' lang='lat' dir='ltr'><strong>angustia</strong></span> <span class='ocrx_word' id='word_1_165' title='bbox 1405 3702 1478 3754; x_wconf 88' lang='lat' dir='ltr'><strong>tem·</strong></span> 
     </span>
     <span class='ocr_line' id='line_1_23' title="bbox 119 3779 1478 3858; baseline 0.001 -19"><span class='ocrx_word' id='word_1_166' title='bbox 119 3780 222 3857; x_wconf 77' lang='lat' dir='ltr'><strong>poris?</strong></span> <span class='ocrx_word' id='word_1_167' title='bbox 254 3780 348 3855; x_wconf 86' lang='lat' dir='ltr'><strong>Quam</strong></span> <span class='ocrx_word' id='word_1_168' title='bbox 379 3789 504 3841; x_wconf 86' lang='lat' dir='ltr'><strong>strenam</strong></span> <span class='ocrx_word' id='word_1_169' title='bbox 529 3782 651 3842; x_wconf 75' lang='lat' dir='ltr'><strong>alberto</strong></span> <span class='ocrx_word' id='word_1_170' title='bbox 676 3785 750 3843; x_wconf 87' lang='lat' dir='ltr'><strong>lluci</strong></span> <span class='ocrx_word' id='word_1_171' title='bbox 777 3801 812 3843; x_wconf 83' lang='lat' dir='ltr'><strong>ex</strong></span> <span class='ocrx_word' id='word_1_172' title='bbox 835 3784 906 3843; x_wconf 91' lang='lat' dir='ltr'><strong>urbe</strong></span> <span class='ocrx_word' id='word_1_173' title='bbox 930 3798 984 3841; x_wconf 91' lang='lat' dir='ltr'><strong>sua</strong></span> <span class='ocrx_word' id='word_1_174' title='bbox 1007 3782 1125 3858; x_wconf 83' lang='lat' dir='ltr'><strong>Sagana</strong></span> <span class='ocrx_word' id='word_1_175' title='bbox 1148 3783 1293 3842; x_wconf 87' lang='lat' dir='ltr'><strong>mitterem</strong></span> <span class='ocrx_word' id='word_1_176' title='bbox 1318 3779 1478 3842; x_wconf 73' lang='lat' dir='ltr'><strong>Calendis?</strong></span> 
     </span>
     <span class='ocr_line' id='line_1_24' title="bbox 121 3867 1477 3948; baseline 0.001 -22"><span class='ocrx_word' id='word_1_177' title='bbox 121 3868 206 3945; x_wconf 86' lang='lat' dir='ltr'><strong>Quod</strong></span> <span class='ocrx_word' id='word_1_178' title='bbox 225 3871 337 3926; x_wconf 89' lang='lat' dir='ltr'><strong>initium</strong></span> <span class='ocrx_word' id='word_1_179' title='bbox 354 3886 507 3944; x_wconf 86' lang='lat' dir='ltr'><strong>operarum</strong></span> <span class='ocrx_word' id='word_1_180' title='bbox 523 3871 657 3944; x_wconf 85' lang='lat' dir='ltr'><strong>lacerem,</strong></span> <span class='ocrx_word' id='word_1_181' title='bbox 674 3889 835 3948; x_wconf 88' lang='lat' dir='ltr'><strong>congruum</strong></span> <span class='ocrx_word' id='word_1_182' title='bbox 852 3871 1034 3948; x_wconf 81' lang='lat' dir='ltr'><strong>professioni,</strong></span> <span class='ocrx_word' id='word_1_183' title='bbox 1055 3867 1245 3928; x_wconf 82' lang='lat' dir='ltr'><strong>honorificum</strong></span> <span class='ocrx_word' id='word_1_184' title='bbox 1261 3869 1336 3942; x_wconf 91' lang='lat' dir='ltr'><strong>loco,</strong></span> <span class='ocrx_word' id='word_1_185' title='bbox 1361 3869 1477 3945; x_wconf 88' lang='lat' dir='ltr'><strong>dignum</strong></span> 
     </span>
     <span class='ocr_line' id='line_1_25' title="bbox 120 3955 1479 4035; baseline 0.001 -21"><span class='ocrx_word' id='word_1_186' title='bbox 120 3964 203 4014; x_wconf 91' lang='lat' dir='ltr'><strong>tanto</strong></span> <span class='ocrx_word' id='word_1_187' title='bbox 225 3955 367 4028; x_wconf 89' lang='lat' dir='ltr'><strong>Patrono,</strong></span> <span class='ocrx_word' id='word_1_188' title='bbox 399 3958 581 4031; x_wconf 88' lang='lat' dir='ltr'><strong>auspicatum</strong></span> <span class='ocrx_word' id='word_1_189' title='bbox 605 3959 728 4035; x_wconf 82' lang='lat' dir='ltr'><strong>inceptis</strong></span> <span class='ocrx_word' id='word_1_190' title='bbox 752 3967 812 4018; x_wconf 88' lang='lat' dir='ltr'><strong>tam</strong></span> <span class='ocrx_word' id='word_1_191' title='bbox 835 3955 959 4016; x_wconf 77' lang='lat' dir='ltr'><strong>arduis?</strong></span> <span class='ocrx_word' id='word_1_192' title='bbox 992 3956 1133 4015; x_wconf 89' lang='lat' dir='ltr'><strong>Nimirum</strong></span> <span class='ocrx_word' id='word_1_193' title='bbox 1157 3955 1328 4026; x_wconf 89' lang='lat' dir='ltr'><strong>consiliam,</strong></span> <span class='ocrx_word' id='word_1_194' title='bbox 1359 3956 1479 4032; x_wconf 80' lang='lat' dir='ltr'><strong>quode</strong></span> 
     </span>
     <span class='ocr_line' id='line_1_26' title="bbox 121 4042 1478 4121; baseline 0.001 -21"><span class='ocrx_word' id='word_1_195' title='bbox 121 4060 265 4101; x_wconf 84' lang='lat' dir='ltr'><strong>mennon</strong></span> <span class='ocrx_word' id='word_1_196' title='bbox 289 4046 394 4118; x_wconf 91' lang='lat' dir='ltr'><strong>potnit,</strong></span> <span class='ocrx_word' id='word_1_197' title='bbox 419 4063 436 4101; x_wconf 90' lang='lat' dir='ltr'><strong>a</strong></span> <span class='ocrx_word' id='word_1_198' title='bbox 460 4043 533 4116; x_wconf 80' lang='lat' dir='ltr'><strong>Tua,</strong></span> <span class='ocrx_word' id='word_1_199' title='bbox 559 4044 627 4102; x_wconf 87' lang='lat' dir='ltr'><strong>Dux</strong></span> <span class='ocrx_word' id='word_1_200' title='bbox 651 4044 893 4121; x_wconf 81' lang='lat' dir='ltr'><strong>splendidissime,</strong></span> <span class='ocrx_word' id='word_1_201' title='bbox 919 4045 1035 4102; x_wconf 81' lang='lat' dir='ltr'><strong>fortuna</strong></span> <span class='ocrx_word' id='word_1_202' title='bbox 1057 4053 1184 4101; x_wconf 88' lang='lat' dir='ltr'><strong>sumtum</strong></span> <span class='ocrx_word' id='word_1_203' title='bbox 1209 4052 1262 4103; x_wconf 85' lang='lat' dir='ltr'><strong>est.</strong></span> <span class='ocrx_word' id='word_1_204' title='bbox 1307 4042 1376 4102; x_wconf 86' lang='lat' dir='ltr'><strong>Tua</strong></span> <span class='ocrx_word' id='word_1_205' title='bbox 1398 4044 1478 4102; x_wconf 83' lang='lat' dir='ltr'><strong>sorti·</strong></span> 
     </span>
     <span class='ocr_line' id='line_1_27' title="bbox 121 4130 1477 4208; baseline -0.001 -17"><span class='ocrx_word' id='word_1_206' title='bbox 121 4131 220 4191; x_wconf 89' lang='lat' dir='ltr'><strong>tudine</strong></span> <span class='ocrx_word' id='word_1_207' title='bbox 245 4133 273 4187; x_wconf 92' lang='lat' dir='ltr'><strong>in</strong></span> <span class='ocrx_word' id='word_1_208' title='bbox 297 4131 443 4207; x_wconf 88' lang='lat' dir='ltr'><strong>periculis,</strong></span> <span class='ocrx_word' id='word_1_209' title='bbox 467 4131 523 4190; x_wconf 89' lang='lat' dir='ltr'><strong>fide</strong></span> <span class='ocrx_word' id='word_1_210' title='bbox 547 4134 575 4188; x_wconf 90' lang='lat' dir='ltr'><strong>in</strong></span> <span class='ocrx_word' id='word_1_211' title='bbox 593 4132 792 4203; x_wconf 89' lang='lat' dir='ltr'><strong>Monarchnm,</strong></span> <span class='ocrx_word' id='word_1_212' title='bbox 817 4133 982 4191; x_wconf 89' lang='lat' dir='ltr'><strong>constantia</strong></span> <span class='ocrx_word' id='word_1_213' title='bbox 998 4133 1026 4188; x_wconf 92' lang='lat' dir='ltr'><strong>in</strong></span> <span class='ocrx_word' id='word_1_214' title='bbox 1043 4133 1187 4208; x_wconf 85' lang='lat' dir='ltr'><strong>susceptis</strong></span> <span class='ocrx_word' id='word_1_215' title='bbox 1204 4130 1364 4203; x_wconf 74' lang='lat' dir='ltr'><strong>laboribus,</strong></span> <span class='ocrx_word' id='word_1_216' title='bbox 1389 4147 1477 4207; x_wconf 87' lang='lat' dir='ltr'><strong>pepe·</strong></span> 
     </span>
     <span class='ocr_line' id='line_1_28' title="bbox 120 4217 1478 4294; baseline 0.001 -19"><span class='ocrx_word' id='word_1_217' title='bbox 120 4221 183 4277; x_wconf 88' lang='lat' dir='ltr'><strong>risti</strong></span> <span class='ocrx_word' id='word_1_218' title='bbox 199 4217 266 4277; x_wconf 80' lang='lat' dir='ltr'><strong>Tibi</strong></span> <span class='ocrx_word' id='word_1_219' title='bbox 290 4218 386 4277; x_wconf 90' lang='lat' dir='ltr'><strong>locum</strong></span> <span class='ocrx_word' id='word_1_220' title='bbox 411 4221 485 4276; x_wconf 88' lang='lat' dir='ltr'><strong>inter</strong></span> <span class='ocrx_word' id='word_1_221' title='bbox 501 4217 664 4294; x_wconf 72' lang='lat' dir='ltr'><strong>Principes,</strong></span> <span class='ocrx_word' id='word_1_222' title='bbox 690 4219 815 4278; x_wconf 88' lang='lat' dir='ltr'><strong>ditiones</strong></span> <span class='ocrx_word' id='word_1_223' title='bbox 839 4219 1023 4294; x_wconf 86' lang='lat' dir='ltr'><strong>acquisivisti</strong></span> <span class='ocrx_word' id='word_1_224' title='bbox 1047 4235 1099 4294; x_wconf 89' lang='lat' dir='ltr'><strong>par</strong></span> <span class='ocrx_word' id='word_1_225' title='bbox 1122 4217 1302 4289; x_wconf 89' lang='lat' dir='ltr'><strong>Bohemiam,</strong></span> <span class='ocrx_word' id='word_1_226' title='bbox 1328 4235 1380 4293; x_wconf 88' lang='lat' dir='ltr'><strong>per</strong></span> <span class='ocrx_word' id='word_1_227' title='bbox 1404 4218 1478 4277; x_wconf 88' lang='lat' dir='ltr'><strong>Sile·</strong></span> 
     </span>
     <span class='ocr_line' id='line_1_29' title="bbox 121 4303 1479 4383; baseline 0 -20"><span class='ocrx_word' id='word_1_228' title='bbox 121 4308 215 4383; x_wconf 87' lang='lat' dir='ltr'><strong>siam,</strong></span> <span class='ocrx_word' id='word_1_229' title='bbox 246 4304 283 4363; x_wconf 92' lang='lat' dir='ltr'><strong>ad</strong></span> <span class='ocrx_word' id='word_1_230' title='bbox 306 4323 385 4364; x_wconf 89' lang='lat' dir='ltr'><strong>mare</strong></span> <span class='ocrx_word' id='word_1_231' title='bbox 408 4305 575 4364; x_wconf 88' lang='lat' dir='ltr'><strong>Balthicum</strong></span> <span class='ocrx_word' id='word_1_232' title='bbox 607 4306 818 4382; x_wconf 85' lang='lat' dir='ltr'><strong>amplissimas,</strong></span> <span class='ocrx_word' id='word_1_233' title='bbox 851 4304 943 4364; x_wconf 89' lang='lat' dir='ltr'><strong>tutela</strong></span> <span class='ocrx_word' id='word_1_234' title='bbox 965 4303 1100 4378; x_wconf 88' lang='lat' dir='ltr'><strong>litorum,</strong></span> <span class='ocrx_word' id='word_1_235' title='bbox 1133 4307 1233 4363; x_wconf 88' lang='lat' dir='ltr'><strong>oceani</strong></span> <span class='ocrx_word' id='word_1_236' title='bbox 1259 4306 1479 4382; x_wconf 76' lang='lat' dir='ltr'><strong>praefecturas</strong></span> 
     </span>
     <span class='ocr_line' id='line_1_30' title="bbox 122 4390 1478 4470; baseline 0 -20"><span class='ocrx_word' id='word_1_237' title='bbox 122 4392 250 4452; x_wconf 85' lang='lat' dir='ltr'><strong>Caesare</strong></span> <span class='ocrx_word' id='word_1_238' title='bbox 274 4392 340 4451; x_wconf 84' lang='lat' dir='ltr'><strong>Tibi</strong></span> <span class='ocrx_word' id='word_1_239' title='bbox 365 4400 409 4451; x_wconf 89' lang='lat' dir='ltr'><strong>est</strong></span> <span class='ocrx_word' id='word_1_240' title='bbox 432 4391 642 4450; x_wconf 89' lang='lat' dir='ltr'><strong>commendata.</strong></span> <span class='ocrx_word' id='word_1_241' title='bbox 688 4393 731 4450; x_wconf 84' lang='lat' dir='ltr'><strong>Ex</strong></span> <span class='ocrx_word' id='word_1_242' title='bbox 755 4401 919 4470; x_wconf 90' lang='lat' dir='ltr'><strong>opportuno</strong></span> <span class='ocrx_word' id='word_1_243' title='bbox 942 4395 1015 4468; x_wconf 88' lang='lat' dir='ltr'><strong>petit</strong></span> <span class='ocrx_word' id='word_1_244' title='bbox 1039 4410 1057 4450; x_wconf 89' lang='lat' dir='ltr'><strong>a</strong></span> <span class='ocrx_word' id='word_1_245' title='bbox 1079 4390 1294 4451; x_wconf 88' lang='lat' dir='ltr'><strong>mathematicis</strong></span> <span class='ocrx_word' id='word_1_246' title='bbox 1319 4390 1478 4470; x_wconf 84' lang='lat' dir='ltr'><strong>Europaeis</strong></span> 
     </span>
     <span class='ocr_line' id='line_1_31' title="bbox 122 4477 1480 4557; baseline 0 -21"><span class='ocrx_word' id='word_1_247' title='bbox 122 4487 268 4537; x_wconf 86' lang='lat' dir='ltr'><strong>extremus</strong></span> <span class='ocrx_word' id='word_1_248' title='bbox 292 4480 382 4537; x_wconf 77' lang='lat' dir='ltr'><strong>Asiae</strong></span> <span class='ocrx_word' id='word_1_249' title='bbox 405 4478 503 4547; x_wconf 90' lang='lat' dir='ltr'><strong>limes,</strong></span> <span class='ocrx_word' id='word_1_250' title='bbox 528 4496 649 4555; x_wconf 80' lang='lat' dir='ltr'><strong>regnum</strong></span> <span class='ocrx_word' id='word_1_251' title='bbox 674 4479 838 4553; x_wconf 80' lang='lat' dir='ltr'><strong>Simorum,</strong></span> <span class='ocrx_word' id='word_1_252' title='bbox 870 4487 973 4555; x_wconf 89' lang='lat' dir='ltr'><strong>petant</strong></span> <span class='ocrx_word' id='word_1_253' title='bbox 998 4478 1195 4538; x_wconf 86' lang='lat' dir='ltr'><strong>mathematici</strong></span> <span class='ocrx_word' id='word_1_254' title='bbox 1219 4496 1237 4538; x_wconf 91' lang='lat' dir='ltr'><strong>a</strong></span> <span class='ocrx_word' id='word_1_255' title='bbox 1259 4495 1325 4557; x_wconf 89' lang='lat' dir='ltr'><strong>me,</strong></span> <span class='ocrx_word' id='word_1_256' title='bbox 1357 4477 1415 4540; x_wconf 91' lang='lat' dir='ltr'><strong>hoc</strong></span> <span class='ocrx_word' id='word_1_257' title='bbox 1437 4485 1480 4539; x_wconf 89' lang='lat' dir='ltr'><strong>cst</strong></span> 
     </span>
     <span class='ocr_line' id='line_1_32' title="bbox 123 4565 1479 4643; baseline 0.001 -20"><span class='ocrx_word' id='word_1_258' title='bbox 123 4567 211 4626; x_wconf 91' lang='lat' dir='ltr'><strong>modo</strong></span> <span class='ocrx_word' id='word_1_259' title='bbox 236 4585 271 4626; x_wconf 86' lang='lat' dir='ltr'><strong>ex</strong></span> <span class='ocrx_word' id='word_1_260' title='bbox 295 4567 366 4624; x_wconf 84' lang='lat' dir='ltr'><strong>urbe</strong></span> <span class='ocrx_word' id='word_1_261' title='bbox 381 4565 447 4624; x_wconf 83' lang='lat' dir='ltr'><strong>Tua</strong></span> <span class='ocrx_word' id='word_1_262' title='bbox 464 4566 590 4641; x_wconf 69' lang='lat' dir='ltr'><strong>Sapunto</strong></span> <span class='ocrx_word' id='word_1_263' title='bbox 614 4567 767 4624; x_wconf 86' lang='lat' dir='ltr'><strong>consilium</strong></span> <span class='ocrx_word' id='word_1_264' title='bbox 788 4566 947 4626; x_wconf 82' lang='lat' dir='ltr'><strong>formandis</strong></span> <span class='ocrx_word' id='word_1_265' title='bbox 964 4568 1081 4625; x_wconf 89' lang='lat' dir='ltr'><strong>orientis</strong></span> <span class='ocrx_word' id='word_1_266' title='bbox 1098 4567 1286 4643; x_wconf 87' lang='lat' dir='ltr'><strong>temporibus,</strong></span> <span class='ocrx_word' id='word_1_267' title='bbox 1309 4583 1479 4642; x_wconf 88' lang='lat' dir='ltr'><strong>responsum</strong></span> 
     </span>
     <span class='ocr_line' id='line_1_33' title="bbox 123 4652 1479 4732; baseline 0.001 -21"><span class='ocrx_word' id='word_1_268' title='bbox 123 4653 161 4711; x_wconf 92' lang='lat' dir='ltr'><strong>ad</strong></span> <span class='ocrx_word' id='word_1_269' title='bbox 189 4653 288 4712; x_wconf 89' lang='lat' dir='ltr'><strong>literas</strong></span> <span class='ocrx_word' id='word_1_270' title='bbox 311 4652 463 4726; x_wconf 85' lang='lat' dir='ltr'><strong>Sinenses,</strong></span> <span class='ocrx_word' id='word_1_271' title='bbox 496 4654 579 4729; x_wconf 88' lang='lat' dir='ltr'><strong>plura</strong></span> <span class='ocrx_word' id='word_1_272' title='bbox 611 4654 674 4728; x_wconf 88' lang='lat' dir='ltr'><strong>ejus</strong></span> <span class='ocrx_word' id='word_1_273' title='bbox 703 4655 881 4732; x_wconf 82' lang='lat' dir='ltr'><strong>exemplaria</strong></span> <span class='ocrx_word' id='word_1_274' title='bbox 905 4654 1049 4713; x_wconf 87' lang='lat' dir='ltr'><strong>distinctis</strong></span> <span class='ocrx_word' id='word_1_275' title='bbox 1073 4653 1217 4713; x_wconf 87' lang='lat' dir='ltr'><strong>classibus</strong></span> <span class='ocrx_word' id='word_1_276' title='bbox 1238 4653 1390 4713; x_wconf 90' lang='lat' dir='ltr'><strong>mittenda.</strong></span> <span class='ocrx_word' id='word_1_277' title='bbox 1435 4654 1479 4712; x_wconf 83' lang='lat' dir='ltr'><strong>Tu</strong></span> 
     </span>
     <span class='ocr_line' id='line_1_34' title="bbox 123 4739 1479 4817; baseline 0.003 -20"><span class='ocrx_word' id='word_1_278' title='bbox 123 4743 271 4817; x_wconf 88' lang='lat' dir='ltr'><strong>responsis</strong></span> <span class='ocrx_word' id='word_1_279' title='bbox 299 4742 372 4799; x_wconf 89' lang='lat' dir='ltr'><strong>meis</strong></span> <span class='ocrx_word' id='word_1_280' title='bbox 401 4757 480 4800; x_wconf 85' lang='lat' dir='ltr'><strong>noso</strong></span> <span class='ocrx_word' id='word_1_281' title='bbox 504 4739 645 4799; x_wconf 88' lang='lat' dir='ltr'><strong>beneficio</strong></span> <span class='ocrx_word' id='word_1_282' title='bbox 669 4740 704 4799; x_wconf 90' lang='lat' dir='ltr'><strong>de</strong></span> <span class='ocrx_word' id='word_1_283' title='bbox 727 4744 895 4801; x_wconf 84' lang='lat' dir='ltr'><strong>novissimis</strong></span> <span class='ocrx_word' id='word_1_284' title='bbox 917 4741 1097 4801; x_wconf 79' lang='lat' dir='ltr'><strong>fortunarum</strong></span> <span class='ocrx_word' id='word_1_285' title='bbox 1121 4751 1236 4801; x_wconf 89' lang='lat' dir='ltr'><strong>tuarum</strong></span> <span class='ocrx_word' id='word_1_286' title='bbox 1260 4743 1479 4803; x_wconf 87' lang='lat' dir='ltr'><strong>accessionibus</strong></span> 
     </span>
    </p>
   </div>
   <div class='ocr_carea' id='block_1_10' title="bbox 0 0 1664 5520">
    <p class='ocr_par' dir='ltr' id='par_1_10' title="bbox 0 0 1664 5520">
     <span class='ocr_line' id='line_1_35' title="bbox 0 0 1664 5520; baseline 0 0"><span class='ocrx_word' id='word_1_287' title='bbox 0 0 1664 5520; x_wconf 95' lang='lat' dir='ltr'><strong> </strong></span> 
     </span>
    </p>
   </div>
  </div>
 </body>
</html>
