<?xml version="1.0" encoding="UTF-8"?>
<!DOCTYPE html PUBLIC "-//W3C//DTD XHTML 1.0 Transitional//EN"
    "http://www.w3.org/TR/xhtml1/DTD/xhtml1-transitional.dtd">
<html xmlns="http://www.w3.org/1999/xhtml" xml:lang="en" lang="en">
 <head>
  <title>
</title>
<meta http-equiv="Content-Type" content="text/html;charset=utf-8" />
  <meta name='ocr-system' content='tesseract 3.04.00' />
  <meta name='ocr-capabilities' content='ocr_page ocr_carea ocr_par ocr_line ocrx_word'/>
</head>
<body>
  <div class='ocr_page' id='page_1' title='image "./joanniskepleria07frisgoog/joanniskepleria07frisgoog_0357.png"; bbox 0 0 3284 5520; ppageno 0'>
   <div class='ocr_carea' id='block_1_1' title="bbox 140 338 1001 417">
    <p class='ocr_par' dir='ltr' id='par_1_1' title="bbox 140 338 1001 417">
     <span class='ocr_line' id='line_1_1' title="bbox 140 338 1001 417; baseline -0.003 -19"><span class='ocrx_word' id='word_1_1' title='bbox 140 345 206 417; x_wconf 80' lang='lat'><strong><em>340</em></strong></span> <span class='ocrx_word' id='word_1_2' title='bbox 623 338 827 403; x_wconf 84' lang='lat' dir='ltr'><strong><em>Demonstratio</em></strong></span> <span class='ocrx_word' id='word_1_3' title='bbox 846 343 1001 396; x_wconf 71' lang='lat' dir='ltr'><strong><em>structurae</em></strong></span> 
     </span>
    </p>
   </div>
   <div class='ocr_carea' id='block_1_2' title="bbox 139 513 1499 1029">
    <p class='ocr_par' dir='ltr' id='par_1_2' title="bbox 139 513 1499 1029">
     <span class='ocr_line' id='line_1_2' title="bbox 139 513 1499 599; baseline -0.011 -12"><span class='ocrx_word' id='word_1_4' title='bbox 139 527 254 587; x_wconf 81' lang='lat' dir='ltr'><strong><em>indicet</em></strong></span> <span class='ocrx_word' id='word_1_5' title='bbox 274 543 326 585; x_wconf 85' lang='lat' dir='ltr'><strong><em>eeu</em></strong></span> <span class='ocrx_word' id='word_1_6' title='bbox 347 540 508 583; x_wconf 78' lang='lat' dir='ltr'><strong><em>mmsuree</em></strong></span> <span class='ocrx_word' id='word_1_7' title='bbox 525 523 770 599; x_wconf 72' lang='lat' dir='ltr'><strong><em>proportionum,</em></strong></span> <span class='ocrx_word' id='word_1_8' title='bbox 793 535 870 594; x_wconf 84' lang='lat' dir='ltr'><strong><em>oues</em></strong></span> <span class='ocrx_word' id='word_1_9' title='bbox 892 521 1080 578; x_wconf 83' lang='lat' dir='ltr'><strong><em>oomtituunt</em></strong></span> <span class='ocrx_word' id='word_1_10' title='bbox 1100 515 1232 576; x_wconf 63' lang='lat' dir='ltr'><strong><em>meolati</em></strong></span> <span class='ocrx_word' id='word_1_11' title='bbox 1252 515 1300 576; x_wconf 90' lang='lat' dir='ltr'><strong><em>ilii</em></strong></span> <span class='ocrx_word' id='word_1_12' title='bbox 1322 521 1352 574; x_wconf 87' lang='lat' dir='ltr'><strong><em>et</em></strong></span> <span class='ocrx_word' id='word_1_13' title='bbox 1373 513 1499 574; x_wconf 77' lang='lat' dir='ltr'><strong><em>merendi</em></strong></span> 
     </span>
     <span class='ocr_line' id='line_1_3' title="bbox 140 601 1497 681; baseline -0.01 -8"><span class='ocrx_word' id='word_1_14' title='bbox 140 615 264 673; x_wconf 85' lang='lat' dir='ltr'><strong><em>numeri</em></strong></span> <span class='ocrx_word' id='word_1_15' title='bbox 285 630 355 672; x_wconf 88' lang='lat' dir='ltr'><strong><em>eum</em></strong></span> <span class='ocrx_word' id='word_1_16' title='bbox 377 628 483 670; x_wconf 85' lang='lat' dir='ltr'><strong><em>eorum</em></strong></span> <span class='ocrx_word' id='word_1_17' title='bbox 504 612 641 669; x_wconf 75' lang='lat' dir='ltr'><strong><em>monimo</em></strong></span> <span class='ocrx_word' id='word_1_18' title='bbox 665 608 759 679; x_wconf 86' lang='lat'><strong><em>1000,</em></strong></span> <span class='ocrx_word' id='word_1_19' title='bbox 783 609 970 665; x_wconf 85' lang='lat' dir='ltr'><strong><em>ineremento</em></strong></span> <span class='ocrx_word' id='word_1_20' title='bbox 992 623 1045 663; x_wconf 86' lang='lat' dir='ltr'><strong><em>eeu</em></strong></span> <span class='ocrx_word' id='word_1_21' title='bbox 1067 604 1255 681; x_wconf 76' lang='lat' dir='ltr'><strong><em>differentiae</em></strong></span> <span class='ocrx_word' id='word_1_22' title='bbox 1276 603 1391 663; x_wconf 81' lang='lat' dir='ltr'><strong><em>isorum</em></strong></span> <span class='ocrx_word' id='word_1_23' title='bbox 1410 601 1497 677; x_wconf 78' lang='lat' dir='ltr'><strong><em>lopo-</em></strong></span> 
     </span>
     <span class='ocr_line' id='line_1_4' title="bbox 139 692 1499 772; baseline -0.01 -12"><span class='ocrx_word' id='word_1_24' title='bbox 139 702 324 760; x_wconf 84' lang='lat' dir='ltr'><strong><em>ritirmorum</em></strong></span> <span class='ocrx_word' id='word_1_25' title='bbox 345 716 375 757; x_wconf 86' lang='lat' dir='ltr'><strong><em>se</em></strong></span> <span class='ocrx_word' id='word_1_26' title='bbox 396 697 507 756; x_wconf 79' lang='lat' dir='ltr'><strong><em>lobeni</em></strong></span> <span class='ocrx_word' id='word_1_27' title='bbox 530 696 572 756; x_wconf 80' lang='lat' dir='ltr'><strong><em>uei</em></strong></span> <span class='ocrx_word' id='word_1_28' title='bbox 593 694 810 772; x_wconf 79' lang='lat' dir='ltr'><strong><em>ioporitlrmum</em></strong></span> <span class='ocrx_word' id='word_1_29' title='bbox 833 693 970 751; x_wconf 85' lang='lat' dir='ltr'><strong><em>elementi</em></strong></span> <span class='ocrx_word' id='word_1_30' title='bbox 992 694 1114 750; x_wconf 80' lang='lat' dir='ltr'><strong><em>minimi</em></strong></span> <span class='ocrx_word' id='word_1_31' title='bbox 1134 693 1391 767; x_wconf 75' lang='lat' dir='ltr'><strong><em>proportionum,</em></strong></span> <span class='ocrx_word' id='word_1_32' title='bbox 1424 692 1499 747; x_wconf 80' lang='lat' dir='ltr'><strong><em>sieut</em></strong></span> 
     </span>
     <span class='ocr_line' id='line_1_5' title="bbox 140 778 1499 862; baseline -0.01 -14"><span class='ocrx_word' id='word_1_33' title='bbox 140 796 271 848; x_wconf 84' lang='lat' dir='ltr'><strong><em>secantes</em></strong></span> <span class='ocrx_word' id='word_1_34' title='bbox 298 789 357 862; x_wconf 87' lang='lat' dir='ltr'><strong><em>ipsi</em></strong></span> <span class='ocrx_word' id='word_1_35' title='bbox 386 788 440 845; x_wconf 88' lang='lat' dir='ltr'><strong><em>toti</em></strong></span> <span class='ocrx_word' id='word_1_36' title='bbox 471 802 618 854; x_wconf 73' lang='lat' dir='ltr'><strong><em>arcuerit,</em></strong></span> <span class='ocrx_word' id='word_1_37' title='bbox 654 800 788 858; x_wconf 83' lang='lat' dir='ltr'><strong><em>quorum</em></strong></span> <span class='ocrx_word' id='word_1_38' title='bbox 816 779 1039 854; x_wconf 84' lang='lat' dir='ltr'><strong><em>complementis</em></strong></span> <span class='ocrx_word' id='word_1_39' title='bbox 1069 779 1199 838; x_wconf 81' lang='lat' dir='ltr'><strong><em>absoluti</em></strong></span> <span class='ocrx_word' id='word_1_40' title='bbox 1225 778 1291 837; x_wconf 84' lang='lat' dir='ltr'><strong><em>bini</em></strong></span> <span class='ocrx_word' id='word_1_41' title='bbox 1318 778 1445 835; x_wconf 83' lang='lat' dir='ltr'><strong><em>numeri</em></strong></span> <span class='ocrx_word' id='word_1_42' title='bbox 1465 782 1499 834; x_wconf 87' lang='lat' dir='ltr'><strong><em>ut</em></strong></span> 
     </span>
     <span class='ocr_line' id='line_1_6' title="bbox 139 862 1497 950; baseline -0.01 -16"><span class='ocrx_word' id='word_1_43' title='bbox 139 879 224 935; x_wconf 62' lang='lat' dir='ltr'><strong><em>unus</em></strong></span> <span class='ocrx_word' id='word_1_44' title='bbox 253 881 442 950; x_wconf 83' lang='lat' dir='ltr'><strong><em>competunt,</em></strong></span> <span class='ocrx_word' id='word_1_45' title='bbox 473 890 532 930; x_wconf 84' lang='lat' dir='ltr'><strong><em>rese</em></strong></span> <span class='ocrx_word' id='word_1_46' title='bbox 558 871 669 929; x_wconf 76' lang='lat' dir='ltr'><strong><em>hebent</em></strong></span> <span class='ocrx_word' id='word_1_47' title='bbox 700 868 742 927; x_wconf 83' lang='lat' dir='ltr'><strong><em>ad</em></strong></span> <span class='ocrx_word' id='word_1_48' title='bbox 770 885 935 926; x_wconf 85' lang='lat' dir='ltr'><strong><em>numerum</em></strong></span> <span class='ocrx_word' id='word_1_49' title='bbox 962 869 1136 927; x_wconf 77' lang='lat' dir='ltr'><strong><em>maximum</em></strong></span> <span class='ocrx_word' id='word_1_50' title='bbox 1157 883 1210 924; x_wconf 86' lang='lat' dir='ltr'><strong><em>eeu</em></strong></span> <span class='ocrx_word' id='word_1_51' title='bbox 1232 863 1361 923; x_wconf 84' lang='lat' dir='ltr'><strong><em>radium</em></strong></span> <span class='ocrx_word' id='word_1_52' title='bbox 1384 862 1497 935; x_wconf 86' lang='lat' dir='ltr'><strong><em>eirouli,</em></strong></span> 
     </span>
     <span class='ocr_line' id='line_1_7' title="bbox 139 950 1499 1029; baseline -0.01 -6"><span class='ocrx_word' id='word_1_53' title='bbox 139 967 180 1023; x_wconf 88' lang='lat' dir='ltr'><strong><em>aie</em></strong></span> <span class='ocrx_word' id='word_1_54' title='bbox 201 971 237 1023; x_wconf 88' lang='lat' dir='ltr'><strong><em>ut</em></strong></span> <span class='ocrx_word' id='word_1_55' title='bbox 258 981 295 1022; x_wconf 79' lang='lat' dir='ltr'><strong><em>eu</em></strong></span> <span class='ocrx_word' id='word_1_56' title='bbox 317 961 435 1020; x_wconf 82' lang='lat' dir='ltr'><strong><em>duodus</em></strong></span> <span class='ocrx_word' id='word_1_57' title='bbox 456 959 623 1019; x_wconf 82' lang='lat' dir='ltr'><strong><em>secantibus</em></strong></span> <span class='ocrx_word' id='word_1_58' title='bbox 646 957 780 1016; x_wconf 83' lang='lat' dir='ltr'><strong><em>duorum</em></strong></span> <span class='ocrx_word' id='word_1_59' title='bbox 802 972 1018 1023; x_wconf 86' lang='lat' dir='ltr'><strong><em>numerorum,</em></strong></span> <span class='ocrx_word' id='word_1_60' title='bbox 1043 957 1122 1012; x_wconf 86' lang='lat' dir='ltr'><strong><em>inter</em></strong></span> <span class='ocrx_word' id='word_1_61' title='bbox 1145 970 1279 1029; x_wconf 81' lang='lat' dir='ltr'><strong><em>quorum</em></strong></span> <span class='ocrx_word' id='word_1_62' title='bbox 1302 950 1499 1027; x_wconf 76' lang='lat' dir='ltr'><strong><em>loparitlsmeit</em></strong></span> 
     </span>
    </p>
   </div>
   <div class='ocr_carea' id='block_1_3' title="bbox 42 1041 1499 1129">
    <p class='ocr_par' dir='ltr' id='par_1_3' title="bbox 42 1041 1499 1129">
     <span class='ocr_line' id='line_1_8' title="bbox 42 1041 1499 1129; baseline -0.012 -18"><span class='ocrx_word' id='word_1_63' title='bbox 42 1114 47 1123; x_wconf 71' lang='grc'><strong><em>,</em></strong></span> <span class='ocrx_word' id='word_1_64' title='bbox 139 1051 311 1129; x_wconf 77' lang='lat' dir='ltr'><strong><em>differentia</em></strong></span> <span class='ocrx_word' id='word_1_65' title='bbox 331 1050 525 1125; x_wconf 79' lang='lat' dir='ltr'><strong><em>proponitur,</em></strong></span> <span class='ocrx_word' id='word_1_66' title='bbox 552 1049 655 1104; x_wconf 86' lang='lat' dir='ltr'><strong><em>minor</em></strong></span> <span class='ocrx_word' id='word_1_67' title='bbox 677 1044 799 1121; x_wconf 80' lang='lat' dir='ltr'><strong><em>quidem</em></strong></span> <span class='ocrx_word' id='word_1_68' title='bbox 821 1045 971 1101; x_wconf 79' lang='lat' dir='ltr'><strong><em>minorem</em></strong></span> <span class='ocrx_word' id='word_1_69' title='bbox 994 1044 1157 1101; x_wconf 84' lang='lat' dir='ltr'><strong><em>constituat</em></strong></span> <span class='ocrx_word' id='word_1_70' title='bbox 1177 1041 1408 1117; x_wconf 75' lang='lat' dir='ltr'><strong><em>proportionem</em></strong></span> <span class='ocrx_word' id='word_1_71' title='bbox 1431 1055 1499 1095; x_wconf 84' lang='lat' dir='ltr'><strong><em>eum</em></strong></span> 
     </span>
    </p>
   </div>
   <div class='ocr_carea' id='block_1_4' title="bbox 138 1127 1500 1214">
    <p class='ocr_par' dir='ltr' id='par_1_4' title="bbox 138 1127 1500 1214">
     <span class='ocr_line' id='line_1_9' title="bbox 138 1127 1500 1214; baseline -0.013 -14"><span class='ocrx_word' id='word_1_72' title='bbox 138 1141 238 1211; x_wconf 82' lang='lat' dir='ltr'><strong><em>radio,</em></strong></span> <span class='ocrx_word' id='word_1_73' title='bbox 261 1155 355 1214; x_wconf 82' lang='lat' dir='ltr'><strong><em>quem</em></strong></span> <span class='ocrx_word' id='word_1_74' title='bbox 371 1136 542 1212; x_wconf 74' lang='lat' dir='ltr'><strong><em>differentia</em></strong></span> <span class='ocrx_word' id='word_1_75' title='bbox 563 1135 719 1210; x_wconf 86' lang='lat' dir='ltr'><strong><em>proposita</em></strong></span> <span class='ocrx_word' id='word_1_76' title='bbox 736 1149 806 1190; x_wconf 87' lang='lat' dir='ltr'><strong><em>eum</em></strong></span> <span class='ocrx_word' id='word_1_77' title='bbox 828 1131 966 1189; x_wconf 86' lang='lat' dir='ltr'><strong><em>omnium</em></strong></span> <span class='ocrx_word' id='word_1_78' title='bbox 981 1131 1096 1203; x_wconf 87' lang='lat' dir='ltr'><strong><em>primo,</em></strong></span> <span class='ocrx_word' id='word_1_79' title='bbox 1119 1130 1222 1200; x_wconf 82' lang='lat' dir='ltr'><strong><em>major</em></strong></span> <span class='ocrx_word' id='word_1_80' title='bbox 1235 1127 1386 1199; x_wconf 78' lang='lat' dir='ltr'><strong><em>mojorem</em></strong></span> <span class='ocrx_word' id='word_1_81' title='bbox 1410 1132 1500 1200; x_wconf 82' lang='lat' dir='ltr'><strong><em>atque</em></strong></span> 
     </span>
    </p>
   </div>
   <div class='ocr_carea' id='block_1_5' title="bbox 51 1215 1194 1299">
    <p class='ocr_par' dir='ltr' id='par_1_5' title="bbox 51 1215 1194 1299">
     <span class='ocr_line' id='line_1_10' title="bbox 51 1215 1194 1299; baseline -0.014 -11"><span class='ocrx_word' id='word_1_82' title='bbox 51 1262 56 1271; x_wconf 87' lang='lat'>·</span> <span class='ocrx_word' id='word_1_83' title='bbox 139 1230 231 1287; x_wconf 84' lang='lat' dir='ltr'><strong><em>etiam</em></strong></span> <span class='ocrx_word' id='word_1_84' title='bbox 254 1224 387 1284; x_wconf 86' lang='lat' dir='ltr'><strong><em>medium</em></strong></span> <span class='ocrx_word' id='word_1_85' title='bbox 409 1221 637 1299; x_wconf 79' lang='lat' dir='ltr'><strong><em>proportionale</em></strong></span> <span class='ocrx_word' id='word_1_86' title='bbox 659 1223 739 1279; x_wconf 85' lang='lat' dir='ltr'><strong><em>inter</em></strong></span> <span class='ocrx_word' id='word_1_87' title='bbox 760 1223 890 1277; x_wconf 85' lang='lat' dir='ltr'><strong><em>secantes</em></strong></span> <span class='ocrx_word' id='word_1_88' title='bbox 911 1217 1059 1283; x_wconf 78' lang='lat' dir='ltr'><strong><em>maiorem</em></strong></span> <span class='ocrx_word' id='word_1_89' title='bbox 1082 1215 1194 1274; x_wconf 84' lang='lat' dir='ltr'><strong><em>itidem.</em></strong></span> 
     </span>
    </p>
   </div>
   <div class='ocr_carea' id='block_1_6' title="bbox 139 1301 1505 3391">
    <p class='ocr_par' dir='ltr' id='par_1_6' title="bbox 141 1301 1500 1552">
     <span class='ocr_line' id='line_1_11' title="bbox 245 1301 1498 1385; baseline -0.012 -14"><span class='ocrx_word' id='word_1_90' title='bbox 245 1313 278 1372; x_wconf 90' lang='lat' dir='ltr'><strong><em>Iu</em></strong></span> <span class='ocrx_word' id='word_1_91' title='bbox 309 1312 457 1371; x_wconf 85' lang='lat' dir='ltr'><strong><em>schemate</em></strong></span> <span class='ocrx_word' id='word_1_92' title='bbox 486 1326 568 1385; x_wconf 82' lang='lat' dir='ltr'><strong><em>prop.</em></strong></span> <span class='ocrx_word' id='word_1_93' title='bbox 593 1313 643 1367; x_wconf 78' lang='lat'><strong><em>21.</em></strong></span> <span class='ocrx_word' id='word_1_94' title='bbox 672 1309 731 1364; x_wconf 87' lang='lat' dir='ltr'><strong><em>sint</em></strong></span> <span class='ocrx_word' id='word_1_95' title='bbox 760 1303 900 1382; x_wconf 81' lang='lat' dir='ltr'><strong><em>aequales</em></strong></span> <span class='ocrx_word' id='word_1_96' title='bbox 924 1302 989 1371; x_wconf 83' lang='lat' dir='ltr'><strong><em>DC,</em></strong></span> <span class='ocrx_word' id='word_1_97' title='bbox 1014 1301 1079 1374; x_wconf 85' lang='lat' dir='ltr'><strong><em>CB,</em></strong></span> <span class='ocrx_word' id='word_1_98' title='bbox 1110 1301 1289 1361; x_wconf 80' lang='lat' dir='ltr'><strong><em>differentiae</em></strong></span> <span class='ocrx_word' id='word_1_99' title='bbox 1312 1315 1498 1358; x_wconf 90' lang='lat' dir='ltr'><strong><em>numerorum</em></strong></span> 
     </span>
     <span class='ocr_line' id='line_1_12' title="bbox 141 1385 1500 1472; baseline -0.015 -9"><span class='ocrx_word' id='word_1_100' title='bbox 141 1400 343 1464; x_wconf 72' lang='lat' dir='ltr'><strong><em>absolutorum</em></strong></span> <span class='ocrx_word' id='word_1_101' title='bbox 365 1398 432 1469; x_wconf 87' lang='lat' dir='ltr'><strong><em>DA,</em></strong></span> <span class='ocrx_word' id='word_1_102' title='bbox 449 1397 511 1471; x_wconf 84' lang='lat' dir='ltr'><strong><em>CA,</em></strong></span> <span class='ocrx_word' id='word_1_103' title='bbox 532 1397 596 1471; x_wconf 88' lang='lat' dir='ltr'><strong><em>BA,</em></strong></span> <span class='ocrx_word' id='word_1_104' title='bbox 620 1411 743 1472; x_wconf 88' lang='lat' dir='ltr'><strong><em>quorum</em></strong></span> <span class='ocrx_word' id='word_1_105' title='bbox 766 1393 910 1452; x_wconf 83' lang='lat' dir='ltr'><strong><em>maximus</em></strong></span> <span class='ocrx_word' id='word_1_106' title='bbox 935 1390 999 1448; x_wconf 88' lang='lat' dir='ltr'><strong><em>AD.</em></strong></span> <span class='ocrx_word' id='word_1_107' title='bbox 1036 1389 1073 1448; x_wconf 87' lang='lat' dir='ltr'><strong><em>Bt</em></strong></span> <span class='ocrx_word' id='word_1_108' title='bbox 1097 1391 1167 1465; x_wconf 87' lang='lat' dir='ltr'><strong><em>quis</em></strong></span> <span class='ocrx_word' id='word_1_109' title='bbox 1189 1387 1252 1462; x_wconf 88' lang='lat' dir='ltr'><strong><em>DC,</em></strong></span> <span class='ocrx_word' id='word_1_110' title='bbox 1276 1386 1326 1446; x_wconf 85' lang='lat' dir='ltr'><strong><em>CB</em></strong></span> <span class='ocrx_word' id='word_1_111' title='bbox 1350 1385 1500 1462; x_wconf 78' lang='lat' dir='ltr'><strong><em>aequales,</em></strong></span> 
     </span>
     <span class='ocr_line' id='line_1_13' title="bbox 778 1467 1500 1552; baseline -0.008 -15"><span class='ocrx_word' id='word_1_112' title='bbox 778 1467 783 1496; x_wconf 83' lang='lat'><strong>¹</strong></span> <span class='ocrx_word' id='word_1_113' title='bbox 843 1476 937 1552; x_wconf 82' lang='lat' dir='ltr'><strong><em>major</em></strong></span> <span class='ocrx_word' id='word_1_114' title='bbox 968 1477 1056 1552; x_wconf 82' lang='lat' dir='ltr'><strong><em>igitur</em></strong></span> <span class='ocrx_word' id='word_1_115' title='bbox 1079 1486 1123 1535; x_wconf 90' lang='lat' dir='ltr'><strong><em>eet</em></strong></span> <span class='ocrx_word' id='word_1_116' title='bbox 1144 1477 1293 1552; x_wconf 89' lang='lat' dir='ltr'><strong><em>proportio</em></strong></span> <span class='ocrx_word' id='word_1_117' title='bbox 1316 1474 1370 1532; x_wconf 89' lang='lat' dir='ltr'><strong><em>BA</em></strong></span> <span class='ocrx_word' id='word_1_118' title='bbox 1395 1481 1426 1533; x_wconf 90' lang='lat' dir='ltr'><strong><em>et</em></strong></span> <span class='ocrx_word' id='word_1_119' title='bbox 1450 1471 1500 1531; x_wconf 81' lang='lat' dir='ltr'><strong><em>Ac</em></strong></span> 
     </span>
    </p>

    <p class='ocr_par' dir='ltr' id='par_1_7' title="bbox 843 1559 1500 1638">
     <span class='ocr_line' id='line_1_14' title="bbox 843 1559 1500 1638; baseline -0.011 -13"><span class='ocrx_word' id='word_1_120' title='bbox 843 1565 1030 1625; x_wconf 90' lang='lat' dir='ltr'><strong><em>terminorum</em></strong></span> <span class='ocrx_word' id='word_1_121' title='bbox 1045 1566 1197 1638; x_wconf 90' lang='lat' dir='ltr'><strong><em>minorum,</em></strong></span> <span class='ocrx_word' id='word_1_122' title='bbox 1212 1563 1307 1622; x_wconf 90' lang='lat' dir='ltr'><strong><em>minor</em></strong></span> <span class='ocrx_word' id='word_1_123' title='bbox 1323 1560 1376 1620; x_wconf 84' lang='lat' dir='ltr'><strong><em>CA</em></strong></span> <span class='ocrx_word' id='word_1_124' title='bbox 1397 1569 1429 1621; x_wconf 88' lang='lat' dir='ltr'><strong><em>et</em></strong></span> <span class='ocrx_word' id='word_1_125' title='bbox 1444 1559 1500 1618; x_wconf 93' lang='lat' dir='ltr'><strong><em>AD</em></strong></span> 
     </span>
    </p>

    <p class='ocr_par' dir='ltr' id='par_1_8' title="bbox 844 1646 1502 1730">
     <span class='ocr_line' id='line_1_15' title="bbox 844 1646 1502 1730; baseline -0.012 -20"><span class='ocrx_word' id='word_1_126' title='bbox 844 1652 989 1728; x_wconf 87' lang='lat' dir='ltr'><strong><em>majorum</em></strong></span> <span class='ocrx_word' id='word_1_127' title='bbox 1004 1650 1099 1730; x_wconf 87' lang='lat' dir='ltr'><strong><em>(prop.</em></strong></span> <span class='ocrx_word' id='word_1_128' title='bbox 1114 1656 1162 1711; x_wconf 79' lang='lat'><strong><em>13.</em></strong></span> <span class='ocrx_word' id='word_1_129' title='bbox 1176 1646 1299 1729; x_wconf 78' lang='lat' dir='ltr'><strong><em>tmoli).</em></strong></span> <span class='ocrx_word' id='word_1_130' title='bbox 1328 1646 1430 1724; x_wconf 82' lang='lat' dir='ltr'><strong><em>Major</em></strong></span> <span class='ocrx_word' id='word_1_131' title='bbox 1443 1647 1502 1724; x_wconf 78' lang='lat' dir='ltr'><strong><em>lgi-</em></strong></span> 
     </span>
    </p>

    <p class='ocr_par' dir='ltr' id='par_1_9' title="bbox 845 1732 1501 1817">
     <span class='ocr_line' id='line_1_16' title="bbox 845 1732 1501 1817; baseline -0.008 -19"><span class='ocrx_word' id='word_1_132' title='bbox 845 1749 892 1798; x_wconf 90' lang='lat' dir='ltr'><strong><em>tur</em></strong></span> <span class='ocrx_word' id='word_1_133' title='bbox 914 1746 944 1800; x_wconf 89' lang='lat' dir='ltr'><strong><em>et</em></strong></span> <span class='ocrx_word' id='word_1_134' title='bbox 960 1755 1096 1798; x_wconf 87' lang='lat' dir='ltr'><strong><em>mensure</em></strong></span> <span class='ocrx_word' id='word_1_135' title='bbox 1111 1738 1305 1817; x_wconf 87' lang='lat' dir='ltr'><strong><em>proportionis</em></strong></span> <span class='ocrx_word' id='word_1_136' title='bbox 1320 1734 1375 1795; x_wconf 87' lang='lat' dir='ltr'><strong><em>BA</em></strong></span> <span class='ocrx_word' id='word_1_137' title='bbox 1391 1734 1432 1795; x_wconf 83' lang='lat' dir='ltr'><strong><em>sd</em></strong></span> <span class='ocrx_word' id='word_1_138' title='bbox 1448 1732 1501 1794; x_wconf 83' lang='lat' dir='ltr'><strong><em>Ac</em></strong></span> 
     </span>
    </p>

    <p class='ocr_par' dir='ltr' id='par_1_10' title="bbox 846 1821 1501 1904">
     <span class='ocr_line' id='line_1_17' title="bbox 846 1821 1501 1904; baseline -0.006 -20"><span class='ocrx_word' id='word_1_139' title='bbox 846 1843 935 1904; x_wconf 87' lang='lat' dir='ltr'><strong><em>quam</em></strong></span> <span class='ocrx_word' id='word_1_140' title='bbox 957 1827 1152 1904; x_wconf 82' lang='lat' dir='ltr'><strong><em>proportionis</em></strong></span> <span class='ocrx_word' id='word_1_141' title='bbox 1177 1824 1228 1884; x_wconf 84' lang='lat' dir='ltr'><strong><em>GA</em></strong></span> <span class='ocrx_word' id='word_1_142' title='bbox 1252 1822 1290 1883; x_wconf 88' lang='lat' dir='ltr'><strong><em>ud</em></strong></span> <span class='ocrx_word' id='word_1_143' title='bbox 1315 1822 1386 1897; x_wconf 92' lang='lat' dir='ltr'><strong><em>AD,</em></strong></span> <span class='ocrx_word' id='word_1_144' title='bbox 1419 1821 1450 1880; x_wconf 87' lang='lat' dir='ltr'><strong><em>lr.</em></strong></span> <span class='ocrx_word' id='word_1_145' title='bbox 1474 1839 1501 1881; x_wconf 91' lang='lat' dir='ltr'><strong><em>e.</em></strong></span> 
     </span>
    </p>

    <p class='ocr_par' dir='ltr' id='par_1_11' title="bbox 846 1907 1501 1991">
     <span class='ocr_line' id='line_1_18' title="bbox 846 1907 1501 1991; baseline -0.006 -20"><span class='ocrx_word' id='word_1_146' title='bbox 846 1913 1010 1973; x_wconf 82' lang='lat' dir='ltr'><strong><em>differentia</em></strong></span> <span class='ocrx_word' id='word_1_147' title='bbox 1031 1913 1279 1991; x_wconf 81' lang='lat' dir='ltr'><strong><em>logurithmorum,</em></strong></span> <span class='ocrx_word' id='word_1_148' title='bbox 1304 1912 1377 1988; x_wconf 87' lang='lat' dir='ltr'><strong><em>ipsis</em></strong></span> <span class='ocrx_word' id='word_1_149' title='bbox 1392 1907 1448 1968; x_wconf 85' lang='lat' dir='ltr'><strong><em>CA</em></strong></span> <span class='ocrx_word' id='word_1_150' title='bbox 1472 1916 1501 1968; x_wconf 90' lang='lat' dir='ltr'><strong><em>et</em></strong></span> 
     </span>
    </p>

    <p class='ocr_par' dir='ltr' id='par_1_12' title="bbox 845 1996 1501 2077">
     <span class='ocr_line' id='line_1_19' title="bbox 845 1996 1501 2077; baseline -0.011 -16"><span class='ocrx_word' id='word_1_151' title='bbox 845 2000 898 2061; x_wconf 91' lang='lat' dir='ltr'><strong><em>BA</em></strong></span> <span class='ocrx_word' id='word_1_152' title='bbox 916 2001 1060 2061; x_wconf 78' lang='lat' dir='ltr'><strong><em>absolutis</em></strong></span> <span class='ocrx_word' id='word_1_153' title='bbox 1075 1998 1322 2077; x_wconf 79' lang='lat' dir='ltr'><strong><em>respondentium,</em></strong></span> <span class='ocrx_word' id='word_1_154' title='bbox 1343 2003 1388 2058; x_wconf 88' lang='lat' dir='ltr'><strong><em>est</em></strong></span> <span class='ocrx_word' id='word_1_155' title='bbox 1402 1996 1501 2073; x_wconf 78' lang='lat' dir='ltr'><strong><em>maJor</em></strong></span> 
     </span>
    </p>

    <p class='ocr_par' dir='ltr' id='par_1_13' title="bbox 846 2086 1502 2165">
     <span class='ocr_line' id='line_1_20' title="bbox 846 2086 1502 2165; baseline -0.005 -20"><span class='ocrx_word' id='word_1_156' title='bbox 846 2091 938 2165; x_wconf 91' lang='lat' dir='ltr'><strong><em>primo</em></strong></span> <span class='ocrx_word' id='word_1_157' title='bbox 969 2088 1142 2165; x_wconf 82' lang='lat' dir='ltr'><strong><em>legarithmo</em></strong></span> <span class='ocrx_word' id='word_1_158' title='bbox 1170 2105 1221 2165; x_wconf 95' lang='grc' dir='ltr'><strong><em>ρετ</em></strong></span> <span class='ocrx_word' id='word_1_159' title='bbox 1245 2086 1297 2145; x_wconf 82' lang='grc'><strong><em>01)</em></strong></span> <span class='ocrx_word' id='word_1_160' title='bbox 1325 2101 1502 2162; x_wconf 80' lang='lat' dir='ltr'><strong><em>repraesen-</em></strong></span> 
     </span>
    </p>

    <p class='ocr_par' dir='ltr' id='par_1_14' title="bbox 846 2171 1502 2254">
     <span class='ocr_line' id='line_1_21' title="bbox 846 2171 1502 2254; baseline -0.005 -21"><span class='ocrx_word' id='word_1_161' title='bbox 846 2182 918 2234; x_wconf 90' lang='lat' dir='ltr'><strong><em>tato.</em></strong></span> <span class='ocrx_word' id='word_1_162' title='bbox 964 2174 1009 2234; x_wconf 86' lang='lat' dir='ltr'><strong><em>Sit</em></strong></span> <span class='ocrx_word' id='word_1_163' title='bbox 1032 2181 1064 2254; x_wconf 78' lang='lat' dir='ltr'><strong><em>ty</em></strong></span> <span class='ocrx_word' id='word_1_164' title='bbox 1092 2174 1285 2252; x_wconf 80' lang='lat' dir='ltr'><strong><em>legerithmus</em></strong></span> <span class='ocrx_word' id='word_1_165' title='bbox 1314 2175 1410 2252; x_wconf 87' lang='lat' dir='ltr'><strong><em>ipsius</em></strong></span> <span class='ocrx_word' id='word_1_166' title='bbox 1439 2171 1502 2245; x_wconf 83' lang='lat' dir='ltr'><strong><em>CA,</em></strong></span> 
     </span>
    </p>

    <p class='ocr_par' dir='ltr' id='par_1_15' title="bbox 845 2259 1503 2342">
     <span class='ocr_line' id='line_1_22' title="bbox 845 2259 1503 2342; baseline -0.005 -21"><span class='ocrx_word' id='word_1_167' title='bbox 845 2272 875 2321; x_wconf 89' lang='lat' dir='ltr'><strong><em>et</em></strong></span> <span class='ocrx_word' id='word_1_168' title='bbox 897 2263 930 2342; x_wconf 69' lang='lat'><strong><em>73</em></strong></span> <span class='ocrx_word' id='word_1_169' title='bbox 959 2265 988 2319; x_wconf 87' lang='lat' dir='ltr'><strong><em>ln</em></strong></span> <span class='ocrx_word' id='word_1_170' title='bbox 1012 2261 1129 2322; x_wconf 88' lang='lat' dir='ltr'><strong><em>easdem</em></strong></span> <span class='ocrx_word' id='word_1_171' title='bbox 1152 2263 1249 2323; x_wconf 89' lang='lat' dir='ltr'><strong><em>lineae</em></strong></span> <span class='ocrx_word' id='word_1_172' title='bbox 1270 2269 1368 2339; x_wconf 87' lang='lat' dir='ltr'><strong><em>partes</em></strong></span> <span class='ocrx_word' id='word_1_173' title='bbox 1392 2261 1433 2319; x_wconf 90' lang='lat' dir='ltr'><strong><em>sit</em></strong></span> <span class='ocrx_word' id='word_1_174' title='bbox 1454 2259 1503 2318; x_wconf 92' lang='lat' dir='ltr'><strong><em>lo·</em></strong></span> 
     </span>
    </p>

    <p class='ocr_par' dir='ltr' id='par_1_16' title="bbox 845 2347 1504 2427">
     <span class='ocr_line' id='line_1_23' title="bbox 845 2347 1504 2427; baseline -0.006 -19"><span class='ocrx_word' id='word_1_175' title='bbox 845 2348 1009 2425; x_wconf 78' lang='lat' dir='ltr'><strong><em>garithmns</em></strong></span> <span class='ocrx_word' id='word_1_176' title='bbox 1031 2351 1124 2427; x_wconf 86' lang='lat' dir='ltr'><strong><em>ipsius</em></strong></span> <span class='ocrx_word' id='word_1_177' title='bbox 1139 2349 1193 2409; x_wconf 93' lang='lat' dir='ltr'><strong><em>BA</em></strong></span> <span class='ocrx_word' id='word_1_178' title='bbox 1208 2357 1237 2410; x_wconf 92' lang='lat' dir='ltr'><strong><em>et</em></strong></span> <span class='ocrx_word' id='word_1_179' title='bbox 1251 2347 1432 2426; x_wconf 77' lang='lat' dir='ltr'><strong><em>respondent</em></strong></span> <span class='ocrx_word' id='word_1_180' title='bbox 1445 2347 1504 2422; x_wconf 89' lang='lat' dir='ltr'><strong><em>ipsi</em></strong></span> 
     </span>
    </p>

    <p class='ocr_par' dir='ltr' id='par_1_17' title="bbox 768 2433 1503 2530">
     <span class='ocr_line' id='line_1_24' title="bbox 768 2433 1503 2530; baseline -0.005 -34"><span class='ocrx_word' id='word_1_181' title='bbox 768 2467 797 2530; x_wconf 64' lang='grc' dir='ltr'><strong>Δ</strong></span> <span class='ocrx_word' id='word_1_182' title='bbox 849 2435 900 2496; x_wconf 84' lang='lat' dir='ltr'><strong><em>cA</em></strong></span> <span class='ocrx_word' id='word_1_183' title='bbox 923 2454 1027 2497; x_wconf 86' lang='lat' dir='ltr'><strong><em>seeuns</em></strong></span> <span class='ocrx_word' id='word_1_184' title='bbox 1043 2435 1100 2496; x_wconf 85' lang='lat' dir='ltr'><strong><em>GA</em></strong></span> <span class='ocrx_word' id='word_1_185' title='bbox 1124 2444 1153 2497; x_wconf 89' lang='lat' dir='ltr'><strong><em>et</em></strong></span> <span class='ocrx_word' id='word_1_186' title='bbox 1168 2439 1222 2514; x_wconf 90' lang='lat' dir='ltr'><strong><em>ipsi</em></strong></span> <span class='ocrx_word' id='word_1_187' title='bbox 1238 2435 1293 2495; x_wconf 92' lang='lat' dir='ltr'><strong><em>BA</em></strong></span> <span class='ocrx_word' id='word_1_188' title='bbox 1308 2451 1415 2496; x_wconf 83' lang='lat' dir='ltr'><strong><em>secans</em></strong></span> <span class='ocrx_word' id='word_1_189' title='bbox 1430 2433 1503 2494; x_wconf 78' lang='lat' dir='ltr'><strong><em>FA:</em></strong></span> 
     </span>
    </p>

    <p class='ocr_par' dir='ltr' id='par_1_18' title="bbox 592 2521 1504 2635">
     <span class='ocr_line' id='line_1_25' title="bbox 592 2521 1504 2635; baseline -0.001 -52"><span class='ocrx_word' id='word_1_190' title='bbox 592 2576 610 2635; x_wconf 59' lang='grc' dir='ltr'><strong><em>β</em></strong></span> <span class='ocrx_word' id='word_1_191' title='bbox 849 2521 923 2598; x_wconf 87' lang='lat' dir='ltr'><strong><em>dico,</em></strong></span> <span class='ocrx_word' id='word_1_192' title='bbox 946 2526 1164 2602; x_wconf 86' lang='lat' dir='ltr'><strong><em>proportionem</em></strong></span> <span class='ocrx_word' id='word_1_193' title='bbox 1186 2526 1219 2604; x_wconf 75' lang='grc' dir='ltr'><strong><em>βγ</em></strong></span> <span class='ocrx_word' id='word_1_194' title='bbox 1241 2521 1280 2582; x_wconf 86' lang='lat' dir='ltr'><strong><em>ad</em></strong></span> <span class='ocrx_word' id='word_1_195' title='bbox 1303 2528 1337 2601; x_wconf 74' lang='grc' dir='ltr'><strong><em>γᾶ</em></strong></span> <span class='ocrx_word' id='word_1_196' title='bbox 1357 2522 1504 2598; x_wconf 85' lang='lat' dir='ltr'><strong><em>majorem</em></strong></span> 
     </span>
    </p>

    <p class='ocr_par' dir='ltr' id='par_1_19' title="bbox 389 2607 1502 2691">
     <span class='ocr_line' id='line_1_26' title="bbox 389 2607 1502 2691; baseline -0.005 -19"><span class='ocrx_word' id='word_1_197' title='bbox 389 2640 605 2653; x_wconf 78' lang='lat'><em>-----</em></span> <span class='ocrx_word' id='word_1_198' title='bbox 850 2628 915 2670; x_wconf 89' lang='lat' dir='ltr'><strong><em>esse</em></strong></span> <span class='ocrx_word' id='word_1_199' title='bbox 940 2629 1028 2687; x_wconf 89' lang='lat' dir='ltr'><strong><em>quam</em></strong></span> <span class='ocrx_word' id='word_1_200' title='bbox 1051 2613 1267 2691; x_wconf 88' lang='lat' dir='ltr'><strong><em>proportionem</em></strong></span> <span class='ocrx_word' id='word_1_201' title='bbox 1290 2609 1347 2670; x_wconf 88' lang='lat' dir='ltr'><strong><em>GA</em></strong></span> <span class='ocrx_word' id='word_1_202' title='bbox 1369 2608 1411 2667; x_wconf 86' lang='lat' dir='ltr'><strong><em>ud</em></strong></span> <span class='ocrx_word' id='word_1_203' title='bbox 1436 2607 1502 2682; x_wconf 93' lang='lat' dir='ltr'><strong><em>AD,</em></strong></span> 
     </span>
    </p>

    <p class='ocr_par' dir='ltr' id='par_1_20' title="bbox 139 2694 1505 3391">
     <span class='ocr_line' id='line_1_27' title="bbox 139 2694 1504 2775; baseline 0.001 -21"><span class='ocrx_word' id='word_1_204' title='bbox 139 2697 281 2755; x_wconf 88' lang='lat' dir='ltr'><strong><em>minorem</em></strong></span> <span class='ocrx_word' id='word_1_205' title='bbox 304 2711 374 2756; x_wconf 83' lang='lat' dir='ltr'><strong><em>vero</em></strong></span> <span class='ocrx_word' id='word_1_206' title='bbox 398 2712 487 2771; x_wconf 84' lang='lat' dir='ltr'><strong><em>quam</em></strong></span> <span class='ocrx_word' id='word_1_207' title='bbox 509 2695 561 2754; x_wconf 82' lang='lat' dir='ltr'><strong><em>FA</em></strong></span> <span class='ocrx_word' id='word_1_208' title='bbox 586 2695 624 2754; x_wconf 89' lang='lat' dir='ltr'><strong><em>ud</em></strong></span> <span class='ocrx_word' id='word_1_209' title='bbox 648 2696 718 2771; x_wconf 91' lang='lat' dir='ltr'><strong><em>AD,</em></strong></span> <span class='ocrx_word' id='word_1_210' title='bbox 742 2697 884 2757; x_wconf 87' lang='lat' dir='ltr'><strong><em>minorem</em></strong></span> <span class='ocrx_word' id='word_1_211' title='bbox 907 2701 995 2758; x_wconf 89' lang='lat' dir='ltr'><strong><em>etiam</em></strong></span> <span class='ocrx_word' id='word_1_212' title='bbox 1020 2716 1107 2775; x_wconf 89' lang='lat' dir='ltr'><strong><em>quam</em></strong></span> <span class='ocrx_word' id='word_1_213' title='bbox 1131 2697 1258 2758; x_wconf 89' lang='lat' dir='ltr'><strong><em>medium</em></strong></span> <span class='ocrx_word' id='word_1_214' title='bbox 1281 2694 1504 2775; x_wconf 75' lang='lat' dir='ltr'><strong><em>proportionale</em></strong></span> 
     </span>
     <span class='ocr_line' id='line_1_28' title="bbox 141 2777 1505 2866; baseline 0 -24"><span class='ocrx_word' id='word_1_215' title='bbox 141 2785 216 2843; x_wconf 89' lang='lat' dir='ltr'><strong><em>luter</em></strong></span> <span class='ocrx_word' id='word_1_216' title='bbox 238 2782 292 2841; x_wconf 82' lang='lat' dir='ltr'><strong><em>FA</em></strong></span> <span class='ocrx_word' id='word_1_217' title='bbox 315 2788 345 2842; x_wconf 88' lang='lat' dir='ltr'><strong><em>et</em></strong></span> <span class='ocrx_word' id='word_1_218' title='bbox 360 2781 425 2843; x_wconf 89' lang='lat' dir='ltr'><strong><em>GA.</em></strong></span> <span class='ocrx_word' id='word_1_219' title='bbox 463 2783 539 2842; x_wconf 88' lang='lat' dir='ltr'><strong><em>Nam</em></strong></span> <span class='ocrx_word' id='word_1_220' title='bbox 563 2777 661 2863; x_wconf 87' lang='lat' dir='ltr'><strong><em>(prop.</em></strong></span> <span class='ocrx_word' id='word_1_221' title='bbox 687 2779 755 2866; x_wconf 72' lang='lat'>25.)</span> <span class='ocrx_word' id='word_1_222' title='bbox 778 2784 872 2860; x_wconf 87' lang='lat' dir='ltr'><strong><em>major</em></strong></span> <span class='ocrx_word' id='word_1_223' title='bbox 894 2793 938 2845; x_wconf 91' lang='lat' dir='ltr'><strong><em>est</em></strong></span> <span class='ocrx_word' id='word_1_224' title='bbox 960 2789 1109 2862; x_wconf 90' lang='lat' dir='ltr'><strong><em>proportio</em></strong></span> <span class='ocrx_word' id='word_1_225' title='bbox 1132 2787 1188 2844; x_wconf 90' lang='lat' dir='ltr'><strong><em>DA</em></strong></span> <span class='ocrx_word' id='word_1_226' title='bbox 1214 2784 1252 2845; x_wconf 86' lang='lat' dir='ltr'><strong><em>sd</em></strong></span> <span class='ocrx_word' id='word_1_227' title='bbox 1275 2784 1328 2844; x_wconf 92' lang='lat' dir='ltr'><strong><em>AB</em></strong></span> <span class='ocrx_word' id='word_1_228' title='bbox 1353 2800 1444 2859; x_wconf 87' lang='lat' dir='ltr'><strong><em>qnam</em></strong></span> <span class='ocrx_word' id='word_1_229' title='bbox 1466 2784 1505 2865; x_wconf 68' lang='lat' dir='ltr'><strong><em>Bp</em></strong></span> 
     </span>
     <span class='ocr_line' id='line_1_29' title="bbox 140 2865 1504 2949; baseline -0.001 -20"><span class='ocrx_word' id='word_1_230' title='bbox 140 2869 179 2930; x_wconf 89' lang='lat' dir='ltr'><strong><em>ad</em></strong></span> <span class='ocrx_word' id='word_1_231' title='bbox 201 2875 247 2949; x_wconf 70' lang='lat' dir='ltr'><strong><em>po,</em></strong></span> <span class='ocrx_word' id='word_1_232' title='bbox 278 2870 373 2945; x_wconf 90' lang='lat' dir='ltr'><strong><em>major</em></strong></span> <span class='ocrx_word' id='word_1_233' title='bbox 403 2872 492 2929; x_wconf 91' lang='lat' dir='ltr'><strong><em>etiam</em></strong></span> <span class='ocrx_word' id='word_1_234' title='bbox 514 2870 572 2928; x_wconf 90' lang='lat' dir='ltr'><strong><em>DA</em></strong></span> <span class='ocrx_word' id='word_1_235' title='bbox 595 2869 633 2929; x_wconf 90' lang='lat' dir='ltr'><strong><em>ad</em></strong></span> <span class='ocrx_word' id='word_1_236' title='bbox 655 2871 783 2931; x_wconf 89' lang='lat' dir='ltr'><strong><em>medium</em></strong></span> <span class='ocrx_word' id='word_1_237' title='bbox 806 2874 881 2932; x_wconf 89' lang='lat' dir='ltr'><strong><em>inter</em></strong></span> <span class='ocrx_word' id='word_1_238' title='bbox 904 2872 957 2931; x_wconf 92' lang='lat' dir='ltr'><strong><em>BA</em></strong></span> <span class='ocrx_word' id='word_1_239' title='bbox 981 2882 1009 2932; x_wconf 87' lang='lat' dir='ltr'><strong><em>et</em></strong></span> <span class='ocrx_word' id='word_1_240' title='bbox 1034 2874 1105 2947; x_wconf 90' lang='lat' dir='ltr'><strong><em>AD;</em></strong></span> <span class='ocrx_word' id='word_1_241' title='bbox 1136 2872 1189 2932; x_wconf 88' lang='lat' dir='ltr'><strong><em>sed</em></strong></span> <span class='ocrx_word' id='word_1_242' title='bbox 1211 2873 1264 2932; x_wconf 86' lang='lat' dir='ltr'><strong><em>FA</em></strong></span> <span class='ocrx_word' id='word_1_243' title='bbox 1288 2871 1326 2932; x_wconf 89' lang='lat' dir='ltr'><strong><em>ad</em></strong></span> <span class='ocrx_word' id='word_1_244' title='bbox 1349 2871 1407 2929; x_wconf 91' lang='lat' dir='ltr'><strong><em>AD</em></strong></span> <span class='ocrx_word' id='word_1_245' title='bbox 1431 2865 1504 2947; x_wconf 87' lang='grc' dir='ltr'>ρ’το-</span> 
     </span>
     <span class='ocr_line' id='line_1_30' title="bbox 139 2956 1504 3036; baseline 0 -19"><span class='ocrx_word' id='word_1_246' title='bbox 139 2960 235 3034; x_wconf 86' lang='lat' dir='ltr'><strong><em>portio</em></strong></span> <span class='ocrx_word' id='word_1_247' title='bbox 259 2956 391 3033; x_wconf 86' lang='lat' dir='ltr'><strong><em>aequalis</em></strong></span> <span class='ocrx_word' id='word_1_248' title='bbox 414 2966 459 3015; x_wconf 91' lang='lat' dir='ltr'><strong><em>est</em></strong></span> <span class='ocrx_word' id='word_1_249' title='bbox 481 2960 661 3034; x_wconf 85' lang='lat' dir='ltr'><strong><em>proportioni</em></strong></span> <span class='ocrx_word' id='word_1_250' title='bbox 676 2958 733 3017; x_wconf 92' lang='lat' dir='ltr'><strong><em>DA</em></strong></span> <span class='ocrx_word' id='word_1_251' title='bbox 749 2959 785 3018; x_wconf 90' lang='lat' dir='ltr'><strong><em>ad</em></strong></span> <span class='ocrx_word' id='word_1_252' title='bbox 803 2959 865 3033; x_wconf 92' lang='lat' dir='ltr'><strong><em>AB,</em></strong></span> <span class='ocrx_word' id='word_1_253' title='bbox 889 2962 959 3036; x_wconf 89' lang='lat' dir='ltr'><strong><em>quia</em></strong></span> <span class='ocrx_word' id='word_1_254' title='bbox 982 2960 1038 3019; x_wconf 93' lang='lat' dir='ltr'><strong><em>DA</em></strong></span> <span class='ocrx_word' id='word_1_255' title='bbox 1062 2970 1106 3020; x_wconf 90' lang='lat' dir='ltr'><strong><em>est</em></strong></span> <span class='ocrx_word' id='word_1_256' title='bbox 1130 2960 1257 3020; x_wconf 90' lang='lat' dir='ltr'><strong><em>medium</em></strong></span> <span class='ocrx_word' id='word_1_257' title='bbox 1279 2956 1504 3036; x_wconf 83' lang='lat' dir='ltr'><strong><em>proportionale</em></strong></span> 
     </span>
     <span class='ocr_line' id='line_1_31' title="bbox 139 3044 1504 3123; baseline 0.001 -20"><span class='ocrx_word' id='word_1_258' title='bbox 139 3047 214 3104; x_wconf 89' lang='lat' dir='ltr'><strong><em>inter</em></strong></span> <span class='ocrx_word' id='word_1_259' title='bbox 238 3044 289 3103; x_wconf 92' lang='lat' dir='ltr'><strong><em>BA</em></strong></span> <span class='ocrx_word' id='word_1_260' title='bbox 309 3053 338 3103; x_wconf 90' lang='lat' dir='ltr'><strong><em>et</em></strong></span> <span class='ocrx_word' id='word_1_261' title='bbox 355 3044 417 3117; x_wconf 82' lang='lat' dir='ltr'><strong><em>AF,</em></strong></span> <span class='ocrx_word' id='word_1_262' title='bbox 440 3046 482 3103; x_wconf 90' lang='lat' dir='ltr'><strong><em>sio</em></strong></span> <span class='ocrx_word' id='word_1_263' title='bbox 506 3047 592 3103; x_wconf 88' lang='lat' dir='ltr'><strong><em>etium</em></strong></span> <span class='ocrx_word' id='word_1_264' title='bbox 617 3045 704 3105; x_wconf 88' lang='lat' dir='ltr'><strong><em>medii</em></strong></span> <span class='ocrx_word' id='word_1_265' title='bbox 727 3049 895 3122; x_wconf 78' lang='lat' dir='ltr'><strong><em>geometrici</em></strong></span> <span class='ocrx_word' id='word_1_266' title='bbox 919 3049 994 3106; x_wconf 87' lang='lat' dir='ltr'><strong><em>inter</em></strong></span> <span class='ocrx_word' id='word_1_267' title='bbox 1016 3048 1067 3105; x_wconf 79' lang='lat' dir='ltr'><strong><em>BA</em></strong></span> <span class='ocrx_word' id='word_1_268' title='bbox 1084 3055 1113 3107; x_wconf 90' lang='lat' dir='ltr'><strong><em>et</em></strong></span> <span class='ocrx_word' id='word_1_269' title='bbox 1131 3047 1186 3106; x_wconf 91' lang='lat' dir='ltr'><strong><em>GA</em></strong></span> <span class='ocrx_word' id='word_1_270' title='bbox 1210 3047 1248 3107; x_wconf 91' lang='lat' dir='ltr'><strong><em>ad</em></strong></span> <span class='ocrx_word' id='word_1_271' title='bbox 1272 3047 1326 3106; x_wconf 92' lang='lat' dir='ltr'><strong><em>BA</em></strong></span> <span class='ocrx_word' id='word_1_272' title='bbox 1348 3046 1504 3123; x_wconf 86' lang='lat' dir='ltr'><strong><em>proportio</em></strong></span> 
     </span>
     <span class='ocr_line' id='line_1_32' title="bbox 140 3131 1505 3210; baseline -0.001 -18"><span class='ocrx_word' id='word_1_273' title='bbox 140 3133 274 3209; x_wconf 87' lang='lat' dir='ltr'><strong><em>aequalis</em></strong></span> <span class='ocrx_word' id='word_1_274' title='bbox 298 3140 343 3191; x_wconf 88' lang='lat' dir='ltr'><strong><em>est</em></strong></span> <span class='ocrx_word' id='word_1_275' title='bbox 364 3133 544 3208; x_wconf 89' lang='lat' dir='ltr'><strong><em>proportioni</em></strong></span> <span class='ocrx_word' id='word_1_276' title='bbox 568 3133 623 3190; x_wconf 92' lang='lat' dir='ltr'><strong><em>DA</em></strong></span> <span class='ocrx_word' id='word_1_277' title='bbox 647 3132 685 3193; x_wconf 91' lang='lat' dir='ltr'><strong><em>ad</em></strong></span> <span class='ocrx_word' id='word_1_278' title='bbox 708 3133 834 3194; x_wconf 88' lang='lat' dir='ltr'><strong><em>medium</em></strong></span> <span class='ocrx_word' id='word_1_279' title='bbox 858 3135 1065 3210; x_wconf 86' lang='lat' dir='ltr'><strong><em>geometricum</em></strong></span> <span class='ocrx_word' id='word_1_280' title='bbox 1090 3137 1164 3194; x_wconf 87' lang='lat' dir='ltr'><strong><em>inter</em></strong></span> <span class='ocrx_word' id='word_1_281' title='bbox 1181 3135 1236 3194; x_wconf 89' lang='lat' dir='ltr'><strong><em>DA</em></strong></span> <span class='ocrx_word' id='word_1_282' title='bbox 1254 3142 1283 3194; x_wconf 91' lang='lat' dir='ltr'><strong><em>et</em></strong></span> <span class='ocrx_word' id='word_1_283' title='bbox 1299 3132 1361 3192; x_wconf 92' lang='lat' dir='ltr'><strong><em>AB.</em></strong></span> <span class='ocrx_word' id='word_1_284' title='bbox 1402 3131 1505 3207; x_wconf 80' lang='lat' dir='ltr'><strong><em>Major</em></strong></span> 
     </span>
     <span class='ocr_line' id='line_1_33' title="bbox 141 3217 1504 3300; baseline 0.002 -24"><span class='ocrx_word' id='word_1_285' title='bbox 141 3221 229 3295; x_wconf 82' lang='lat' dir='ltr'><strong><em>igitur</em></strong></span> <span class='ocrx_word' id='word_1_286' title='bbox 258 3220 347 3278; x_wconf 85' lang='lat' dir='ltr'><strong><em>etium</em></strong></span> <span class='ocrx_word' id='word_1_287' title='bbox 370 3219 422 3278; x_wconf 75' lang='grc' dir='ltr'><strong><em>ΡΑ</em></strong></span> <span class='ocrx_word' id='word_1_288' title='bbox 445 3219 483 3278; x_wconf 85' lang='lat' dir='ltr'><strong><em>ad</em></strong></span> <span class='ocrx_word' id='word_1_289' title='bbox 508 3221 577 3294; x_wconf 91' lang='lat' dir='ltr'><strong><em>AD,</em></strong></span> <span class='ocrx_word' id='word_1_290' title='bbox 609 3221 704 3296; x_wconf 86' lang='lat' dir='ltr'><strong><em>major</em></strong></span> <span class='ocrx_word' id='word_1_291' title='bbox 731 3223 819 3281; x_wconf 85' lang='lat' dir='ltr'><strong><em>etism</em></strong></span> <span class='ocrx_word' id='word_1_292' title='bbox 850 3222 939 3281; x_wconf 85' lang='lat' dir='ltr'><strong><em>medii</em></strong></span> <span class='ocrx_word' id='word_1_293' title='bbox 966 3223 1193 3300; x_wconf 86' lang='lat' dir='ltr'><strong><em>proportionalis</em></strong></span> <span class='ocrx_word' id='word_1_294' title='bbox 1217 3225 1292 3282; x_wconf 89' lang='lat' dir='ltr'><strong><em>inter</em></strong></span> <span class='ocrx_word' id='word_1_295' title='bbox 1314 3220 1367 3279; x_wconf 77' lang='lat' dir='ltr'><strong><em>BA</em></strong></span> <span class='ocrx_word' id='word_1_296' title='bbox 1390 3228 1420 3280; x_wconf 92' lang='lat' dir='ltr'><strong><em>et</em></strong></span> <span class='ocrx_word' id='word_1_297' title='bbox 1446 3217 1504 3279; x_wconf 86' lang='lat' dir='ltr'><strong><em>AG</em></strong></span> 
     </span>
     <span class='ocr_line' id='line_1_34' title="bbox 140 3303 1503 3391; baseline 0 -24"><span class='ocrx_word' id='word_1_298' title='bbox 140 3306 179 3367; x_wconf 88' lang='lat' dir='ltr'><strong><em>ad</em></strong></span> <span class='ocrx_word' id='word_1_299' title='bbox 195 3306 260 3379; x_wconf 86' lang='lat' dir='ltr'><strong><em>AD,</em></strong></span> <span class='ocrx_word' id='word_1_300' title='bbox 283 3324 372 3383; x_wconf 87' lang='lat' dir='ltr'><strong><em>quem</em></strong></span> <span class='ocrx_word' id='word_1_301' title='bbox 395 3311 427 3386; x_wconf 68' lang='lat' dir='ltr'><strong><em>ily</em></strong></span> <span class='ocrx_word' id='word_1_302' title='bbox 442 3307 480 3366; x_wconf 89' lang='lat' dir='ltr'><strong><em>ad</em></strong></span> <span class='ocrx_word' id='word_1_303' title='bbox 494 3313 535 3388; x_wconf 71' lang='lat' dir='ltr'><strong><em>pi.</em></strong></span> <span class='ocrx_word' id='word_1_304' title='bbox 581 3306 630 3367; x_wconf 86' lang='lat' dir='ltr'><strong><em>Sio</em></strong></span> <span class='ocrx_word' id='word_1_305' title='bbox 654 3303 721 3390; x_wconf 91' lang='lat' dir='ltr'><strong><em>(per</em></strong></span> <span class='ocrx_word' id='word_1_306' title='bbox 743 3305 883 3391; x_wconf 89' lang='lat' dir='ltr'><strong><em>eandem)</em></strong></span> <span class='ocrx_word' id='word_1_307' title='bbox 907 3311 1000 3369; x_wconf 90' lang='lat' dir='ltr'><strong><em>minor</em></strong></span> <span class='ocrx_word' id='word_1_308' title='bbox 1023 3318 1068 3370; x_wconf 88' lang='lat' dir='ltr'><strong><em>est</em></strong></span> <span class='ocrx_word' id='word_1_309' title='bbox 1091 3310 1147 3367; x_wconf 92' lang='lat' dir='ltr'><strong><em>DA</em></strong></span> <span class='ocrx_word' id='word_1_310' title='bbox 1162 3308 1200 3369; x_wconf 91' lang='lat' dir='ltr'><strong><em>ad</em></strong></span> <span class='ocrx_word' id='word_1_311' title='bbox 1217 3309 1268 3368; x_wconf 89' lang='lat' dir='ltr'><strong><em>AC</em></strong></span> <span class='ocrx_word' id='word_1_312' title='bbox 1292 3314 1322 3368; x_wconf 91' lang='lat' dir='ltr'><strong><em>et</em></strong></span> <span class='ocrx_word' id='word_1_313' title='bbox 1344 3311 1387 3367; x_wconf 90' lang='lat' dir='ltr'><strong><em>sie</em></strong></span> <span class='ocrx_word' id='word_1_314' title='bbox 1412 3310 1503 3368; x_wconf 88' lang='lat' dir='ltr'><strong><em>etiam</em></strong></span> 
     </span>
    </p>
   </div>
   <div class='ocr_carea' id='block_1_7' title="bbox 138 3392 1502 4099">
    <p class='ocr_par' dir='ltr' id='par_1_21' title="bbox 140 3392 629 3473">
     <span class='ocr_line' id='line_1_35' title="bbox 140 3392 629 3473; baseline 0.002 -19"><span class='ocrx_word' id='word_1_315' title='bbox 140 3392 197 3455; x_wconf 83' lang='lat' dir='ltr'><strong><em>GA</em></strong></span> <span class='ocrx_word' id='word_1_316' title='bbox 219 3394 258 3454; x_wconf 83' lang='lat' dir='ltr'><strong><em>sd</em></strong></span> <span class='ocrx_word' id='word_1_317' title='bbox 281 3395 336 3452; x_wconf 90' lang='lat' dir='ltr'><strong><em>AD</em></strong></span> <span class='ocrx_word' id='word_1_318' title='bbox 361 3411 449 3470; x_wconf 87' lang='lat' dir='ltr'><strong><em>quum</em></strong></span> <span class='ocrx_word' id='word_1_319' title='bbox 471 3397 505 3473; x_wconf 74' lang='grc' dir='ltr'><strong><em>βγ</em></strong></span> <span class='ocrx_word' id='word_1_320' title='bbox 526 3395 563 3454; x_wconf 90' lang='lat' dir='ltr'><strong><em>ad</em></strong></span> <span class='ocrx_word' id='word_1_321' title='bbox 588 3401 629 3472; x_wconf 77' lang='lat' dir='ltr'><strong><em>yd.</em></strong></span> 
     </span>
    </p>

    <p class='ocr_par' dir='ltr' id='par_1_22' title="bbox 139 3475 1501 3628">
     <span class='ocr_line' id='line_1_36' title="bbox 245 3475 1501 3546; baseline -0.001 -15"><span class='ocrx_word' id='word_1_322' title='bbox 245 3476 483 3531; x_wconf 74' lang='lat' dir='ltr'><strong><em>corollarium</em></strong></span> <span class='ocrx_word' id='word_1_323' title='bbox 500 3477 522 3532; x_wconf 91' lang='lat' dir='ltr'><strong><em>I.</em></strong></span> <span class='ocrx_word' id='word_1_324' title='bbox 558 3478 633 3532; x_wconf 90' lang='lat' dir='ltr'><strong><em>Idem</em></strong></span> <span class='ocrx_word' id='word_1_325' title='bbox 659 3477 764 3530; x_wconf 90' lang='lat' dir='ltr'><strong><em>obtinet</em></strong></span> <span class='ocrx_word' id='word_1_326' title='bbox 782 3478 955 3546; x_wconf 86' lang='lat' dir='ltr'><strong><em>etiamtunc,</em></strong></span> <span class='ocrx_word' id='word_1_327' title='bbox 975 3480 998 3534; x_wconf 89' lang='lat' dir='ltr'><strong><em>si</em></strong></span> <span class='ocrx_word' id='word_1_328' title='bbox 1017 3480 1070 3535; x_wconf 89' lang='lat' dir='ltr'><strong><em>duo</em></strong></span> <span class='ocrx_word' id='word_1_329' title='bbox 1088 3479 1196 3534; x_wconf 90' lang='lat' dir='ltr'><strong><em>termini</em></strong></span> <span class='ocrx_word' id='word_1_330' title='bbox 1215 3477 1345 3533; x_wconf 83' lang='lat' dir='ltr'><strong><em>differunt</em></strong></span> <span class='ocrx_word' id='word_1_331' title='bbox 1362 3493 1419 3532; x_wconf 92' lang='lat' dir='ltr'><strong><em>non</em></strong></span> <span class='ocrx_word' id='word_1_332' title='bbox 1438 3475 1501 3531; x_wconf 80' lang='lat' dir='ltr'><strong><em>sols</em></strong></span> 
     </span>
     <span class='ocr_line' id='line_1_37' title="bbox 139 3553 1500 3628; baseline -0.001 -16"><span class='ocrx_word' id='word_1_333' title='bbox 139 3557 243 3612; x_wconf 87' lang='lat' dir='ltr'><strong><em>unitate</em></strong></span> <span class='ocrx_word' id='word_1_334' title='bbox 262 3553 389 3610; x_wconf 86' lang='lat' dir='ltr'><strong><em>elementi</em></strong></span> <span class='ocrx_word' id='word_1_335' title='bbox 407 3555 517 3623; x_wconf 71' lang='lat' dir='ltr'><strong><em>minimi,</em></strong></span> <span class='ocrx_word' id='word_1_336' title='bbox 536 3557 583 3611; x_wconf 86' lang='lat' dir='ltr'><strong><em>sed</em></strong></span> <span class='ocrx_word' id='word_1_337' title='bbox 603 3557 658 3610; x_wconf 86' lang='lat' dir='ltr'><strong><em>aliu</em></strong></span> <span class='ocrx_word' id='word_1_338' title='bbox 676 3556 790 3623; x_wconf 87' lang='lat' dir='ltr'><strong><em>unitate,</em></strong></span> <span class='ocrx_word' id='word_1_339' title='bbox 809 3574 880 3625; x_wconf 86' lang='lat' dir='ltr'><strong><em>quae</em></strong></span> <span class='ocrx_word' id='word_1_340' title='bbox 899 3560 934 3613; x_wconf 89' lang='lat' dir='ltr'><strong><em>sit</em></strong></span> <span class='ocrx_word' id='word_1_341' title='bbox 946 3559 1020 3614; x_wconf 89' lang='lat' dir='ltr'><strong><em>illius</em></strong></span> <span class='ocrx_word' id='word_1_342' title='bbox 1032 3558 1157 3628; x_wconf 88' lang='lat' dir='ltr'><strong><em>decupla,</em></strong></span> <span class='ocrx_word' id='word_1_343' title='bbox 1177 3556 1314 3627; x_wconf 85' lang='lat' dir='ltr'><strong><em>centupla,</em></strong></span> <span class='ocrx_word' id='word_1_344' title='bbox 1332 3554 1500 3624; x_wconf 75' lang='lat' dir='ltr'><strong><em>millecupla</em></strong></span> 
     </span>
    </p>

    <p class='ocr_par' dir='ltr' id='par_1_23' title="bbox 138 3632 1502 3942">
     <span class='ocr_line' id='line_1_38' title="bbox 244 3632 1502 3708; baseline 0.001 -21"><span class='ocrx_word' id='word_1_345' title='bbox 244 3633 468 3689; x_wconf 86' lang='lat' dir='ltr'><strong><em>Corollarium</em></strong></span> <span class='ocrx_word' id='word_1_346' title='bbox 486 3636 519 3689; x_wconf 91' lang='grc' dir='ltr'><strong><em>ΙΙ.</em></strong></span> <span class='ocrx_word' id='word_1_347' title='bbox 558 3636 628 3691; x_wconf 86' lang='lat' dir='ltr'><strong><em>Hine</em></strong></span> <span class='ocrx_word' id='word_1_348' title='bbox 647 3635 814 3691; x_wconf 70' lang='lat' dir='ltr'><strong><em>differentiae</em></strong></span> <span class='ocrx_word' id='word_1_349' title='bbox 833 3639 1011 3708; x_wconf 88' lang='lat' dir='ltr'><strong><em>satisjnstae‚</em></strong></span> <span class='ocrx_word' id='word_1_350' title='bbox 1031 3636 1191 3706; x_wconf 86' lang='lat' dir='ltr'><strong><em>praesertim</em></strong></span> <span class='ocrx_word' id='word_1_351' title='bbox 1204 3634 1251 3690; x_wconf 92' lang='lat' dir='ltr'><strong><em>ubi</em></strong></span> <span class='ocrx_word' id='word_1_352' title='bbox 1262 3634 1382 3689; x_wconf 89' lang='lat' dir='ltr'><strong><em>absoluti</em></strong></span> <span class='ocrx_word' id='word_1_353' title='bbox 1395 3632 1502 3689; x_wconf 84' lang='lat' dir='ltr'><strong><em>numeri</em></strong></span> 
     </span>
     <span class='ocr_line' id='line_1_39' title="bbox 140 3711 1501 3783; baseline 0.001 -18"><span class='ocrx_word' id='word_1_354' title='bbox 140 3711 207 3767; x_wconf 85' lang='lat' dir='ltr'><strong><em>sutis</em></strong></span> <span class='ocrx_word' id='word_1_355' title='bbox 225 3712 314 3779; x_wconf 80' lang='lat' dir='ltr'><strong><em>magni</em></strong></span> <span class='ocrx_word' id='word_1_356' title='bbox 334 3720 406 3779; x_wconf 88' lang='lat' dir='ltr'><strong><em>sunt,</em></strong></span> <span class='ocrx_word' id='word_1_357' title='bbox 425 3714 527 3768; x_wconf 87' lang='lat' dir='ltr'><strong><em>exstrui</em></strong></span> <span class='ocrx_word' id='word_1_358' title='bbox 547 3722 671 3783; x_wconf 84' lang='lat' dir='ltr'><strong><em>possunt,</em></strong></span> <span class='ocrx_word' id='word_1_359' title='bbox 691 3722 781 3769; x_wconf 87' lang='lat' dir='ltr'><strong><em>sumto</em></strong></span> <span class='ocrx_word' id='word_1_360' title='bbox 799 3716 888 3770; x_wconf 86' lang='lat' dir='ltr'><strong><em>medio</em></strong></span> <span class='ocrx_word' id='word_1_361' title='bbox 907 3715 1079 3771; x_wconf 87' lang='lat' dir='ltr'><strong><em>arithmetico</em></strong></span> <span class='ocrx_word' id='word_1_362' title='bbox 1097 3716 1168 3770; x_wconf 86' lang='lat' dir='ltr'><strong><em>inter</em></strong></span> <span class='ocrx_word' id='word_1_363' title='bbox 1180 3715 1249 3769; x_wconf 87' lang='lat' dir='ltr'><strong><em>duos</em></strong></span> <span class='ocrx_word' id='word_1_364' title='bbox 1262 3720 1388 3767; x_wconf 84' lang='lat' dir='ltr'><strong><em>secantes</em></strong></span> <span class='ocrx_word' id='word_1_365' title='bbox 1401 3726 1501 3783; x_wconf 85' lang='lat' dir='ltr'><strong><em>parvos</em></strong></span> 
     </span>
     <span class='ocr_line' id='line_1_40' title="bbox 139 3788 1500 3864; baseline 0.001 -20"><span class='ocrx_word' id='word_1_366' title='bbox 139 3788 182 3844; x_wconf 85' lang='lat' dir='ltr'><strong><em>rel</em></strong></span> <span class='ocrx_word' id='word_1_367' title='bbox 212 3790 293 3844; x_wconf 88' lang='lat' dir='ltr'><strong><em>etiem</em></strong></span> <span class='ocrx_word' id='word_1_368' title='bbox 320 3790 352 3857; x_wconf 84' lang='lat' dir='ltr'><strong><em>(si</em></strong></span> <span class='ocrx_word' id='word_1_369' title='bbox 376 3791 467 3859; x_wconf 83' lang='lat' dir='ltr'><strong><em>placet</em></strong></span> <span class='ocrx_word' id='word_1_370' title='bbox 489 3794 575 3863; x_wconf 79' lang='lat' dir='ltr'><strong><em>labor)</em></strong></span> <span class='ocrx_word' id='word_1_371' title='bbox 606 3793 694 3849; x_wconf 90' lang='lat' dir='ltr'><strong><em>medio</em></strong></span> <span class='ocrx_word' id='word_1_372' title='bbox 726 3795 889 3864; x_wconf 81' lang='lat' dir='ltr'><strong><em>geometrico</em></strong></span> <span class='ocrx_word' id='word_1_373' title='bbox 914 3796 986 3850; x_wconf 89' lang='lat' dir='ltr'><strong><em>inter</em></strong></span> <span class='ocrx_word' id='word_1_374' title='bbox 1012 3803 1137 3851; x_wconf 85' lang='lat' dir='ltr'><strong><em>secantes</em></strong></span> <span class='ocrx_word' id='word_1_375' title='bbox 1165 3795 1282 3862; x_wconf 74' lang='lat' dir='ltr'><strong><em>majores</em></strong></span> <span class='ocrx_word' id='word_1_376' title='bbox 1308 3806 1399 3860; x_wconf 84' lang='lat' dir='ltr'><strong><em>exque</em></strong></span> <span class='ocrx_word' id='word_1_377' title='bbox 1425 3788 1500 3846; x_wconf 78' lang='lat' dir='ltr'><strong><em>dide·</em></strong></span> 
     </span>
     <span class='ocr_line' id='line_1_41' title="bbox 138 3868 861 3942; baseline 0.001 -18"><span class='ocrx_word' id='word_1_378' title='bbox 138 3868 233 3924; x_wconf 88' lang='lat' dir='ltr'><strong><em>rentiis</em></strong></span> <span class='ocrx_word' id='word_1_379' title='bbox 252 3870 380 3924; x_wconf 82' lang='lat' dir='ltr'><strong><em>continue</em></strong></span> <span class='ocrx_word' id='word_1_380' title='bbox 398 3871 497 3926; x_wconf 89' lang='lat' dir='ltr'><strong><em>additis</em></strong></span> <span class='ocrx_word' id='word_1_381' title='bbox 516 3872 681 3928; x_wconf 79' lang='lat' dir='ltr'><strong><em>accumulari</em></strong></span> <span class='ocrx_word' id='word_1_382' title='bbox 700 3872 861 3942; x_wconf 82' lang='lat' dir='ltr'><strong><em>legarithmi.</em></strong></span> 
     </span>
    </p>

    <p class='ocr_par' dir='ltr' id='par_1_24' title="bbox 139 3947 1498 4099">
     <span class='ocr_line' id='line_1_42' title="bbox 246 3947 1498 4019; baseline 0 -18"><span class='ocrx_word' id='word_1_383' title='bbox 246 3947 535 4004; x_wconf 79' lang='lat' dir='ltr'><strong><em>CorollariumIlI.</em></strong></span> <span class='ocrx_word' id='word_1_384' title='bbox 572 3951 806 4018; x_wconf 85' lang='lat' dir='ltr'><strong><em>Praeceptum.</em></strong></span> <span class='ocrx_word' id='word_1_385' title='bbox 844 3952 939 4006; x_wconf 83' lang='lat' dir='ltr'><strong><em>Diride</em></strong></span> <span class='ocrx_word' id='word_1_386' title='bbox 967 3952 1055 4006; x_wconf 90' lang='lat' dir='ltr'><strong><em>sinum</em></strong></span> <span class='ocrx_word' id='word_1_387' title='bbox 1081 3957 1167 4006; x_wconf 90' lang='lat' dir='ltr'><strong><em>totum</em></strong></span> <span class='ocrx_word' id='word_1_388' title='bbox 1195 3966 1245 4019; x_wconf 89' lang='grc' dir='ltr'><strong><em>ρετ</em></strong></span> <span class='ocrx_word' id='word_1_389' title='bbox 1268 3954 1415 4016; x_wconf 88' lang='lat' dir='ltr'><strong><em>utrumque</em></strong></span> <span class='ocrx_word' id='word_1_390' title='bbox 1439 3963 1498 4015; x_wconf 87' lang='lat' dir='ltr'><strong><em>pro·</em></strong></span> 
     </span>
     <span class='ocr_line' id='line_1_43' title="bbox 139 4026 1498 4099; baseline -0.001 -17"><span class='ocrx_word' id='word_1_391' title='bbox 139 4026 273 4098; x_wconf 89' lang='lat' dir='ltr'><strong><em>portionis</em></strong></span> <span class='ocrx_word' id='word_1_392' title='bbox 291 4035 436 4097; x_wconf 88' lang='lat' dir='ltr'><strong><em>susceptae</em></strong></span> <span class='ocrx_word' id='word_1_393' title='bbox 453 4029 613 4098; x_wconf 89' lang='lat' dir='ltr'><strong><em>terminum,</em></strong></span> <span class='ocrx_word' id='word_1_394' title='bbox 642 4030 790 4097; x_wconf 87' lang='lat' dir='ltr'><strong><em>quotientis</em></strong></span> <span class='ocrx_word' id='word_1_395' title='bbox 815 4031 958 4099; x_wconf 89' lang='lat' dir='ltr'><strong><em>utriusque</em></strong></span> <span class='ocrx_word' id='word_1_396' title='bbox 976 4029 1094 4084; x_wconf 89' lang='lat' dir='ltr'><strong><em>medium</em></strong></span> <span class='ocrx_word' id='word_1_397' title='bbox 1112 4028 1312 4084; x_wconf 75' lang='lat' dir='ltr'><strong><em>arithmeticum</em></strong></span> <span class='ocrx_word' id='word_1_398' title='bbox 1331 4034 1373 4083; x_wconf 88' lang='lat' dir='ltr'><strong><em>est</em></strong></span> <span class='ocrx_word' id='word_1_399' title='bbox 1390 4026 1498 4097; x_wconf 86' lang='lat' dir='ltr'><strong><em>quaesi·</em></strong></span> 
     </span>
    </p>
   </div>
   <div class='ocr_carea' id='block_1_8' title="bbox 52 4105 1498 4178">
    <p class='ocr_par' dir='ltr' id='par_1_25' title="bbox 52 4105 1498 4178">
     <span class='ocr_line' id='line_1_44' title="bbox 52 4105 1498 4178; baseline -0.001 -17"><span class='ocrx_word' id='word_1_400' title='bbox 52 4116 56 4123; x_wconf 64' lang='lat'><em>⁴</em></span> <span class='ocrx_word' id='word_1_401' title='bbox 139 4115 197 4161; x_wconf 89' lang='lat' dir='ltr'><strong><em>tum</em></strong></span> <span class='ocrx_word' id='word_1_402' title='bbox 214 4105 424 4173; x_wconf 69' lang='lat' dir='ltr'><strong><em>incrementum</em></strong></span> <span class='ocrx_word' id='word_1_403' title='bbox 447 4107 500 4162; x_wconf 90' lang='lat' dir='ltr'><strong><em>hoe</em></strong></span> <span class='ocrx_word' id='word_1_404' title='bbox 519 4106 588 4162; x_wconf 89' lang='lat' dir='ltr'><strong><em>adde</em></strong></span> <span class='ocrx_word' id='word_1_405' title='bbox 606 4107 640 4162; x_wconf 90' lang='lat' dir='ltr'><strong><em>ad</em></strong></span> <span class='ocrx_word' id='word_1_406' title='bbox 660 4107 851 4177; x_wconf 82' lang='lat' dir='ltr'><strong><em>logarithmum</em></strong></span> <span class='ocrx_word' id='word_1_407' title='bbox 869 4109 978 4163; x_wconf 88' lang='lat' dir='ltr'><strong><em>termini</em></strong></span> <span class='ocrx_word' id='word_1_408' title='bbox 995 4108 1119 4177; x_wconf 79' lang='lat' dir='ltr'><strong><em>majoris,</em></strong></span> <span class='ocrx_word' id='word_1_409' title='bbox 1138 4108 1229 4177; x_wconf 89' lang='lat' dir='ltr'><strong><em>prodit</em></strong></span> <span class='ocrx_word' id='word_1_410' title='bbox 1247 4107 1429 4178; x_wconf 78' lang='lat' dir='ltr'><strong><em>logorithmns</em></strong></span> <span class='ocrx_word' id='word_1_411' title='bbox 1446 4112 1498 4159; x_wconf 86' lang='lat' dir='ltr'><strong><em>ter·</em></strong></span> 
     </span>
    </p>
   </div>
   <div class='ocr_carea' id='block_1_9' title="bbox 138 4183 1499 4570">
    <p class='ocr_par' dir='ltr' id='par_1_26' title="bbox 139 4183 341 4241">
     <span class='ocr_line' id='line_1_45' title="bbox 139 4183 341 4241; baseline -0.015 0"><span class='ocrx_word' id='word_1_412' title='bbox 139 4186 204 4241; x_wconf 90' lang='lat' dir='ltr'><strong><em>mini</em></strong></span> <span class='ocrx_word' id='word_1_413' title='bbox 221 4183 341 4239; x_wconf 89' lang='lat' dir='ltr'><strong><em>minoris.</em></strong></span> 
     </span>
    </p>

    <p class='ocr_par' dir='ltr' id='par_1_27' title="bbox 138 4263 1499 4570">
     <span class='ocr_line' id='line_1_46' title="bbox 243 4263 1498 4337; baseline 0 -19"><span class='ocrx_word' id='word_1_414' title='bbox 243 4264 447 4333; x_wconf 83' lang='lat' dir='ltr'><strong><em>Exemplum.</em></strong></span> <span class='ocrx_word' id='word_1_415' title='bbox 484 4265 571 4320; x_wconf 89' lang='lat' dir='ltr'><strong><em>Datus</em></strong></span> <span class='ocrx_word' id='word_1_416' title='bbox 590 4274 649 4321; x_wconf 88' lang='lat' dir='ltr'><strong><em>esto</em></strong></span> <span class='ocrx_word' id='word_1_417' title='bbox 668 4266 847 4337; x_wconf 71' lang='lat' dir='ltr'><strong><em>logatithmus</em></strong></span> <span class='ocrx_word' id='word_1_418' title='bbox 866 4269 900 4323; x_wconf 89' lang='lat' dir='ltr'><strong><em>ad</em></strong></span> <span class='ocrx_word' id='word_1_419' title='bbox 919 4268 978 4335; x_wconf 76' lang='grc'><strong><em>700,</em></strong></span> <span class='ocrx_word' id='word_1_420' title='bbox 998 4283 1035 4320; x_wconf 87' lang='lat' dir='ltr'><strong><em>sc.</em></strong></span> <span class='ocrx_word' id='word_1_421' title='bbox 1055 4265 1247 4329; x_wconf 65' lang='lat' dir='ltr'><strong><em>intimidi,</em></strong></span> <span class='ocrx_word' id='word_1_422' title='bbox 1267 4263 1408 4334; x_wconf 77' lang='lat' dir='ltr'><strong><em>quaeritur</em></strong></span> <span class='ocrx_word' id='word_1_423' title='bbox 1425 4263 1498 4334; x_wconf 77' lang='lat' dir='ltr'><strong><em>loga·</em></strong></span> 
     </span>
     <span class='ocr_line' id='line_1_47' title="bbox 138 4342 1497 4415; baseline -0.001 -14"><span class='ocrx_word' id='word_1_424' title='bbox 138 4345 255 4401; x_wconf 88' lang='lat' dir='ltr'><strong><em>rithmus</em></strong></span> <span class='ocrx_word' id='word_1_425' title='bbox 275 4343 309 4399; x_wconf 86' lang='lat' dir='ltr'><strong><em>ed</em></strong></span> <span class='ocrx_word' id='word_1_426' title='bbox 327 4343 388 4399; x_wconf 87' lang='grc'><strong><em>699.</em></strong></span> <span class='ocrx_word' id='word_1_427' title='bbox 419 4343 516 4399; x_wconf 86' lang='lat' dir='ltr'><strong><em>Diride</em></strong></span> <span class='ocrx_word' id='word_1_428' title='bbox 535 4359 598 4414; x_wconf 80' lang='lat' dir='ltr'><strong><em>ergo</em></strong></span> <span class='ocrx_word' id='word_1_429' title='bbox 618 4344 721 4401; x_wconf 86' lang='lat' dir='ltr'><strong><em>redium</em></strong></span> <span class='ocrx_word' id='word_1_430' title='bbox 741 4361 791 4414; x_wconf 89' lang='grc' dir='ltr'><strong><em>ρετ</em></strong></span> <span class='ocrx_word' id='word_1_431' title='bbox 809 4346 870 4415; x_wconf 85' lang='grc'><strong><em>700,</em></strong></span> <span class='ocrx_word' id='word_1_432' title='bbox 888 4345 981 4414; x_wconf 88' lang='lat' dir='ltr'><strong><em>prodit</em></strong></span> <span class='ocrx_word' id='word_1_433' title='bbox 1000 4342 1462 4400; x_wconf 68' lang='lat'><strong>142857142857142857142857..</strong></span> <span class='ocrx_word' id='word_1_434' title='bbox 1476 4361 1497 4410; x_wconf 89' lang='lat'><strong><em>.;</em></strong></span> 
     </span>
     <span class='ocr_line' id='line_1_48' title="bbox 140 4419 1499 4492; baseline -0.003 -13"><span class='ocrx_word' id='word_1_435' title='bbox 140 4423 229 4479; x_wconf 79' lang='lat' dir='ltr'><strong><em>divide</em></strong></span> <span class='ocrx_word' id='word_1_436' title='bbox 256 4423 336 4478; x_wconf 86' lang='lat' dir='ltr'><strong><em>etiem</em></strong></span> <span class='ocrx_word' id='word_1_437' title='bbox 365 4437 414 4490; x_wconf 86' lang='lat' dir='ltr'><strong><em>per</em></strong></span> <span class='ocrx_word' id='word_1_438' title='bbox 431 4421 495 4492; x_wconf 84' lang='grc'><strong><em>699,</em></strong></span> <span class='ocrx_word' id='word_1_439' title='bbox 521 4422 613 4491; x_wconf 88' lang='lat' dir='ltr'><strong><em>prodit</em></strong></span> <span class='ocrx_word' id='word_1_440' title='bbox 633 4424 752 4480; x_wconf 75' lang='grc'><strong><em>1630672</em></strong></span> <span class='ocrx_word' id='word_1_441' title='bbox 766 4465 772 4479; x_wconf 93' lang='grc'><strong>.</strong></span> <span class='ocrx_word' id='word_1_442' title='bbox 788 4463 816 4478; x_wconf 91' lang='grc'><strong><em>..</em></strong></span> <span class='ocrx_word' id='word_1_443' title='bbox 851 4422 972 4478; x_wconf 88' lang='lat' dir='ltr'><strong><em>Medium</em></strong></span> <span class='ocrx_word' id='word_1_444' title='bbox 991 4421 1191 4478; x_wconf 87' lang='lat' dir='ltr'><strong><em>arithmeticum</em></strong></span> <span class='ocrx_word' id='word_1_445' title='bbox 1209 4428 1251 4477; x_wconf 90' lang='lat' dir='ltr'><strong><em>est</em></strong></span> <span class='ocrx_word' id='word_1_446' title='bbox 1268 4419 1401 4488; x_wconf 70' lang='lat'><strong><em>1429523</em></strong></span> <span class='ocrx_word' id='word_1_447' title='bbox 1430 4419 1499 4475; x_wconf 84' lang='lat' dir='ltr'><strong><em>adde</em></strong></span> 
     </span>
     <span class='ocr_line' id='line_1_49' title="bbox 139 4500 1148 4570; baseline 0.001 -15"><span class='ocrx_word' id='word_1_448' title='bbox 139 4500 193 4557; x_wconf 86' lang='lat' dir='ltr'><strong><em>hoo</em></strong></span> <span class='ocrx_word' id='word_1_449' title='bbox 210 4505 244 4557; x_wconf 82' lang='lat' dir='ltr'><strong><em>sd</em></strong></span> <span class='ocrx_word' id='word_1_450' title='bbox 262 4502 348 4557; x_wconf 79' lang='grc'><strong><em>35667</em></strong></span> <span class='ocrx_word' id='word_1_451' title='bbox 359 4500 453 4570; x_wconf 62' lang='lat' dir='ltr'><strong><em>Aaou,</em></strong></span> <span class='ocrx_word' id='word_1_452' title='bbox 474 4500 565 4570; x_wconf 86' lang='lat' dir='ltr'><strong><em>prodit</em></strong></span> <span class='ocrx_word' id='word_1_453' title='bbox 581 4500 761 4570; x_wconf 78' lang='lat' dir='ltr'><strong><em>logarithmus</em></strong></span> <span class='ocrx_word' id='word_1_454' title='bbox 782 4502 817 4558; x_wconf 87' lang='lat' dir='ltr'><strong><em>ad</em></strong></span> <span class='ocrx_word' id='word_1_455' title='bbox 836 4503 900 4558; x_wconf 74' lang='lat'>699:</span> <span class='ocrx_word' id='word_1_456' title='bbox 921 4501 1148 4569; x_wconf 74' lang='lat'><strong>35810.4568.*)</strong></span> 
     </span>
    </p>
   </div>
   <div class='ocr_carea' id='block_1_10' title="bbox 139 4643 400 4656">
    <p class='ocr_par' dir='ltr' id='par_1_28' title="bbox 139 4643 400 4656">
     <span class='ocr_line' id='line_1_50' title="bbox 139 4643 400 4656; baseline -0.004 0"><span class='ocrx_word' id='word_1_457' title='bbox 139 4643 400 4656; x_wconf 71' lang='lat' dir='ltr'><strong>——u———-</strong></span> 
     </span>
    </p>
   </div>
   <div class='ocr_carea' id='block_1_11' title="bbox 141 4729 1496 4869">
    <p class='ocr_par' dir='ltr' id='par_1_29' title="bbox 141 4729 1496 4869">
     <span class='ocr_line' id='line_1_51' title="bbox 245 4729 1496 4799; baseline -0.001 -17"><span class='ocrx_word' id='word_1_458' title='bbox 245 4729 273 4799; x_wconf 74' lang='lat'><strong><em>*)</em></strong></span> <span class='ocrx_word' id='word_1_459' title='bbox 291 4734 398 4798; x_wconf 87' lang='lat' dir='ltr'><strong><em>Propius</em></strong></span> <span class='ocrx_word' id='word_1_460' title='bbox 417 4737 442 4782; x_wconf 86' lang='lat' dir='ltr'><strong><em>et</em></strong></span> <span class='ocrx_word' id='word_1_461' title='bbox 460 4733 561 4781; x_wconf 88' lang='lat' dir='ltr'><strong><em>omnino</em></strong></span> <span class='ocrx_word' id='word_1_462' title='bbox 579 4733 723 4796; x_wconf 83' lang='lat' dir='ltr'><strong><em>proximum</em></strong></span> <span class='ocrx_word' id='word_1_463' title='bbox 740 4747 798 4782; x_wconf 84' lang='lat' dir='ltr'><strong><em>rere</em></strong></span> <span class='ocrx_word' id='word_1_464' title='bbox 818 4738 855 4782; x_wconf 87' lang='lat' dir='ltr'><strong><em>ost</em></strong></span> <span class='ocrx_word' id='word_1_465' title='bbox 873 4733 982 4782; x_wconf 87' lang='lat' dir='ltr'><strong><em>medinm</em></strong></span> <span class='ocrx_word' id='word_1_466' title='bbox 998 4734 1191 4797; x_wconf 79' lang='lat' dir='ltr'><strong><em>geometricum,</em></strong></span> <span class='ocrx_word' id='word_1_467' title='bbox 1217 4736 1244 4780; x_wconf 77' lang='lat' dir='ltr'><strong><em>at</em></strong></span> <span class='ocrx_word' id='word_1_468' title='bbox 1260 4743 1313 4780; x_wconf 91' lang='lat' dir='ltr'><strong><em>nou</em></strong></span> <span class='ocrx_word' id='word_1_469' title='bbox 1332 4736 1370 4780; x_wconf 82' lang='lat' dir='ltr'><strong><em>est</em></strong></span> <span class='ocrx_word' id='word_1_470' title='bbox 1386 4734 1496 4796; x_wconf 82' lang='lat' dir='ltr'><strong><em>pretinm</em></strong></span> 
     </span>
     <span class='ocr_line' id='line_1_52' title="bbox 141 4801 1478 4869; baseline -0.001 -16"><span class='ocrx_word' id='word_1_471' title='bbox 141 4814 232 4869; x_wconf 77' lang='lat' dir='ltr'><strong><em>operta</em></strong></span> <span class='ocrx_word' id='word_1_472' title='bbox 249 4808 303 4853; x_wconf 82' lang='lat' dir='ltr'><strong><em>tsm</em></strong></span> <span class='ocrx_word' id='word_1_473' title='bbox 321 4817 449 4869; x_wconf 82' lang='lat' dir='ltr'><strong><em>operosas,</em></strong></span> <span class='ocrx_word' id='word_1_474' title='bbox 465 4803 568 4869; x_wconf 79' lang='lat' dir='ltr'><strong><em>quando</em></strong></span> <span class='ocrx_word' id='word_1_475' title='bbox 586 4817 651 4853; x_wconf 84' lang='lat' dir='ltr'><strong><em>unus</em></strong></span> <span class='ocrx_word' id='word_1_476' title='bbox 670 4801 739 4853; x_wconf 84' lang='lat' dir='ltr'><strong><em>solur</em></strong></span> <span class='ocrx_word' id='word_1_477' title='bbox 756 4804 797 4853; x_wconf 86' lang='lat' dir='ltr'><strong><em>ral</em></strong></span> <span class='ocrx_word' id='word_1_478' title='bbox 815 4802 878 4854; x_wconf 65' lang='lat' dir='ltr'><strong><em>ultor</em></strong></span> <span class='ocrx_word' id='word_1_479' title='bbox 896 4802 1062 4869; x_wconf 74' lang='lat' dir='ltr'><strong><em>logsritlrmue</em></strong></span> <span class='ocrx_word' id='word_1_480' title='bbox 1080 4809 1119 4854; x_wconf 84' lang='lat' dir='ltr'><strong><em>ast</em></strong></span> <span class='ocrx_word' id='word_1_481' title='bbox 1135 4801 1335 4854; x_wconf 70' lang='lat' dir='ltr'><strong><em>consumendus.</em></strong></span> <span class='ocrx_word' id='word_1_482' title='bbox 1476 4801 1478 4805; x_wconf 73' lang='grc'>’</span> 
     </span>
    </p>
   </div>
   <div class='ocr_carea' id='block_1_12' title="bbox 0 0 1646 5520">
    <p class='ocr_par' dir='ltr' id='par_1_30' title="bbox 0 0 1646 5520">
     <span class='ocr_line' id='line_1_53' title="bbox 0 0 1646 5520; baseline 0 0"><span class='ocrx_word' id='word_1_483' title='bbox 0 0 1646 5520; x_wconf 95' lang='lat' dir='ltr'><strong><em> </em></strong></span> 
     </span>
    </p>
   </div>
  </div>
 </body>
</html>
