3284 5520
138 332 201 399 «55¹2
592 331 636 385 Ea
655 324 884 399 Ephemcritlibus
903 326 1025 395 lleplen'.

142 511 250 568 tertiari
276 508 459 583 colligamus.
498 508 583 568 lianc
606 508 852 567 circumstantiam
867 504 944 566 adde
959 507 1073 578 ceteris,
1096 522 1170 581 quas
1185 504 1263 585 Epit.
1279 504 1346 565 Ast.
1363 501 1430 563 Lib.
1446 502 1496 563 tv.

142 616 169 673 p.
196 602 267 657 ott.
300 614 379 655 num.
405 605 432 654 4.
458 600 520 665 istst,
540 604 585 654 vt.
605 619 631 667 p.
652 600 717 667 343)
748 596 938 666 coacervavi,
971 602 1095 653 etnam
1126 594 1193 667 quis
1224 599 1316 652 restet
1344 590 1497 669 scrupulus

141 683 260 761 dispice,
285 701 344 758 quo
368 687 463 741 miuus
487 683 585 742 thema
608 686 716 757 ipsum,
741 680 841 741 Solem
863 698 921 739 esre
941 682 1057 757 sontem
1080 686 1179 738 motas
1196 680 1418 755 planetarum,
1445 696 1495 755 pre

143 774 304 830 certissimo
335 780 529 847 acceptemus.
576 768 661 855 qud
693 771 780 845 igitur
811 768 862 828 lib.
886 768 955 826 VII.
988 785 1057 845 pag.
1083 773 1145 826 914
1169 773 1201 839 tl.
1224 788 1246 827 c.
1265 789 1293 839 p.
1313 770 1381 836 522)
1415 766 1497 843 poles

141 858 292 933 eclipticas
317 858 446 925 mediae,
478 875 565 932 quam
588 855 706 932 appello
737 857 827 915 Viam
849 860 982 929 regiam,
1006 856 1061 915 ieci
1085 852 1204 913 eosdem
1227 870 1295 912 cum
1317 852 1397 931 polis
1418 861 1496 912 rota-

143 948 229 1003 tionis
252 947 380 1019 corporis
404 944 525 1015 solaris,
550 945 578 1003 id
601 962 660 1003 uon
684 960 769 1019 perro
793 944 901 1003 dixeris
924 960 978 1001 sua
1001 958 1098 1003 carere
1123 942 1290 1000 ostensione
1313 939 1456 1000 sensuali.

246 1031 331 1091 Hanc
361 1034 450 1107 igitur
477 1033 553 1090 habe
583 1034 634 1089 tihi
659 1031 793 1089 Bartschi
822 1030 1046 1106 digressionem,
1077 1045 1137 1104 qua
1165 1046 1270 1104 penses
1299 1030 1496 1105 aestimesqua

140 1136 251 1178 moram
282 1138 375 1177 ineam
399 1119 667 1192 Putzbachiauam;
699 1129 814 1193 tempus
844 1126 890 1177 est
918 1126 948 1176 ut
979 1115 1046 1177 inde
1077 1115 1234 1176 discedam.
1279 1114 1347 1174 Non
1380 1132 1496 1192 pessum

141 1214 237 1265 tamen
269 1206 325 1265 boc
353 1210 415 1265 sinc
444 1206 640 1267 celebratione
663 1206 877 1265 munificentiae
899 1205 1044 1282 Principis
1067 1220 1135 1263 vere
1158 1204 1355 1279 magnanimi,
1387 1215 1421 1261 ut
1442 1220 1497 1279 qua

143 1293 192 1351 illc
216 1304 245 1352 ct
269 1302 430 1369 temporum
454 1294 650 1352 conditionem
673 1303 702 1353 ct
724 1311 822 1352 rncum
837 1294 977 1370 imprimis
993 1291 1133 1367 pudorem
1150 1289 1322 1366 longissime
1338 1293 1496 1366 superavit

142 1378 290 1456 Quodque
313 1381 350 1439 ad
375 1381 497 1440 consilia
520 1378 701 1440 referendum
724 1390 769 1439 cst
792 1378 924 1438 translati
948 1381 1003 1437 mei
1028 1376 1183 1449 domicilii,
1212 1386 1315 1438 auctor
1343 1378 1403 1437 tuit
1423 1376 1496 1436 idem

143 1466 320 1526 celsissimus
352 1469 485 1544 princeps
510 1468 663 1545 Philippus
691 1485 745 1527 suo
776 1485 812 1527 ex
841 1467 929 1526 fratre
957 1468 1057 1543 nepoti
1081 1463 1224 1540 Georgia,
1255 1480 1353 1523 rernrn
1376 1466 1496 1542 potienti

143 1554 340 1625 Darmstadii,
372 1564 418 1627 ut,
452 1558 522 1632 qnia
547 1556 687 1614 Lineiauo
717 1554 911 1632 typographio
935 1571 986 1630 per
1008 1551 1151 1612 tumultus
1174 1552 1339 1610 rusticanos
1363 1550 1493 1611 incendia

143 1641 239 1701 deleto
269 1653 298 1700 ct
327 1644 481 1719 profligato
510 1643 696 1719 typographo
719 1643 808 1701 alium
832 1659 887 1717 ego
911 1640 1073 1700 Braheanis
1096 1640 1353 1698 observationibus
1378 1637 1492 1700 edendis

143 1729 240 1787 locum
257 1728 403 1803 idoneum,
427 1730 534 1805 proelis
550 1740 579 1789 et
594 1733 673 1807 typis
688 1732 869 1803 instructum,
885 1730 1007 1787 seorsim
1022 1729 1060 1787 ab
1076 1725 1277 1803 inquictudine
1293 1726 1384 1786 aulae
1399 1726 1493 1804 Impe-

143 1819 247 1875 ratoris
270 1817 481 1876 ambulatoriac
506 1817 706 1893 dispicieham,
729 1818 869 1893 Princeps
893 1814 941 1874 ille
964 1824 993 1874 et
1011 1816 1108 1874 locum
1130 1812 1339 1887 commorandi,
1363 1822 1393 1873 et
1413 1816 1438 1872 si
1451 1830 1493 1873 ms

144 1905 184 1961 ibi
208 1905 246 1962 ab
269 1904 461 1980 longinquam
484 1906 646 1964 absentiam
666 1906 821 1979 pensiones
837 1901 1007 1979 Imperiales
1022 1903 1136 1962 aulicae
1150 1910 1342 1973 morarentur,
1367 1900 1494 1960 subsidia

144 1991 252 2049 idonea
273 1989 477 2050 liberalissime
500 1992 694 2068 polliceretur.
740 1991 820 2051 Nihil
845 1993 932 2067 igitur
954 1989 1035 2049 aliud
1057 1997 1166 2049 restare
1188 1988 1361 2061 videbatur,
1390 1990 1446 2047 uiui
1465 1996 1494 2046 ut

145 2095 319 2137 consensum
342 2079 529 2155 Imperatoris
552 2080 671 2138 Domini
695 2080 767 2153 mei,
796 2080 921 2157 primum
944 2084 1033 2155 atquc
1054 2079 1085 2135 iu
1107 2075 1206 2135 aulam
1230 2082 1372 2137 venturus
1396 2092 1493 2145 essem.

144 2166 280 2242 precihus
301 2167 496 2243 impetrarem.

248 2250 331 2312 Haec
353 2256 451 2314 anime
475 2253 599 2313 volvens
622 2252 745 2313 consilia
768 2251 936 2311 Puabachio
960 2250 1082 2311 discessi
1103 2249 1344 2324 Francolurtnm,
1376 2248 1494 2326 indeque

151 2338 230 2398 lcnto
252 2358 304 2415 per
325 2340 421 2400 Rheni
445 2350 568 2401 tractum
590 2359 700 2418 perque
722 2339 978 2415 Wirtembergiam
1000 2339 1102 2398 itinere
1119 2336 1236 2397 lllmam
1259 2355 1405 2410 reuersus,
1428 2353 1495 2397 con·

145 2426 230 2485 lectis
261 2444 337 2502 quae
367 2429 472 2487 affecta
498 2430 538 2487 ibi
569 2428 742 2504 reliqueram
770 2430 909 2502 negotiis,
941 2443 1040 2487 mense
1063 2425 1223 2488 Novembri
1244 2424 1441 2501 Ratisponam
1459 2422 1493 2483 etl

146 2514 300 2586 familiam,
332 2516 485 2574 Deccmbri
510 2517 636 2591 Pragam
660 2519 743 2588 veni,
773 2513 954 2573 Tabularum
977 2513 1155 2591 exemplaria
1177 2512 1367 2587 Imperatori
1389 2511 1496 2571 Ferii-

145 2600 251 2660 asrsdo
275 2601 331 2674 11,
355 2604 401 2661 cui
426 2601 640 2672 dedicaverant,
663 2603 791 2662 exhibui.
829 2601 891 2661 Nec
913 2618 1004 2679 mera,
1026 2609 1129 2661 secuta
1151 2598 1254 2660 eodem
1276 2616 1323 2659 me
1346 2599 1401 2658 luit
1423 2599 1496 2658 lama

146 2687 182 2747 de
206 2690 381 2748 exercitibus
406 2689 557 2749 Caesareis
581 2694 610 2748 in
633 2691 754 2750 hiberna
776 2706 828 2766 per
849 2688 990 2748 Sueriam
1013 2696 1041 2747 et
1064 2688 1203 2747 Hassiaru
1226 2685 1371 2746 deductis.
1417 2684 1495 2761 Quae

146 2776 227 2834 lama
250 2791 315 2835 curn
339 2779 403 2852 ipsa
424 2795 476 2853 per
498 2795 530 2837 se
553 2781 734 2856 propositum
757 2793 853 2837 meum
876 2774 913 2834 cle
934 2774 1000 2836 loco
1021 2774 1158 2836 editionis
1173 2776 1302 2850 graviter
1318 2771 1493 2852 perculisset,

147 2880 181 2921 oa
211 2861 336 2923 adverso
362 2865 551 2940 Imperatoris
580 2872 625 2924 tet
656 2865 786 2925 victoriis
817 2862 970 2923 clarissimi
1001 2862 1071 2922 aula
1103 2859 1341 2941 splendidissima
1371 2860 1495 2921 lautores

148 2949 333 3026 cultoresque
356 2970 485 3011 mearum
508 2955 613 3011 artium
637 2953 768 3012 exhibuit
791 2953 1009 3027 exspectatione
1034 2968 1100 3010 mea
1122 2949 1237 3029 plnres,
1268 2965 1396 3024 quornm
1418 2964 1495 3007 cour·

146 3037 380 3097 ruendatiouibus
403 3049 559 3116 provectus
583 3047 612 3098 et
627 3039 746 3100 Caesari
770 3056 843 3116 opus
867 3037 1032 3097 dedicatum
1048 3038 1218 3098 felicissimo
1234 3052 1376 3095 successu
1391 3050 1495 3112 apprc-

146 3125 216 3183 bavi
239 3125 402 3201 dignusque
421 3125 570 3202 judicatus
592 3127 649 3198 lui,
680 3130 729 3204 qui
755 3127 790 3186 de
813 3125 979 3201 hlajestatis
1001 3125 1080 3185 Suae
1102 3123 1299 3184 munificentia
1322 3122 1411 3182 ditior
1433 3120 1495 3182 red·

146 3211 246 3283 derer,
271 3222 300 3269 et
322 3217 499 3272 exercituum
522 3215 748 3286 Caesareorum,
772 3230 846 3290 qnos
870 3215 1085 3292 suspectabam‚
1108 3212 1252 3272 Praefecti
1276 3209 1493 3270 Generalissirni

145 3298 241 3358 Ducis
265 3296 470 3360 Fridlnrtdiec
492 3310 521 3360 ct
545 3302 664 3377 Sopatri
686 3303 801 3360 eilberti
828 3302 952 3373 gratiam
982 3309 1157 3360 consecutus
1184 3317 1264 3370 sum,
1295 3299 1347 3374 qui
1371 3315 1437 3358 enin
1459 3298 1496 3355 sit

145 3394 174 3445 ct
198 3386 293 3446 Heres
323 3390 497 3448 fortissimus
528 3398 557 3447 ct
584 3391 669 3465 justa
691 3391 876 3448 scientiarum
899 3387 1168 3447 mathematicarum
1192 3385 1351 3445 admirator
1374 3386 1494 3444 eximias

148 3492 242 3549 eaque
266 3476 470 3550 corrjurrctioue
495 3476 576 3535 velut
598 3477 670 3536 alter
685 3475 836 3548 Hercules,
858 3473 993 3550 idemque
1009 3475 1181 3550 Imperatori
1204 3472 1434 3544 addictissimus,
1457 3469 1492 3529 aid

146 3564 267 3635 primam
297 3565 472 3622 mentionem
502 3562 558 3623 hac
585 3582 630 3622 me
654 3567 826 3623 necessitate
850 3561 1045 3621 commorandi
1071 3570 1150 3620 extra
1172 3562 1339 3636 prouincias
1365 3558 1496 3620 Caesaris

145 3648 354 3708 haereditarias
378 3668 471 3726 caque
494 3669 582 3726 snper
603 3669 633 3710 re
650 3653 804 3711 Caesarem
820 3648 1023 3725 interpellandi
1039 3649 1125 3708 lacile
1141 3647 1275 3717 exsolvit,
1299 3646 1398 3706 lecum
1415 3649 1495 3722 quie·

147 3745 207 3793 tum
224 3734 333 3809 Sagani
357 3737 580 3797 clementissime
598 3741 749 3811 eorrecssit,
773 3755 902 3797 annuum
925 3736 1087 3796 subsidium
1110 3735 1240 3811 reliquae
1263 3734 1495 3809 magnificentias

147 3840 219 3880 suae
244 3834 470 3883 consentaneum
494 3829 687 3903 truncupavit,
712 3826 843 3904 proelum
866 3826 953 3884 ctiam
978 3826 1123 3900 promisit,
1148 3822 1339 3882 Caesareanis
1364 3822 1496 3881 omnibus

148 3910 267 3968 mirilice
299 3914 537 3987 approbantibus.
587 3914 677 3987 igitur
705 3916 825 3973 semisse
848 3912 914 3970 anni
939 3910 1027 3986 paulo
1051 3913 1146 3968 minus
1168 3912 1197 3967 in
1220 3909 1290 3967 aula
1312 3908 1498 3983 Imperatoris

146 4005 309 4070 trausacto,
341 3999 423 4074 blajo
455 4017 552 4057 meuse
577 4000 768 4077 Ratisponam
798 3999 834 4058 ad
865 3997 1007 4058 familiam
1037 3997 1245 4057 traducendam
1268 4013 1333 4055 sum
1357 4013 1497 4065 reversas,

145 4084 237 4144 ,lunio
253 4084 385 4143 Lirrcium
410 4086 447 4145 ad
473 4098 610 4163 patronos
634 4091 829 4164 antiquiorem
856 4088 997 4145 Austriae
1013 4085 1247 4161 Suprartiaanae
1265 4082 1406 4144 Ordines.
1446 4083 1497 4141 slt-

147 4190 204 4246 que
228 4172 256 4229 hi
281 4184 310 4230 et
333 4175 387 4249 ipsi
412 4176 611 4233 transitionem
634 4176 709 4234 lianc
732 4192 827 4234 meam
850 4172 1000 4249 Saganam
1025 4172 1242 4243 collaudarent,
1272 4180 1301 4230 et
1324 4171 1498 4246 exemplaria

145 4258 227 4331 libri,
259 4276 344 4334 quem
375 4262 512 4319 subsidiis
544 4262 658 4320 illorum
687 4263 795 4321 multos
825 4279 877 4337 per
904 4277 997 4319 annos
1020 4277 1090 4317 usus
1114 4260 1304 4338 perfeceram,
1335 4257 1497 4325 honeratis,

146 4355 288 4420 quantum
311 4365 329 4404 a
352 4351 505 4423 provincia
528 4349 721 4409 afflictissime
744 4366 929 4423 nequaquam
952 4348 1125 4423 sperabam,
1149 4354 1384 4422 compensarunt.
1432 4344 1497 4402 Dis·

146 4418 372 4509 positislitaquc
397 4438 482 4494 rebus
506 4438 578 4495 rucis
603 4439 631 4492 in
656 4436 706 4495 illa
728 4439 897 4512 provincia,
927 4432 1011 4494 Julio
1034 4451 1133 4493 mense
1155 4433 1299 4507 Pragam,
1331 4432 1432 4508 ibique
1453 4447 1496 4489 re·
1535 4482 1537 4489 ,

147 4526 231 4594 cepta
255 4537 343 4594 quam
368 4539 402 4580 co
426 4525 632 4597 praemiseram
656 4524 768 4583 familia
789 4522 914 4598 denique
930 4521 1089 4597 Saganam,
1113 4520 1193 4596 qnod
1207 4520 1290 4580 Deus
1306 4517 1382 4578 bene
1399 4526 1496 4589 vertat,

146 4604 213 4666 Vll.
240 4606 303 4665 Cal.
328 4609 455 4685 Augusti
480 4612 608 4687 perveni.

251 4692 337 4769 Quod
360 4698 448 4772 igitur
472 4707 504 4755 tu
526 4697 595 4755 mihi
622 4696 657 4756 de
680 4698 736 4757 hnc
759 4697 888 4755 adventu
912 4712 977 4754 ineo
1002 4699 1030 4753 in
1053 4693 1189 4755 Silesiam
1212 4693 1386 4771 gratularis,
1417 4708 1496 4752 omen

147 4782 269 4857 accipio.
318 4781 450 4847 Melodia
473 4787 581 4864 qnippe
604 4784 677 4849 haee
698 4784 837 4847 inchoata
856 4784 918 4863 jan
941 4790 1000 4858 est,
1030 4782 1225 4863 gratulaberis
1248 4779 1386 4860 equidem
1408 4779 1494 4842 malta
