3284 5520
213 334 278 403 ‘458
554 331 588 387 In
606 328 727 388 Sieidaui
746 328 844 387 librum
864 331 898 387 de
915 338 1041 400 quatuor,
1050 314 1217 389 auhuman

216 521 310 586 essct,
345 528 402 571 uno
433 527 510 571 anno
538 527 631 571 errare
660 512 689 568 in
717 508 895 587 assignando
919 508 1001 569 initio
1024 512 1106 585 regni
1129 510 1204 585 ejas.
1249 509 1336 570 Alius
1361 526 1442 571 error
1466 527 1503 570 ex
1522 510 1574 570 bor

215 601 296 660 tonte
327 607 442 671 manat,
475 597 554 675 quod
582 615 667 673 reges
696 597 813 656 diversa
842 596 952 656 hahent
983 599 1066 656 initia
1087 597 1135 656 vel
1159 597 1267 657 hahere
1289 597 1400 659 saltem
1421 597 1573 674 finguntur.

215 686 351 762 Exempli
374 703 472 759 causa,
496 685 643 744 Christum
667 686 841 743 unanimiter
865 701 965 744 ornnes
988 684 1118 744 historici
1141 686 1271 744 scribunt
1292 694 1399 746 natum
1422 702 1502 745 anuo
1523 688 1574 743 im·

213 776 287 852 perii
304 775 429 849 Augusti
448 779 505 844 42,
531 772 661 845 dubium,
687 771 762 830 unde
786 773 928 848 incipiant
951 772 1015 847 ejus
1039 774 1200 848 imperium,
1225 780 1322 831 utrum
1345 773 1386 832 ab
1409 775 1484 832 irrito
1509 789 1573 832 con·

213 861 327 932 sulatu,
359 878 395 920 an
426 861 464 918 ab
495 860 645 918 interiecto
669 858 809 930 Caesare,
844 859 924 934 quod
947 858 1054 917 tactum
1079 866 1124 918 est
1146 876 1223 918 anno
1245 861 1352 934 priore.
1399 859 1451 920 Sic
1475 859 1575 918 Esdras

213 949 345 1006 meminit
375 949 442 1007 anni
469 953 494 1004 1.
520 955 548 1005 01
573 953 623 1006 20.
648 946 837 1019 Artaxerxis3
870 951 932 1004 erat
962 954 1059 1004 autem
1090 953 1172 1023 pater
1200 946 1265 1021 ejus
1287 945 1409 1006 Xerxes
1430 946 1575 1023 protectus

214 1037 243 1093 in
268 1035 437 1106 Graeciam,
469 1046 498 1092 et
521 1034 584 1109 lege
607 1033 726 1093 Persica
744 1034 905 1108 jubebatur
926 1032 1004 1090 1111οε
1027 1035 1142 1108 parenti
1164 1032 1383 1109 expeditionem
1406 1036 1575 1109 suscipienti

213 1120 379 1182 succedere.
417 1121 566 1179 Decenrrio
590 1131 746 1197 postquam
770 1119 883 1195 fugerat
905 1137 920 1178 e
945 1117 1070 1179 Graecia
1085 1119 1211 1194 Xerxes,
1235 1119 1373 1182 decessit.
1408 1120 1575 1193 Dubitatnr,

215 1216 310 1269 utrum
333 1208 371 1266 ab
394 1207 577 1284 expeditione
601 1225 638 1264 an
663 1208 802 1266 decennio
827 1214 893 1285 post
907 1224 925 1265 a
941 1206 1030 1266 caede
1046 1207 1156 1266 Xerxis
1172 1206 1281 1266 Esdras
1297 1208 1474 1267 Artaxerxis
1488 1226 1576 1267 annos

214 1294 361 1356 deducat?
391 1295 448 1353 Hic
471 1295 647 1370 conjecturis
670 1312 743 1370 opus
767 1301 820 1366 est,
844 1311 920 1369 quae
943 1293 1029 1353 tacite
1052 1293 1167 1368 saliunt,
1190 1311 1257 1353 cnm
1280 1294 1389 1354 adferri
1413 1297 1530 1373 possint
1551 1298 1575 1353 in

214 1392 369 1458 utramque
392 1392 515 1459 partem.
554 1382 601 1440 lta
624 1392 741 1459 propter
762 1379 878 1440 diuersa
895 1398 1036 1440 annorum
1052 1383 1145 1454 initia,
1168 1384 1258 1440 variis
1272 1383 1413 1455 gentibus
1428 1392 1460 1442 et
1476 1383 1575 1442 seculis

216 1479 366 1547 usurpata,
390 1486 479 1545 saepe
503 1471 591 1529 etiam
614 1477 737 1540 mutata,
761 1472 905 1527 maximae
920 1468 998 1545 apud
1016 1477 1148 1546 posteros
1163 1471 1336 1527 exstiterunt
1353 1469 1573 1547 disputationes,

214 1556 362 1634 quodnam
386 1559 454 1615 anni
478 1557 593 1615 initium
617 1574 692 1631 qnae
716 1564 818 1631 gentes
842 1557 1033 1615 observarint.
1071 1555 1194 1614 Accedit
1216 1557 1362 1631 ignoratio
1387 1566 1490 1616 motus
1504 1557 1574 1617 Solis

214 1652 245 1704 et
267 1643 384 1715 Lunae,
418 1660 453 1702 ex
483 1660 608 1718 quorum
637 1646 814 1702 correctione
838 1643 981 1717 plurimae
1004 1644 1177 1702 exstiterunt
1199 1645 1380 1702 mutationes
1405 1652 1571 1722 temporum,

213 1747 366 1801 annorum,
389 1729 575 1805 periodorum
591 1745 656 1804 etc,
681 1740 713 1788 ut
728 1732 851 1802 nescias,
875 1747 940 1788 curn
957 1729 992 1789 de
1009 1729 1109 1805 aliqua
1124 1730 1245 1805 periodo
1261 1729 1434 1806 loquuntur,
1462 1731 1572 1808 quando

216 1820 365 1895 inceperit,
390 1817 508 1892 quando
531 1826 644 1876 mutata
666 1820 714 1874 ait.
752 1817 789 1876 Et
812 1833 877 1875 cum
896 1817 1020 1893 professi
1035 1819 1103 1889 sint,
1127 1834 1242 1874 cursum
1255 1815 1362 1877 Lunae
1379 1820 1501 1890 imitari,
1523 1835 1571 1876 aar

213 1907 349 1963 invenias
373 1911 469 1962 tamen
492 1904 529 1965 N.
552 1904 585 1963 1..
608 1903 646 1962 ad
669 1903 732 1963 dies
755 1903 814 1961 iliis
837 1905 1018 1978 assignatos,
1049 1912 1101 1963 aot
1122 1905 1148 1961 si
1172 1903 1239 1963 iilos
1261 1903 1299 1963 ad
1321 1903 1360 1963 N.
1387 1904 1421 1965 h.
1446 1905 1570 1977 reducas,

20 1976 34 2011 ²
105 2039 108 2047 .
214 1989 321 2051 tattertt
350 2007 438 2066 saepo
466 2007 569 2048 armus.
617 1989 716 2049 Moses
745 1990 847 2048 diluuii
871 1990 1022 2049 historiam
1046 2008 1096 2068 per
1119 2007 1233 2050 rnenses
1257 1989 1413 2067 describit,
1450 1994 1571 2052 meminit

215 2080 292 2139 enim
314 2078 417 2155 primi,
449 2078 586 2147 secundi,
617 2079 751 2155 septimi,
782 2075 903 2149 decimi,
927 2078 1073 2138 undecimi
1094 2079 1210 2136 mensis.
1256 2078 1438 2148 Dubitatur,
1470 2083 1570 2157 primus

214 2167 323 2224 mensis
346 2173 442 2223 utrum
466 2167 495 2222 in
519 2174 690 2225 autumnum
714 2164 801 2223 cadat
823 2182 860 2223 an
885 2167 913 2222 in
936 2165 1008 2225 veri
1036 2165 1068 2225 Si
1091 2168 1168 2224 enim
1192 2165 1319 2224 vernalis
1343 2175 1400 2237 ast,
1425 2166 1569 2226 dimidiu·

214 2254 283 2313 anni
308 2250 483 2310 demendum
506 2255 561 2311 erit
584 2252 619 2311 de
642 2270 756 2310 summa
778 2269 920 2311 annorum
943 2252 1046 2311 diluvii
1070 2251 1108 2309 ad
1132 2251 1288 2311 Christum.
1334 2252 1373 2311 Et
1397 2263 1495 2325 certe,
1524 2254 1571 2313 hoc

215 2347 379 2415 comperto,
411 2348 558 2398 constaret
580 2340 665 2398 nobis
689 2338 725 2398 de
747 2356 864 2411 mense,
898 2341 927 2397 in
951 2356 1010 2414 quo
1033 2337 1168 2398 conditus
1190 2345 1235 2398 est
1256 2338 1396 2398 mundus.
1444 2340 1570 2418 Inprimis

214 2435 313 2487 antem
345 2434 460 2486 exercet
489 2427 638 2486 studiosos
671 2426 857 2485 historiarum
886 2427 1003 2485 diversa
1033 2442 1175 2485 annorum
1203 2426 1304 2485 torma.
1352 2426 1481 2488 Veteres
1504 2431 1571 2488 euin

213 2530 272 2572 non
297 2529 398 2571 omues
421 2513 543 2573 eandem
566 2515 635 2572 suni
658 2514 779 2572 sormam
803 2531 856 2572 nec
878 2516 921 2573 sic
944 2512 1109 2589 expeditam
1132 2522 1164 2571 ut
1185 2530 1240 2571 nos
1260 2512 1439 2586 habuerunt,
1479 2515 1571 2591 Quaa-

215 2601 282 2660 darn
305 2602 382 2658 enim
405 2609 507 2675 gentes
522 2601 600 2660 Solis
623 2609 653 2660 et
668 2600 770 2659 Lunae
793 2617 893 2659 cursus
916 2599 954 2660 ad
978 2618 1085 2658 annum
1101 2599 1335 2660 constituendum
1352 2603 1570 2678 conjunxemnt,

214 2686 361 2764 quaedam
384 2686 483 2746 Solem
507 2696 619 2747 tantum
644 2689 845 2758 observarunt,
870 2686 1019 2764 quaedam
1038 2704 1075 2747 ne
1090 2686 1189 2746 Solem
1205 2686 1332 2762 quidem,
1358 2691 1416 2748 nisi
1433 2698 1571 2766 quatenus

214 2777 239 2834 is
263 2774 325 2834 dies
349 2775 434 2834 nobis
457 2774 609 2847 describit,
633 2775 765 2834 fecerunt
787 2777 864 2834 enirn
886 2792 995 2833 annum
1018 2773 1192 2847 volubilem,
1216 2774 1301 2850 cujus
1324 2775 1444 2835 initium
1464 2777 1525 2854 jam
1546 2780 1572 2835 iu

213 2880 275 2932 ver,
295 2862 358 2937 ι100]
383 2863 412 2919 10
435 2869 593 2932 aestatem,
618 2871 804 2936 autumnum,
829 2862 955 2921 hiemem
977 2869 1164 2937 competeret.
1209 2861 1279 2935 Alii,
1302 2869 1336 2921 ut
1358 2861 1489 2922 Romani
1512 2874 1572 2924 aute

216 2950 382 3021 Caesarem,
406 2949 532 3007 suturam
556 2951 624 3007 anui
648 2949 770 3008 sormam
792 2965 857 3020 suo,
880 2949 909 3007 h.
927 2966 951 3007 e.
976 2948 1145 3027 pontificum
1161 2949 1281 3008 arbitrio
1296 2963 1496 3010 reservarunt.
1535 2951 1573 3010 Er

215 3037 322 3112 quibus
346 3034 531 3109 intelligitur,
562 3054 649 3111 quam
673 3037 767 3094 tacitis
790 3052 869 3095 error
891 3038 929 3094 sit
951 3039 1037 3093 nnius
1061 3042 1149 3111 atque
1173 3035 1293 3094 alterins
1316 3040 1387 3094 anni
1411 3040 1443 3095 in
1467 3056 1573 3098 summa

214 3126 320 3183 aetatis
344 3122 507 3181 mundanae
532 3122 711 3182 deducenda.
758 3125 856 3199 Atque
879 3124 952 3181 irasc
975 3123 1010 3182 dc
1034 3121 1197 3181 differentia
1219 3140 1360 3181 annorum
1386 3131 1440 3185 26.

317 3209 445 3269 Restant
468 3211 553 3268 uobis
578 3210 655 3282 duo,
688 3209 838 3286 Josephus
862 3219 890 3268 ct
914 3209 1136 3282 Garrebrardus,
1166 3211 1280 3284 probati
1305 3210 1498 3287 chronologi,
1528 3214 1572 3288 qui

213 3296 333 3371 longius
358 3295 511 3356 discedunt
533 3298 571 3355 ab
595 3298 649 3355 hac
673 3301 821 3356 communi
845 3300 991 3372 opinione.
1030 3297 1067 3354 Et
1084 3295 1290 3355 Geuebrardus
1314 3298 1438 3372 quidem
1462 3301 1573 3372 fatetur,

213 3401 245 3442 se
262 3386 291 3440 in
307 3400 366 3443 nno
382 3384 448 3442 loco
465 3383 529 3461 (Ex.
550 3391 598 3444 12.
616 3404 642 3443 v.
657 3383 719 3462 40.)
735 3384 862 3456 haerere,
886 3386 935 3442 ubi
952 3384 1076 3442 affirmat
1091 3383 1200 3455 Moses,
1224 3383 1301 3442 filios
1318 3383 1410 3444 Israel
1427 3386 1573 3446 habitasse

213 3473 243 3530 iu
263 3470 399 3548 Aegypto
416 3487 510 3529 annos
528 3477 600 3530 430.
632 3471 773 3530 Nunrerat
788 3474 874 3546 igitur
890 3471 1095 3530 Genebrardus
1119 3471 1197 3530 hauc
1219 3489 1365 3529 summam
1388 3473 1428 3531 ab
1447 3476 1573 3551 ingressu

213 3557 323 3617 Jacobi
338 3561 368 3616 in
381 3560 557 3634 Aegyptum,
573 3568 691 3634 propter
703 3557 879 3616 evidentiam
894 3560 1056 3629 verborum,
1073 3575 1149 3633 quae
1162 3560 1250 3617 etiarn
1266 3557 1398 3617 estGeu.
1413 3567 1468 3622 15.
1486 3582 1513 3619 v.
1528 3568 1572 3621 lt.

216 3645 342 3718 „Samen
366 3655 447 3703 tuum
471 3645 602 3721 affligent
623 3652 683 3704 400
707 3647 824 3718 aunis“‚
849 3663 925 3719 quac
942 3647 1029 3703 etiarn
1043 3644 1193 3722 dosephns
1208 3644 1288 3724 (Ant.
1305 3644 1376 3706 dud.
1397 3647 1440 3727 2.)
1465 3652 1573 3708 retinet.

215 3731 324 3789 Contra
347 3733 438 3789 nostri
461 3740 615 3791 numerant
637 3733 712 3791 hanc
735 3751 877 3790 summanr
901 3734 1126 3810 apromissions
1144 3732 1290 3802 Abrahae,
1315 3733 1394 3791 tacta
1409 3739 1500 3794 aunis
1517 3739 1572 3795 290

214 3825 292 3890 ante,
317 3820 400 3894 quasi
424 3818 532 3877 diceret
550 3820 630 3878 Deus
656 3837 768 3895 „usqua
791 3819 828 3877 ad
853 3818 1171 3895 quadringentesimum
1192 3820 1300 3878 abhinc
1316 3837 1428 3879 aunum
1447 3823 1573 3898 affligent

213 3923 313 3964 semen
346 3914 437 3963 tuum.
485 3907 696 3980 Argumentum
726 3908 913 3965 fortissimum
938 3915 997 3978 est,
1029 3905 1107 3981 qnod
1133 3906 1242 3978 Caath,
1273 3906 1350 3964 fitius
1375 3907 1473 3987 Levi,
1504 3927 1572 3969 arus

214 3991 318 4063 Musis,
341 3994 371 4050 in
389 3992 548 4052 Cananaea
571 4003 646 4052 terra
669 4003 755 4052 nutus
779 4002 824 4052 est
847 3993 984 4068 quodque
1007 4001 1089 4052 aetas
1113 3993 1263 4052 homiuum
1287 4001 1348 4052 tum
1372 4012 1433 4054 nou
1451 3997 1571 4075 amplius

214 4086 275 4138 erat
293 4088 384 4148 tauta,
408 4089 520 4154 quanta
534 4080 771 4155 patriarcharum.
810 4082 879 4138 Erat
898 4084 974 4139 euim
992 4080 1074 4151 Levi,
1098 4079 1176 4138 fitius
1193 4079 1310 4152 Jacobi,
1334 4099 1469 4157 proavus
1486 4085 1571 4143 blesis

214 4182 238 4223 0.
266 4171 305 4225 45
330 4183 472 4225 annornm
496 4169 525 4225 in
550 4166 701 4241 descensu,
726 4168 809 4242 quus
834 4167 909 4226 filius
934 4166 1027 4225 Caath
1051 4174 1121 4225 nutu
1147 4167 1259 4226 medius
1281 4170 1307 4226 si
1331 4168 1387 4226 tuit
1414 4177 1455 4230 10
1481 4188 1571 4231 anuu-

213 4270 275 4309 rum
300 4256 541 4330 exspectavitque
565 4253 660 4312 adhuc
684 4257 770 4313 annis
787 4260 836 4326 20,
862 4262 893 4312 ut
915 4257 954 4313 sit
977 4255 1147 4313 tricenarius
1170 4272 1235 4313 cum
1259 4263 1430 4315 nasceretur
1449 4258 1570 4329 Amram,

214 4346 244 4398 et
266 4342 290 4397 si
315 4341 434 4398 Amram
458 4341 512 4398 tuit
535 4340 784 4417 quadragenarius
807 4358 872 4400 cunr
897 4348 1065 4401 narsceretur
1088 4341 1203 4412 Moses,
1228 4342 1404 4401 habebimus
1427 4363 1569 4405 summam

214 4443 356 4484 annorum
384 4434 458 4491 140,
482 4426 583 4486 addita
606 4428 697 4486 Musis
720 4434 817 4488 aetate
841 4432 870 4486 in
894 4431 972 4486 exitu
997 4434 1036 4487 80
1061 4446 1217 4502 annorum,
1248 4430 1356 4504 quibus
1380 4432 1410 4488 in
1435 4432 1569 4511 Aegypto

214 4516 385 4571 commorati
408 4522 475 4572 stunt
498 4518 607 4589 posteri
630 4514 747 4574 Jacobi.
786 4515 822 4572 Et
845 4515 918 4574 haec
933 4523 1015 4574 aetas
1031 4522 1071 4574 30
1088 4524 1117 4574 et
1134 4521 1173 4575 40
1198 4534 1339 4575 annorum
1351 4515 1438 4591 justa
1455 4525 1569 4581 omniuo

214 4598 329 4658 videtur
342 4603 535 4676 generationi,
559 4620 623 4659 curn
640 4603 772 4677 legamus
789 4600 864 4662 Gerr.
884 4610 930 4661 11.
956 4610 1023 4679 post
1046 4602 1189 4661 diluvium
1211 4606 1308 4662 statim
1324 4606 1467 4666 usitatum
1484 4609 1568 4667 tuisse

215 4686 291 4745 circa
307 4693 357 4746 30.
383 4706 491 4746 annum
515 4698 625 4762 patrem
648 4688 798 4766 appellari.
837 4687 933 4764 Quare
957 4692 1116 4767 poterimus
1135 4690 1183 4749 hic
1199 4690 1391 4752 Genebrardo
1407 4693 1568 4771 relinquero

215 4789 300 4840 snam
332 4775 453 4843 nimium
485 4774 669 4852 religiosam,
702 4775 835 4862 Josepho
870 4794 938 4839 vero
969 4782 1026 4840 non
1058 4781 1131 4844 hene
1162 4777 1352 4866 ponderatam
1388 4783 1565 4860 opinionem·
