3284 5520
619 350 785 409 Tabularum
802 349 944 422 Rudolpbi
959 350 1120 423 Praecepta.

762 526 901 595 CAPUT
923 527 976 594 iv.

288 656 338 714 De
362 658 643 727 legarithmorum
665 657 901 716 additionibus
923 659 959 714 et
980 656 1274 715 subtractionibus
1295 656 1449 715 oossicia

301 791 378 869 Quia
401 793 544 855 interdum
568 796 722 872 privativis
744 793 928 871 logarithmia
950 801 996 853 eat
1014 792 1153 853 utendum
1169 809 1236 854 cum
1249 792 1380 871 prastino
1394 796 1483 871 signo
1497 822 1630 865 -—-,

195 879 449 941 hincuecessaria
471 890 516 941 eat
538 882 662 943 ethaeo
684 898 752 958 pars
774 882 979 953 arithmeticas,
1003 882 1162 957 antiquitus
1186 889 1283 941 notae.
1330 881 1393 940 Etsi
1422 883 1455 940 in
1478 882 1555 959 ipse:
1582 880 1631 940 j

196 966 319 1041 tabulis,
342 969 509 1045 ubicunque
531 968 684 1030 commoda
706 971 805 1045 potui,
829 972 871 1028 sic
895 971 1016 1028 instruxi
1040 978 1213 1047 praecepta,
1235 976 1268 1028 ut
1289 986 1349 1028 uon
1372 978 1455 1029 meat
1478 986 1634 1047 oprL-ls

195 1055 276 1129 mihi,
300 1054 506 1117 calculatorem
529 1055 587 1117 huc
609 1058 764 1116 remittere.

299 1143 352 1202 Est
380 1151 479 1204 autem
506 1144 579 1204 baec
606 1141 752 1220 particula
781 1142 977 1202 arithmeticos
999 1143 1150 1201 tritissima
1171 1142 1383 1203 mercatoribus
1404 1152 1437 1204 et
1459 1146 1633 1205 ratio—-

195 1231 300 1305 nariis;
324 1229 516 1307 logaritbmus
539 1233 624 1305 enim,
648 1229 686 1290 ad
709 1247 796 1306 quem
815 1229 928 1306 juberis
951 1228 1057 1289 addere
1081 1228 1129 1290 vel
1150 1247 1170 1289 a
1193 1247 1252 1305 quo
1274 1230 1451 1291 subtrahere
1466 1230 1557 1309 loga-
1578 1268 1632 1295 -·

195 1317 332 1377 rithmum
354 1319 486 1393 alterum,
510 1327 556 1379 eat
578 1318 663 1378 nobie
686 1316 772 1391 idem,
796 1317 875 1393 quod
898 1318 1106 1376 mercatoribus
1121 1334 1176 1377 sua
1190 1334 1282 1391 cusa,
1307 1325 1337 1378 ct
1352 1318 1537 1394 logaritbmu
1556 1342 1631 1385 ..s

195 1406 340 1480 positivus
362 1422 394 1465 se
416 1406 515 1480 habet,
539 1414 571 1466 ut
593 1422 684 1483 penes
706 1404 773 1464 iilos
794 1406 920 1482 pecunia
935 1420 1074 1481 praesens
1089 1412 1120 1464 et
1134 1402 1292 1478 creditum,
1314 1407 1498 1481 privativus,
1521 1421 1630 1471 -t

194 1508 245 1551 aea
268 1492 396 1553 alienum
418 1511 471 1554 seu
494 1493 641 1568 debitum3
666 1492 773 1554 addere
798 1507 866 1552 vero
889 1500 934 1551 est
956 1499 989 1551 ut
1003 1494 1133 1551 rationes
1148 1493 1271 1569 accepti,
1293 1492 1482 1568 subtrahere,
1505 1494 1638 1559 Μ’

195 1580 289 1638 tiones
312 1583 442 1658 expensi.
480 1581 605 1642 Constat
627 1587 727 1641 autem
748 1578 863 1639 duabus
886 1578 995 1656 regulis
1017 1586 1081 1640 tota
1103 1578 1234 1640 doctriua
1257 1577 1416 1640 additionis
1433 1589 1467 1641 ct
1481 1582 1630 1645 sui-

196 1669 357 1727 tractionis.

576 1782 601 1841 1.
637 1781 757 1858 Reputo
779 1780 815 1839 de
836 1782 931 1856 specie
953 1778 1161 1839 arithmeticos.

298 1901 428 1962 Praec.
453 1907 482 1965 8.
519 1902 592 1961 Cum
613 1901 735 1961 duorum
752 1900 992 1977 iogsrithmorum
1009 1899 1142 1961 datorum
1159 1900 1325 1977 signarunt
1340 1902 1458 1981 eadem,
1482 1912 1629 1985 pu-a

194 1986 241 2047 vel
257 1990 290 2058 -i-
313 1991 450 2065 positiva,
475 1989 523 2048 vel
548 2022 586 2034 -
609 1991 766 2066 privativa,
790 1990 903 2065 specics
926 1991 1015 2047 etiam
1042 1983 1099 2068 (ac.
1116 1987 1164 2047 vel
1179 1986 1290 2048 additio
1306 1990 1354 2049 rel
1370 1989 1626 2075 subtractitzz)

192 2081 293 2134 munet
307 2075 408 2135 eedem
432 2079 547 2151 usitate,
572 2095 648 2152 quae
672 2078 829 2153 imperatur
851 2076 976 2135 cossice:
999 2077 1054 2134 uisi
1078 2074 1157 2152 quod
1175 2076 1315 2153 imperata
1330 2078 1507 2155 subtractio,
1605 2084 1625 2139 si

194 2171 239 2221 cat
260 2164 366 2221 usitate
390 2164 587 2241 impossibilis,
611 2163 644 2222 iit
665 2166 794 2223 terminis
812 2164 969 2222 conversis.
1008 2160 1131 2238 Quoties
1147 2179 1217 2222 vero
1232 2164 1317 2239 signa
1331 2164 1472 2227 datorum
1486 2176 1623 2229 su-rt

193 2247 317 2321 diversa,
341 2259 413 2326 puta
435 2251 555 2311 alteriue
575 2253 609 2321 4-
636 2253 805 2328 positivum,
829 2249 949 2309 alterius
972 2282 1015 2292 -
1037 2251 1225 2326 privativum,
1250 2262 1318 2312 tunc
1342 2251 1460 2314 additio
1485 2270 1620 2317 aaz·

193 2337 254 2395 sica
277 2336 309 2394 tit
332 2354 384 2413 per
405 2339 632 2397 subtractionem
657 2341 794 2397 usitatam
818 2340 977 2396 minorisa
1000 2336 1125 2413 majore,
1155 2336 1315 2398 subtractio
1340 2357 1411 2401 vcro
1435 2344 1617 2403 cossicza

194 2422 342 2501 perficitur
364 2440 415 2500 per
437 2424 617 2486 additionem
640 2425 776 2484 usitatam
800 2424 935 2484 datorum
957 2426 985 2480 in
1010 2440 1098 2483 unam
1121 2441 1274 2483 summam.

599 2581 638 2641 11.
676 2581 796 2658 Repuiu
818 2581 854 2639 de
875 2584 962 2657 abac
984 2582 1129 2639 exeuntis.

299 2692 400 2753 Manet
415 2697 531 2754 exeunti
547 2697 662 2772 signum
679 2695 807 2770 maJ'oris,
831 2702 1036 2770 praeterquam
1053 2692 1103 2751 ubi
1118 2691 1337 2769 subtrahendus
1350 2697 1459 2773 maior,
1484 2708 1602 2763 turre

194 2781 269 2839 enirn
293 2783 380 2840 etiarn
404 2783 578 2841 contrarium
602 2784 717 2859 signum
739 2783 825 2857 signo
848 2781 968 2857 maj0ris
991 2782 1071 2856 capit
1086 2781 1195 2839 exiens.
1232 2779 1349 2858 Inspice
1372 2783 1428 2845 bos
1453 2794 1593 2866 typum

517 2932 769 2988 additionum
797 2930 1043 2986 cossicarum
1070 2931 1225 2987 turmae.

612 3066 731 3115 suronrr
766 3029 834 3163 ssg
879 3030 947 3165 ss}
994 3030 1062 3151 Ϊξ
1107 3027 1175 3149 Ϊξ

528 3187 734 3237 Fiuntaummae
770 3187 838 3254 Η
882 3190 950 3254 †8
993 3189 1062 3254 -Η
1108 3191 1179 3239 -4

613 3285 948 3367 ardenar-⁶²²
1046 3284 1063 3333 ⁶
1161 3287 1176 3334 ²

588 3422 591 3433 Ι
766 3354 834 3417 †2
879 3352 947 3418 46
994 3355 1062 3402 -i
1108 3357 1234 3432 —L

524 3439 730 3491 Fiuniaunrmae
767 3447 835 3493 -4
879 3447 948 3508 †4
993 3444 1062 3493 -8
1108 3444 1175 3493 -8

483 3575 804 3631 Subtractionum
832 3578 1072 3634 coaaicarum
1099 3578 1255 3635 formae.

443 3674 514 3723 Unde
532 3675 729 3725 subtrahendum
764 3674 834 3739 -i-ti
880 3680 947 3743 -Η
994 3680 1062 3741 «1-6
1108 3681 1176 3743 †2

560 3747 729 3796 subtrahendi
766 3749 834 3813 Η
879 3750 948 3811 «1-6
995 3751 1062 3797 -2
1110 3750 1176 3797 -d

538 3833 731 3884 rmutandus
767 3838 835 3901 ese
881 3840 949 3886 —4
995 3835 1064 3901 †a
1109 3819 1232 3900 pa*

448 3927 519 3976 Unda
536 3928 731 3979 subtrahendum
767 3933 835 3980 -6
882 3935 948 3981 -2
996 3933 1063 3980 —d
1109 3934 1176 3981 -2

556 3998 726 4048 Subtrabandi
764 4000 832 4063 Η
879 4000 947 4063 †d
993 4004 1062 4051 -2
1108 4004 1175 4051 -d

535 4085 611 4133 Fiunt
628 4070 1231 4155 recidam-[-

770 4268 908 4337 CAPUT
930 4270 967 4335 V.

193 4393 242 4451 De
264 4396 384 4463 regida
406 4394 511 4451 trium
534 4406 598 4452 seu
618 4396 899 4466 proportionum,
930 4412 995 4468 ope
1017 4397 1272 4468 heptacosiadis
1294 4400 1495 4462 manenda
1514 4402 1566 4460 in

312 4484 463 4540 numeria
485 4482 666 4552 rosindus,
689 4483 735 4540 ad
756 4486 945 4542 venandam
967 4491 1097 4555 partam
1119 4485 1418 4555 proportionalem

298 4616 578 4694 Multiplicationum
600 4627 630 4677 et
653 4617 829 4678 divisionum
852 4619 1049 4696 logisticarum
1073 4624 1102 4679 in
1126 4622 1234 4681 tabuiis
1255 4625 1463 4684 astronomicis
1481 4635 1555 4686 nsua

193 4720 268 4780 pene
291 4706 393 4764 unicus
417 4714 461 4763 est
484 4705 513 4762 in
537 4706 640 4780 regula
662 4708 758 4781 trium,
782 4723 841 4782 qua
855 4723 921 4767 cum
936 4708 996 4767 alia
1010 4708 1161 4783 nonnulla,
1184 4717 1246 4768 turn
1260 4713 1433 4786 praesertim
1449 4724 1553 4788 partes

192 4791 427 4868 proportionales
450 4791 516 4852 elici
538 4792 643 4868 soient,
667 4809 725 4868 quo
749 4794 778 4851 in
802 4809 890 4871 opere
912 4795 1084 4872 plerumque
1107 4795 1145 4857 ad
1160 4795 1299 4872 secunda,
1321 4813 1388 4859 raro
1404 4798 1445 4861 ad
1462 4804 1549 4864 tertis
