3284 5520
139 343 205 413 104
645 339 689 396 Da
706 336 826 396 &meda
842 335 928 394 llbclll
943 335 993 393 nr

139 528 221 584 motu
242 538 280 581 ne
301 521 448 581 somniare
470 519 588 597 quidem
611 519 697 580 iacils
718 526 778 593 est,
809 515 888 595 quad
906 517 970 593 J‘am
992 516 1196 595 praesentiacit
1217 514 1351 578 blilierus
1372 517 1499 580 latetur·

140 628 214 688 qua,
238 618 335 671 tamen
359 608 435 667 hanc
458 625 513 684 ego
536 607 618 668 litem
640 609 729 668 etiam
752 609 781 664 in
804 605 868 666 iore
890 606 1075 665 auctoritatis
1097 614 1243 681 veterum,
1266 607 1358 665 edam
1379 608 1411 664 iu
1433 607 1499 667 foro

139 698 280 776 physicae
304 696 462 769 doctrinae,
486 695 570 771 cujus
593 703 704 756 motum
718 696 807 754 etiam
822 691 955 753 hlillsms
971 695 1104 768 intentat,
1122 688 1160 773 ¹⁴)
1181 692 1263 753 nullo
1277 691 1408 770 periculo
1425 710 1499 754 con·

138 787 239 846 testari
262 801 392 861 possum.
431 783 505 843 Cum
531 786 606 842 enim
630 790 744 843 veteres
767 787 897 842 cometas
919 781 1040 840 iecerint
1059 781 1260 854 elementares,
1282 796 1342 840 uon
1355 782 1411 841 erit
1427 783 1499 860 ipsis

140 873 301 933 contrarius
324 877 421 930 motus
444 886 545 930 eorum
567 870 742 930 rectilineus.
781 868 905 927 Etcum
929 866 1091 928 differentia
1112 870 1284 945 perennium
1303 870 1500 944 temporario-

139 977 262 1036 rumque
286 974 439 1035 corporum
461 966 601 1034 sequatur
623 958 653 1014 in
676 954 834 1017 eorundem
857 958 946 1015 ctiam
968 961 1074 1028 motus,
1098 956 1254 1016 circulares
1269 960 1372 1027 (motus)
1395 958 1500 1034 adque

138 1046 338 1107 revolutiones
361 1051 445 1104 erunt
466 1047 635 1121 perennium
652 1060 814 1121 corporum,
837 1059 889 1102 sau
905 1041 957 1102 Sol
971 1050 1134 1116 moveatur,
1157 1060 1209 1103 seu
1225 1043 1291 1119 ejus
1304 1043 1371 1104 loco
1386 1043 1498 1117 Tellus,

138 1133 279 1194 rectilinei
303 1148 373 1192 vero
396 1135 633 1192 vanescentium:
656 1132 768 1192 hahent
790 1131 867 1192 enim
889 1132 1005 1206 utrique
1028 1130 1206 1190 conditionis
1227 1148 1301 1192 auae
1323 1148 1446 1191 causam
1467 1133 1499 1190 iu

139 1223 232 1281 lorma
255 1222 380 1297 quisque
403 1237 466 1291 sua,
490 1221 671 1280 aeternitatis
695 1221 724 1277 in
747 1218 865 1291 circulo,
888 1216 1076 1277 mortalitatis
1099 1221 1128 1276 in
1151 1217 1231 1278 linea
1244 1225 1332 1292 reeta,
1356 1236 1434 1295 quae
1449 1220 1499 1277 iu·

138 1309 221 1369 finita
250 1309 353 1384 utique
382 1309 485 1383 nequit
514 1324 588 1367 csse.
633 1305 793 1383 Jungimus
822 1307 912 1381 igitar
941 1321 1008 1364 cum
1038 1306 1187 1365 veteribus
1218 1306 1357 1383 andragia
1385 1313 1498 1379 nostra,

140 1397 262 1456 cometis
284 1393 450 1455 rectilineos
473 1402 570 1454 motus
592 1403 679 1472 aptos
702 1411 776 1453 esee.
821 1391 891 1452 Jam
915 1408 985 1451 vero
1008 1391 1069 1451 alia
1090 1395 1224 1469 quaestio
1247 1400 1306 1468 est,
1335 1394 1445 1470 quibus
1467 1395 1499 1453 in

139 1484 308 1560 regionibus
337 1488 469 1541 cometae
496 1488 594 1541 motus
616 1498 686 1541 suos
709 1489 879 1552 exerceant,
909 1487 938 1539 et
966 1488 1142 1558 apememnt
1168 1481 1298 1558 ipsorum
1325 1481 1499 1559 corporibus

140 1571 238 1631 coelos
265 1569 451 1629 Habrechtus
482 1577 513 1629 et
538 1569 673 1628 Millerus
704 1570 775 1645 ipsi,
805 1567 1001 1627 desciscentes
1024 1585 1042 1626 a
1064 1568 1214 1627 veteribus
1243 1569 1499 1645 assentientesquc

140 1659 332 1729 astronomis3
355 1656 452 1716 solum
476 1673 576 1716 eorum
596 1662 709 1717 motum
731 1654 911 1714 rectilineum
935 1653 1038 1714 volunt
1060 1653 1227 1725 exclusum,
1252 1671 1311 1731 quo
1333 1655 1376 1714 illi
1398 1672 1500 1717 carere

139 1746 252 1805 nolunt.
300 1742 380 1818 Quid
402 1745 628 1820 tergiversamur
650 1741 801 1822 amplius?
823 1741 855 1801 Si
878 1741 993 1802 coelum
1015 1743 1263 1820 recipitcorpora
1285 1741 1498 1819 corruptibilia,

25 1850 35 1869 ·
139 1835 165 1892 sl
187 1839 283 1892 motus
306 1847 407 1890 eorum
428 1835 619 1908 temporarios
644 1839 674 1891 at
696 1836 897 1903 vanescentes,
921 1831 947 1887 si
970 1830 999 1887 iu
1022 1828 1068 1888 his
1083 1828 1198 1889 duobus
1214 1827 1366 1891 deserendi
1383 1837 1501 1890 veteres

141 1928 239 1979 vestro
263 1921 393 1995 ipsemm
412 1916 541 1993 judicio,
573 1936 625 1979 cur
651 1916 783 1978 difficiles
811 1918 882 1978 estis
912 1917 989 1976 eirca
1010 1918 1141 1989 tertium
1169 1919 1247 1977 circa
1268 1916 1381 1977 scilicet
1402 1919 1500 1995 ipsam

140 2007 262 2065 formam
284 2010 391 2077 motus,
415 2007 636 2066 convenientem
653 2004 810 2065 desitnrls?
841 2004 889 2063 Aa
905 2004 1088 2082 existimatis,
1112 2003 1299 2064 Aristotelem
1320 2004 1346 2063 ai
1369 2006 1501 2065 revivis-

141 2100 190 2153 cat
212 2100 242 2153 et
263 2094 289 2149 si
312 2098 441 2152 cometas
465 2111 483 2152 a
506 2093 591 2153 vobis
614 2109 771 2170 persuasus
793 2093 823 2150 in
846 2090 994 2151 aetherem
1016 2090 1181 2164 admiserit,
1206 2090 1242 2151 de
1263 2098 1346 2150 motu
1366 2093 1501 2170 ipsorum

141 2181 292 2240 rectilineo
308 2179 530 2258 pugnaturum?
553 2181 614 2240 Etsi
637 2180 840 2257 phaenomena
861 2185 993 2238 cometae
1013 2194 1066 2255 per
1088 2195 1178 2237 unum
1201 2179 1363 2256 simplicem
1384 2186 1501 2239 motum

140 2267 320 2327 rectilineum
349 2283 438 2343 supra
464 2269 572 2343 negavi
600 2269 812 2344 repraesentari
832 2282 935 2343 posse:
965 2282 1024 2326 non
1047 2266 1126 2342 quod
1151 2266 1176 2324 is
1197 2282 1256 2324 uon
1278 2267 1365 2326 inerit
1388 2268 1420 2325 in
1442 2265 1502 2327 hoc

141 2361 282 2428 cometa,¹
301 2352 354 2414 sed
384 2356 454 2429 qula
483 2362 598 2415 cometa
619 2355 701 2414 solus
723 2361 821 2413 motus
844 2369 903 2412 non
925 2353 998 2428 iuit3
1029 2352 1145 2429 adJnvit
1167 2355 1244 2412 enirn
1267 2355 1331 2429 mus
1354 2371 1502 2433 apparen-

141 2443 199 2501 tiae
223 2440 376 2501 translatio
400 2440 486 2516 oculi,
510 2441 567 2502 hoc
590 2450 635 2503 est
657 2441 784 2502 Telluris
806 2448 924 2500 nostrae
946 2457 998 2517 per
1013 2438 1202 2500 Geminorum
1218 2439 1381 2518 Cancrique
1402 2445 1500 2517 signa.

141 2528 208 2605 Quo
236 2531 266 2586 in
295 2531 390 2605 capite
421 2536 519 2587 motus
541 2529 662 2601 Terrae,
694 2528 774 2606 quod
796 2527 983 2588 Habrechtus
1011 2528 1080 2588 fecit
1107 2528 1231 2588 alteram
1252 2530 1404 2589 institutae
1427 2546 1502 2589 suaa

142 2618 380 2694 comparationis,
404 2615 484 2675 haud
506 2616 595 2694 paulo
619 2615 849 2677 evidentioribus
872 2615 959 2675 rebus
981 2617 1114 2691 cogimur
1127 2617 1286 2675 astronomi
1303 2611 1350 2697 (et
1363 2615 1502 2677 Millems

141 2705 227 2764 nobis
251 2704 299 2763 hic
321 2699 513 2785 astipulatur)
538 2702 686 2764 discedere
709 2722 727 2764 a
748 2703 913 2777 veteribus,
944 2719 1033 2779 quam
1055 2701 1242 2763 Habrechtus
1264 2713 1361 2763 motus
1383 2711 1444 2776 est,
1467 2712 1501 2763 ut

142 2792 180 2851 ab
203 2794 239 2849 iia
263 2792 340 2851 circa
362 2798 541 2851 cometarum
562 2794 712 2868 regionem
728 2790 900 2852 discederet.
930 2788 1033 2866 Neque
1049 2797 1148 2850 mmen
1162 2789 1316 2850 circulares
1332 2790 1387 2850 hos
1401 2798 1501 2851 motas

141 2879 207 2939 loco
238 2877 453 2938 rectilineorum
477 2878 586 2938 Terrae
614 2879 763 2955 partibus,
794 2880 823 2936 ln
852 2885 993 2953 quantum
1016 2877 1223 2951 elementares,
1254 2879 1501 2952 transscrihimna,

142 2964 221 3041 quod
245 2968 371 3042 imputat
392 2966 478 3024 nobis
501 2964 703 3038 Habrechtus,
727 2964 780 3025 sed
803 2965 925 3024 iacimus
940 2964 1048 3025 Terrae
1071 2967 1160 3024 totius
1177 2964 1361 3025 circularium
1376 2965 1501 3026 duorum

141 3060 274 3111 motuum
298 3051 422 3111 alterum
445 3052 610 3128 animalem,
635 3053 758 3111 alterum
778 3053 905 3112 exterius
919 3069 938 3109 a
953 3051 1024 3111 Sole
1047 3052 1267 3127 advenientem,
1290 3059 1394 3112 neuuo
1409 3053 1502 3115 Terra

143 3157 175 3199 se
198 3141 292 3215 ipsam
315 3144 415 3198 movet
437 3145 470 3197 ut
491 3138 575 3211 talis,
607 3137 659 3199 scd
686 3139 737 3199 illo
766 3138 883 3217 quidem
911 3141 1009 3198 anima
1038 3155 1143 3216 corpus
1165 3142 1272 3200 circum
1295 3157 1380 3199 axem
1403 3142 1501 3216 vertit,

143 3226 201 3285 boc
223 3243 293 3286 vero
310 3225 361 3286 Sol
383 3243 435 3302 per
456 3228 585 3302 speciem
608 3228 725 3286 vinctis
747 3229 883 3287 emissam
905 3227 1039 3303 planetas
1062 3229 1195 3303 interque
1216 3226 1285 3286 illos
1307 3234 1337 3286 et
1351 3226 1501 3289 Tellurem

144 3315 220 3374 circa
249 3330 313 3373 sese
343 3312 523 3387 circumfert,
557 3313 703 3374 elementa
731 3331 815 3387 vero,
845 3322 878 3373 nt
900 3322 997 3389 partes
1020 3315 1115 3391 globi,
1145 3316 1174 3372 in
1197 3332 1285 3374 unam
1307 3315 1384 3374 hanc
1407 3314 1501 3375 veluti

141 3402 241 3461 navim
264 3409 417 3478 compacta
439 3403 567 3476 patimur
589 3401 745 3462 rectilineis
767 3402 842 3461 inter
865 3418 897 3460 se
917 3402 1046 3461 motibus
1067 3401 1252 3477 contendere,
1276 3418 1350 3479 quas
1365 3405 1501 3478 geminus

144 3490 234 3548 totins
257 3488 399 3561 Telluris,
430 3488 571 3548 domicilii
596 3491 658 3563 sni,
689 3496 786 3547 motus
815 3487 907 3547 nihilo
934 3490 1028 3565 magis
1056 3490 1221 3566 perturbat,
1252 3506 1340 3566 quam
1364 3488 1500 3550 defluxus

142 3578 229 3634 navis
251 3574 381 3635 secundo
404 3576 523 3635 flumine
546 3583 696 3636 vectorum
719 3575 970 3637 discursitatlcnes
992 3577 1021 3635 in
1044 3579 1123 3636 navi.
1161 3576 1220 3637 Sed
1241 3576 1374 3655 pluribus
1397 3577 1435 3638 de
1453 3577 1502 3639 his

145 3679 231 3739 agere
254 3679 314 3722 nou
337 3669 381 3722 est
404 3662 493 3738 hujus
515 3662 583 3722 loci.
1453 3714 1455 3718 ,

249 3748 370 3824 Quaerit
392 3749 595 3824 Habrechtus,
626 3767 696 3809 nnm
725 3752 814 3809 etiam
844 3756 960 3810 cometa
986 3757 1067 3811 motu
1096 3749 1246 3811 rectilineo
1275 3768 1328 3827 per
1352 3754 1390 3810 12
1414 3753 1503 3829 signa

145 3834 259 3897 zodiaci
282 3836 378 3896 videri
398 3839 493 3914 possit
514 3838 657 3913 trajicere,
680 3836 759 3913 quod
783 3836 819 3898 de
842 3845 957 3897 cometa
980 3845 1048 3899 ante
1064 3837 1207 3897 diluvium
1223 3836 1369 3915 proditum
1386 3841 1501 3900 asserit.

142 3924 207 3983 Etsi
236 3940 307 3983 vero
338 3924 423 3983 datur
450 3926 621 4002 provocatio
650 3921 773 4005 (prodat
800 3927 876 3984 enim
901 3925 995 3985 Arabs
1018 3925 1067 3985 ille
1089 3924 1242 3984 fabulosus
1264 3934 1398 3986 auctores
1420 3943 1501 4000 suas,

144 4013 194 4088 qni
224 4009 297 4071 haec
327 4013 369 4070 ita
395 4011 473 4071 iacta
500 4015 658 4072 memoriae
684 4004 890 4092 prodiderint),
914 4020 1012 4074 tamen
1042 4020 1105 4073 esto
1117 4057 1127 4090 ,
1159 4013 1340 4089 impossibile
1365 4030 1423 4072 non
1445 4023 1501 4074 cst.

142 4098 324 4177 Trajectoria
346 4106 477 4158 cometae
499 4102 543 4160 sic
566 4099 727 4173 ordinetur,
755 4106 788 4158 ut
809 4098 1066 4176 perpendiculares
1093 4103 1121 4157 in
1144 4100 1264 4174 planum
1288 4101 1441 4177 eclipticac
1464 4119 1501 4162 ex

146 4186 209 4262 ejus
233 4188 363 4244 terminis
386 4186 530 4245 ambobus
552 4186 682 4247 incidant
704 4189 781 4247 intra
803 4187 928 4246 orbitam
950 4187 1067 4260 Terrae,
1091 4194 1206 4248 cometa
1227 4187 1274 4246 vel
1289 4189 1366 4248 intra
1381 4205 1500 4261 aunum,

144 4272 191 4331 vel
206 4275 294 4332 ctiam
309 4275 386 4331 intra
402 4275 419 4329 1
447 4290 562 4334 menses
576 4277 674 4336 omnia
689 4276 775 4351 signa
790 4291 940 4351 permeare
954 4274 1116 4350 videbitur;
1131 4273 1199 4334 vide
1214 4274 1256 4334 th.
1272 4273 1347 4333 XX.
1363 4282 1393 4335 et
1407 4275 1501 4350 xxl,

143 4362 260 4436 propria
289 4359 377 4436 buius
404 4362 595 4436 quaestionis.
643 4362 793 4422 Comatam
823 4378 893 4422 vero
924 4364 992 4421 anni
1018 4365 1110 4422 14⁷2.
1140 4378 1199 4422 uuo
1227 4379 1326 4423 mense
1354 4365 1503 4441 resigna

143 4447 380 4524 perambulasse,
404 4464 463 4507 non
486 4446 553 4524 lego
576 4451 606 4507 in
629 4448 690 4508 ulla
711 4448 769 4509 lide
792 4450 881 4527 digna
903 4447 1122 4526 descriptione..
1144 4450 1185 4509 At
1207 4467 1243 4509 ex
1264 4449 1502 4527 Regiomoutanc

144 4541 267 4608 constat,
291 4534 374 4594 illum
396 4552 432 4595 ex
451 4537 503 4605 Q
520 4543 601 4596 motu
624 4535 794 4613 retrogrado
815 4540 844 4595 in
862 4538 897 4610 Υ
917 4539 1042 4610 venisse,
1065 4538 1188 4598 transitu
1211 4554 1264 4614 per
1285 4541 1500 4615 septentriones

143 4621 238 4697 iacto;
262 4621 292 4681 id
314 4639 384 4683 vero
408 4631 507 4700 posset
529 4632 611 4685 mota
633 4622 784 4686 rectilineo
807 4630 948 4705 qnantum
974 4624 1046 4691 ralis
1062 4626 1142 4685 brevi
1157 4631 1297 4707 tempore
1313 4658 1356 4671 -
1371 4625 1501 4687 Tantum

145 4706 182 4767 dc
207 4711 329 4770 cometis
350 4711 536 4789 anni1618.
573 4738 580 4746 ·
