3284 5520
141 321 207 391 186
640 321 778 394 Teutone
794 321 1007 395 lltifflilsslfl

140 501 260 565 maximi
290 499 454 579 paruiiartn
488 518 605 563 omnem
636 502 761 580 perimit
793 448 910 563 'emon
943 517 1013 567 vero
1046 499 1223 580 peculiaris,
1255 500 1352 565 annia
1381 498 1505 563 ommno

141 587 281 648 distantia
314 589 447 649 binorum
479 590 509 647 in
543 589 625 650 coelo
658 596 832 665 punctomm
865 597 1048 650 mensuratur
1082 589 1209 657 arcubus
1239 586 1342 653 mccii
1374 585 1504 664 aliculam

140 677 257 739 maximi
280 675 433 754 sphaerae,
457 695 545 754 quem
564 678 618 739 tibi
640 676 739 754 placet
760 675 910 754 appelare
931 678 1147 755 imaginarium.
1183 675 1270 741 Tolle
1291 675 1371 739 uano
1392 676 1503 751 imagi-

140 765 303 827 nationem:
335 767 562 840 astronomiam,
592 767 663 841 quin
691 773 721 827 et
750 765 941 842 geometriam
971 767 1139 827 universam
1167 762 1300 827 funditus
1327 761 1504 838 sustulerim

140 869 242 913 omnes
265 852 295 911 in
317 868 354 912 ea
376 868 495 929 qnoque
517 851 618 930 anguli
641 851 680 915 ad
694 860 836 927 centrum,
858 869 959 913 omnes
981 851 1020 913 ad
1043 853 1141 912 visum
1163 850 1338 915 circulorum
1361 849 1503 922 umens,

139 940 165 999 si
191 939 278 1014 libet,
312 941 507 1017 imaginariis,
539 942 765 1003 mensurantur:
798 938 848 1003 Sic
874 941 963 1016 igitur
985 939 1142 1017 profligata
1164 946 1209 1001 est
1230 940 1325 1017 puina
1347 936 1386 998 de
1408 937 1505 1001 uitas

141 1028 288 1088 instantia

248 1115 297 1174 10.
334 1113 471 1176 Secunda
500 1112 683 1177 clarimontii
715 1115 856 1177 instantia
886 1112 1072 1192 particularis
1102 1120 1156 1174 est
1200 1112 1313 1190 Magno
1340 1109 1504 1186 molimine,

139 1217 247 1278 magno
261 1207 292 1262 et
304 1200 388 1262 hiatu
404 1201 565 1264 circumdet
580 1201 712 1278 copiolas
723 1200 873 1280 Tychonis
888 1201 1056 1276 auxiliares,
1071 1199 1190 1276 longius
1205 1202 1243 1263 ab
1259 1201 1324 1262 acie
1338 1198 1503 1277 digressu3

139 1306 213 1365 quas
236 1290 292 1351 etsi
317 1289 487 1364 conciderit,
511 1289 550 1350 ad
564 1306 708 1350 sommam
731 1291 774 1350 rei
795 1288 911 1368 proiicit
932 1287 1014 1364 nihl
1036 1297 1204 1366 spectemus
1226 1296 1327 1349 tamen
1348 1293 1380 1349 et
1400 1302 1505 1351 wan

141 1378 288 1437 uirtutem.
1116 1376 1120 1383 '

243 1463 346 1541 Tyoho
376 1470 535 1542 postqum
562 1463 833 1543 comprobationem
854 1479 958 1535 auam,
991 1480 1080 1540 quam
1102 1467 1165 1540 ipse
1188 1461 1308 1540 quidem
1330 1459 1503 1536 mundam,

140 1549 326 1613 adversarius
341 1568 411 1613 vero
435 1553 567 1628 quintam
582 1558 725 1624 numerat,
747 1549 925 1613 suffiosotsr
946 1558 977 1612 et
999 1553 1184 1628 exposuisset
1205 1558 1236 1611 et
1257 1549 1501 1624 demonstrarent,

14 1640 17 1645 ’
139 1648 283 1700 cometam
299 1638 412 1703 scilicet
433 1638 578 1718 parallcxi
591 1639 697 1717 majori
719 1654 808 1715 quam
831 1648 877 1700 est
890 1637 993 1701 Lunae
1015 1640 1144 1701 carnisse
1158 1654 1254 1715 eoque
1276 1654 1368 1716 supra
1383 1635 1502 1697 Lunam

138 1726 237 1799 inisse,
262 1726 443 1873 eramento
459 1745 547 1804 anper
570 1725 826 1787 observationibus
847 1724 1053 1789 distantiarum
1075 1726 1114 1786 ab
1137 1741 1188 1786 ore
1202 1724 1312 1803 Pegasi
1332 1730 1502 1787 omuoomz

134 1813 198 1891 jam
212 1830 281 1889 porr
322 1812 361 1874 ad
376 1814 518 1889 maJorem
539 1816 582 1875 rei
597 1812 775 1875 evidentiam
796 1829 906 1890 ponere
918 1814 1005 1890 jubet
1026 1811 1236 1886 adversarium,
1258 1812 1351 1875 luisse
1366 1820 1503 1875 cometae

137 1899 302 1977 pmalluxio
332 1900 488 1979 aequalem
510 1901 621 1974 innati,
654 1897 767 1963 scilicet
795 1907 829 1960 ut
857 1916 919 1961 reru
949 1900 988 1962 ed
1017 1899 1277 1965 contradictionem
1300 1897 1444 1973 deducat,
1475 1899 1503 1959 si

140 2006 177 2048 ex
191 1986 227 2050 eo
243 1996 383 2063 sequatur
398 1987 519 2065 aliquid,
542 1989 623 2065 quod
638 2006 657 2051 a
671 1986 834 2049 manifestis
849 1989 1107 2050 observationibus
1123 1987 1295 2049 confutetur.
1336 1985 1502 2061 Videtisne,

135 2075 200 2152 jam
223 2074 394 2153 Typhonem
421 2076 452 2135 in
480 2077 612 2137 auctario
640 2075 737 2137 solnm
766 2077 877 2137 versari
905 2076 1140 2137 ratiocinationis
1167 2073 1298 2152 prioris?
1334 2071 1502 2148 Videtisne,

139 2163 236 2241 ipsum
259 2161 382 2240 fingere,
406 2179 459 2225 seu
480 2165 511 2223 in
532 2165 657 2241 gratiam
678 2162 839 2224 adversarii
861 2179 985 2240 ponere,
1010 2161 1091 2240 quoi
1111 2178 1172 2223 non
1194 2160 1277 2225 erati
1310 2159 1389 2237 Quid
1411 2161 1505 2238 igitur

139 2251 276 2328 peccavit
303 2253 333 2309 in
362 2249 452 2326 hujus
480 2250 655 2312 deductione
682 2249 861 2329 positionis?
895 2267 1051 2328 quemnam
1073 2266 1200 2311 errorem
1222 2249 1385 2323 commisit,
1415 2247 1504 2324 culus

139 2337 302 2399 deuotione
331 2339 523 2415 peripatetica
550 2337 586 2399 de
614 2340 737 2400 cometis
767 2339 898 2415 opinatio
928 2354 995 2401 sese
1021 2345 1120 2417 speret
1141 2339 1172 2397 in
1194 2338 1340 2414 integmm
1361 2333 1504 2401 restituit

139 2425 253 2487 Dicam

247 2515 296 2573 ll.
328 2511 470 2575 Doctrina
496 2511 709 2591 triangulorum
738 2511 882 2575 hocloco
905 2511 1000 2575 molta
1021 2511 1175 2573 smemeta
1195 2509 1381 2589 postulante,
1412 2516 1505 2587 prom

2 2606 9 2619 ·
139 2616 176 2660 ea
189 2605 260 2662 tunc
274 2601 414 2676 temporis
429 2606 492 2662 erat
506 2601 584 2674 trita,
607 2608 638 2662 et
652 2601 768 2678 magnis
783 2601 821 2660 ab
837 2600 1015 2663 obscuritate
1034 2597 1256 2662 difficultatibus
1271 2597 1503 2671 imminentium,

139 2704 159 2747 a
184 2687 292 2763 quibus
314 2686 418 2766 'lycio
448 2686 586 2749 lectorem
613 2704 699 2749 snum
728 2687 867 2765 cupiebat
889 2687 1058 2762 detonsum,
1093 2688 1157 2765 ipse
1181 2689 1260 2749 ιίιιιι
1283 2688 1434 2762 ingressus
1456 2694 1506 2747 sat

139 2791 221 2848 eam,
254 2792 342 2852 quam
369 2774 690 2851 compendiosissimam
717 2781 763 2837 est
792 2782 889 2836 ratus:
921 2793 958 2836 ex
988 2776 1037 2834 via
1067 2780 1200 2839 comeus
1222 2775 1377 2851 apparenti
1397 2789 1503 2835 veram

138 2862 208 2923 iecit
235 2856 285 2945 (nt
314 2870 377 2923 erat
404 2861 522 2938 quidem
550 2865 614 2923 sine
641 2862 699 2924 hec
720 2857 955 2943 suppositione),
988 2879 1025 2922 ex
1047 2860 1121 2922 iocis
1144 2863 1218 2921 visis
1240 2877 1328 2922 veros
1349 2862 1396 2935 (at
1418 2867 1504 2923 crant

139 2951 211 3022 veri,
234 2950 291 3009 nisi
306 2949 499 3010 differentiam
520 2950 583 3024 jam
597 2952 802 3027 supposuisset
817 2958 1015 3026 utrorumque,
1039 2948 1096 3011 hoc
1118 2955 1164 3011 est
1178 2942 1368 3029 parallariu),
1392 2944 1503 3009 delude

139 3038 216 3097 veris
245 3039 290 3097 sic
316 3038 477 3114 suppositis
505 3037 668 3114 applicavit
693 3034 862 3115 parallaxes
887 3037 944 3098 hac
972 3038 1037 3099 rico
1063 3053 1235 3110 conessum,
1266 3033 1443 3108 ostendens,
1475 3036 1503 3095 si

139 3130 254 3185 cometa
275 3123 330 3183 isos
352 3139 452 3197 arcus,
476 3130 509 3182 ut
530 3130 614 3185 erant
635 3126 709 3199 visi,
733 3140 802 3185 vere
827 3122 1015 3199 decurrisset,
1045 3141 1119 3200 quos
1143 3125 1232 3201 igitur
1254 3123 1332 3185 alios
1354 3120 1503 3186 videndus

138 3211 226 3273 fucrit
255 3209 420 3286 decurrere;
454 3209 638 3286 confecitque
669 3214 698 3275 io
731 3209 987 3273 demonstrationis
1017 3213 1117 3290 exitu,
1149 3210 1341 3273 differentiam
1372 3208 1500 3273 deoru·

140 3299 270 3360 visorum
297 3298 425 3360 loturam
453 3299 544 3359 iuism
570 3315 758 3376 nequaquam
790 3301 827 3357 12
857 3302 1048 3373 minutorum,
1079 3305 1192 3375 quanta
1213 3298 1382 3359 observatio
1407 3295 1500 3369 dedit,

139 3384 191 3446 sed
206 3384 294 3461 plane
310 3385 429 3460 nnllam,
454 3389 497 3446 sic
512 3392 545 3445 ut
565 3394 679 3447 cometa
693 3405 746 3463 per
768 3391 826 3446 tres
849 3386 1037 3447 intermedius
1059 3386 1147 3446 horas
1162 3385 1261 3463 quoad
1284 3382 1501 3463 longitudinem

139 3471 227 3552 plane
249 3475 440 3535 stationarius
461 3490 666 3550 permansurus
688 3474 785 3535 luerit.

247 3562 296 3619 12.
329 3561 389 3622 Hic
414 3577 486 3622 vero
517 3560 663 3622 exclamet
692 3559 923 3621 claramontins:
958 3558 1077 3621 Missam
1108 3563 1144 3619 s'n
1171 3559 1297 3620 modian
1329 3557 1502 3636 Μυκη

139 3647 227 3706 nobie
240 3649 425 3723 imposuisse.
465 3646 542 3724 Quid
566 3650 611 3709 ais
627 3646 829 3709 Claramontil
852 3646 998 3724 Imposuit
1012 3663 1082 3707 vero
1105 3647 1191 3707 nobis
1212 3644 1358 3725 scriptori
1381 3644 1502 3707 Dolone

139 3750 178 3793 ao
208 3732 288 3794 bona
315 3733 395 3796 fidel
431 3734 470 3795 Et
496 3737 543 3797 cui
565 3735 659 3809 bono,
693 3737 780 3796 cuive
802 3732 905 3793 maloi
942 3732 1036 3795 Satiu'
1060 3751 1168 3796 causae
1189 3740 1235 3794 est
1256 3734 1356 3807 nobis,
1389 3731 1502 3795 Bralrsl

140 3820 301 3897 discipulis,
324 3829 358 3882 ut
379 3821 594 3884 immodestiam
616 3823 701 3895 hanc,
723 3820 873 3883 luculenta
895 3838 961 3881 oum
983 3821 1090 3898 injuria
1112 3821 1307 3897 conjnnctsm,
1327 3820 1413 3896 justa
1433 3836 1502 3881 curn

140 3907 326 3973 vehementia
355 3915 485 3973 retusum
516 3910 642 3970 eamus?
679 3910 739 3971 Sed
768 3926 816 3970 me
846 3909 980 3985 reprimo.
1026 3908 1141 3969 Sufficit
1173 3915 1207 3969 nt
1238 3910 1333 3971 sciant
1363 3906 1500 3983 lectores,

140 3994 311 4074 'lychonem
334 4013 430 4073 neque
453 4000 582 4059 nescium
606 3996 677 4074 quid
691 4003 802 4073 ageret,
825 4012 921 4071 neque
945 3995 1043 4057 studio
1065 3996 1164 4056 lucum
1187 3992 1362 4057 abundandi
1383 3994 1501 4069 temese

139 4100 235 4161 neque
264 4085 418 4147 veritatem
447 4083 509 4144 ulia
538 4086 568 4142 in
596 4091 680 4161 parte
708 4084 829 4149 laesisse
844 4078 890 4162 ¹¹²).
934 4082 994 4144 Res
1021 4085 1116 4157 enirn,
1150 4083 1270 4159 etjam
1298 4079 1410 4143 dudum
1432 4080 1502 4143 aliis

140 4172 230 4232 etiam
251 4187 424 4248 responsum
447 4178 505 4245 est,
533 4169 610 4231 redit
631 4171 735 4233 eodem
757 4170 796 4231 ad
820 4187 948 4245 unguem
970 4168 1135 4247 rediretque
1157 4170 1251 4231 multo
1272 4169 1371 4230 adhuc
1392 4169 1501 4231 urioorl

140 4275 247 4336 opem,
281 4262 307 4318 si
335 4261 424 4323 etiarn
452 4259 569 4337 penitus
598 4258 779 4335 neglexisset
800 4256 903 4336 Tycha
934 4256 1161 4319 declinationem
1191 4260 1248 4319 oria
1271 4257 1378 4335 Pegasi
1409 4256 1502 4317 aria

140 4352 281 4420 cometae,
302 4348 326 4406 si
340 4349 428 4407 etiam
442 4364 478 4407 cr
490 4344 637 4422 triangulo
653 4346 806 4423 sphaerico
817 4344 1008 4422 parallaxeon
1023 4363 1133 4405 merum
1149 4345 1330 4406 rectilineum
1346 4343 1501 4420 tentamus,

140 4439 175 4495 ut
196 4451 252 4510 ego
271 4433 354 4495 soleo
377 4432 543 4511 compendii
565 4450 663 4494 causa

249 4522 297 4581 13.
329 4521 394 4600 Age
417 4523 496 4587 enim
517 4536 733 4599 supponamus,
757 4525 789 4580 ut
811 4520 980 4596 quaeritans
1002 4519 1118 4596 flagitat
1138 4518 1255 4596 Scipio,
1289 4517 1446 4594 circulum
1468 4523 1502 4580 iu

141 4622 201 4681 quo
229 4609 312 4671 usus
341 4615 387 4669 est
410 4615 539 4680 cometa,
570 4615 640 4668 tunc
662 4610 750 4669 eiiam
773 4625 838 4669 esse
861 4608 957 4668 meum
980 4607 1045 4682 eius
1066 4609 1138 4685 iter,
1169 4605 1288 4682 qnando
1311 4604 1502 4669 adversarius

140 4691 301 4771 paraliaxin
333 4695 466 4774 aliquam
498 4697 647 4773 supponit
693 4695 765 4756 Esto
797 4693 903 4755 13er
936 4693 994 4756 lroo
1026 4695 1124 4754 visum
1157 4696 1222 4755 iter.
1266 4694 1427 4757 Faciamus
1459 4693 1501 4756 ad

141 4787 246 4851 mun
265 4781 355 4861 hujus
376 4784 589 4863 appositionis
610 4783 726 4849 totunm
747 4800 768 4847 a
788 4789 938 4860 possesso
953 4781 1105 4860 holonia
1125 4781 1276 4849 ιοῑιιιιιιιο
1298 4787 1329 4847 at
1349 4782 1500 4863 datm*
