3284 5520
213 313 258 379 80
373 304 377 311 ’
719 315 760 369 De
778 316 896 372 comede
913 313 996 371 libelli
1014 315 1063 370 111.

201 508 271 568 que
293 490 382 551 etiam
406 497 487 550 motu
509 491 622 553 interim
648 493 757 571 aliquo,
782 493 966 572 planetarum
991 495 1119 554 motibus
1141 496 1303 569 contrario,
1328 512 1393 556 sese
1416 496 1573 556 extricavit

213 577 346 639 nonnihil
370 580 408 638 ab
430 578 534 638 iisdem
558 580 633 654 liris,
657 588 690 640 ut
712 582 808 642 solent
831 585 918 643 etiam
941 584 1030 642 ceteri
1053 590 1194 642 cometae.

320 665 393 724 Cum
423 669 511 742 igitur
533 683 692 742 persuasus
715 687 824 744 essem,
856 677 1001 729 cometam
1024 687 1104 743 esse,
1136 668 1266 746 praedixi
1290 670 1402 744 statim,
1434 671 1571 746 quamvls
1605 686 1607 691 ·

212 752 291 813 felici
313 757 407 831 magis
436 772 525 830 quam
548 755 680 830 legitima
703 757 887 832 conjectura,
920 769 1032 815 motum
1055 758 1089 814 iri
1113 759 1141 813 in
1166 756 1246 815 illam
1269 755 1402 831 plagam,
1427 758 1458 814 iu
1481 774 1569 833 quarn

214 842 314 900 exibat
343 857 427 900 arctis
457 841 570 901 mediae
599 852 789 918 curvaturae,
823 845 909 920 quasi
935 853 1069 920 promoto
1092 852 1208 903 cometa
1231 842 1443 919 relinqueretur
1466 843 1569 916 cauda
1624 832 1628 839 ’

214 935 247 987 ut
269 931 365 987 tenuis
394 938 425 987 et
448 930 539 987 motui
561 932 657 989 minus
680 930 803 1005 idonea;
837 930 889 991 sed
912 930 969 990 boc
990 948 1048 990 non
1072 940 1117 991 est
1139 939 1319 1007 perpetuum.
1365 931 1476 991 Verum
1499 949 1572 991 con-

214 1017 336 1075 tinuabo
360 1017 590 1076 observationes.
1571 1030 1575 1043 ·

319 1104 376 1162 Die
400 1099 425 1184 Q
451 1106 500 1162 21.
516 1104 593 1164 Nov.
618 1121 702 1163 mane
725 1103 754 1162 n.
773 1099 835 1188 27,
858 1103 982 1164 caudam
1005 1105 1082 1164 hanc
1100 1106 1162 1180 jam
1186 1105 1326 1164 orientem
1350 1102 1421 1177 ridi,
1445 1103 1519 1162 bora
1542 1104 1570 1162 6.

214 1190 390 1250 tendebatur
419 1208 455 1249 ex
484 1189 616 1251 claritate
644 1209 782 1265 aurorae,
818 1209 894 1267 quae
918 1209 983 1251 eam
1007 1193 1196 1269 praesecabet
1217 1210 1270 1251 sen
1295 1190 1412 1251 delebat
1434 1191 1571 1264 inlerius3

217 1284 300 1336 tauto
324 1280 420 1354 spatio
437 1279 492 1337 sub
517 1287 609 1338 rostro
625 1279 713 1339 Corvi
737 1279 920 1353 tendebatur,
945 1288 1086 1355 quantum
1104 1278 1132 1337 id
1156 1280 1279 1338 distata
1301 1280 1398 1357 capite
1414 1277 1462 1337 vel
1485 1278 1571 1350 collo,

215 1363 368 1424 dividebat
389 1364 514 1424 mediam
539 1367 622 1424 basin
647 1366 787 1440 Crateris,
811 1367 977 1441 relinquens
1001 1384 1088 1425 unam
1111 1367 1175 1441 ejus
1198 1366 1314 1426 stellam
1337 1366 1425 1438 inira,
1450 1365 1573 1425 alteram

213 1452 331 1528 lougius
362 1469 466 1528 supra,
502 1455 615 1513 tertiam
647 1452 735 1534 (quae
766 1455 841 1513 ultra
868 1453 996 1512 medium
1019 1454 1150 1530 Virginis
1172 1453 1294 1530 Hydrae
1316 1453 1464 1531 tribuitur)
1487 1454 1571 1527 quasi

215 1539 323 1599 directe
352 1541 516 1616 attingebat
546 1542 645 1616 ibique
675 1541 842 1615 desinebat,
877 1540 973 1600 adhuc
1002 1558 1109 1616 curva,
1144 1540 1262 1600 dilutior
1284 1542 1372 1600 etiam
1396 1548 1460 1599 erat
1483 1556 1572 1615 quam

213 1627 316 1703 pridie,
341 1628 393 1687 sed
408 1636 438 1687 et
452 1628 548 1687 latior.
587 1629 748 1688 Mercurius
764 1630 900 1706 apparuit
923 1631 951 1685 in
968 1628 1045 1687 clera
1069 1645 1175 1687 aurora
1190 1628 1357 1701 clarissime,
1380 1626 1433 1686 sed
1448 1643 1572 1686 aurorae

214 1717 353 1774 terminus
377 1713 468 1773 multo
491 1719 623 1791 superior
646 1715 806 1789 Mercurio,
834 1733 908 1791 quae
931 1733 989 1773 non
1013 1715 1131 1774 delebat
1153 1714 1343 1788 Mercurium,
1368 1713 1480 1774 delevit
1500 1713 1571 1772 reli·

215 1820 305 1877 quum
328 1803 449 1861 interius
471 1802 560 1877 hrrjus
582 1810 702 1863 tractus.
742 1803 831 1861 Visus
851 1815 896 1863 est
918 1811 978 1862 tam
1002 1802 1052 1860 diu
1075 1801 1270 1862 dilucescente
1293 1801 1384 1875 coelo,
1408 1818 1497 1877 quarn
1522 1801 1571 1859 diu

214 1888 320 1949 stellae
344 1889 431 1948 Corvi
462 1899 620 1965 potuerunt
649 1890 752 1949 videri.
799 1892 872 1949 Cum
898 1892 985 1966 igitur
1008 1890 1055 1949 die
1077 1898 1218 1967 sequente
1244 1887 1572 1971 12s22.Nov.Alsati

215 1976 348 2035 nonnulli
372 1986 551 2037 nemetense
574 1978 682 2037 vidisse
698 1978 844 2053 jactitent,
868 1978 944 2036 huuc
961 1979 1048 2053 igitur
1070 1985 1193 2037 tractum
1217 1977 1347 2036 lucidum
1369 1976 1436 2035 illos
1460 1975 1573 2035 vidisse

216 2061 373 2123 verisimile
396 2073 448 2124 est.

321 2151 379 2211 Die
403 2148 428 2230 9
455 2153 505 2210 23.
533 2151 608 2210 Nor.
632 2151 660 2213 lr.
682 2153 710 2211 5.
736 2151 951 2211 dehiscentibus
974 2152 1102 2210 nubibus
1124 2151 1220 2211 adbuc
1241 2153 1314 2210 satis
1336 2149 1412 2210 clare
1435 2151 1574 2226 apparuit

215 2241 349 2297 elvisus
379 2249 425 2297 ost
452 2237 569 2313 longine
594 2238 747 2300 deflexisse
770 2258 788 2298 e
811 2238 903 2298 stellis
929 2241 1066 2297 Corvilu
1090 2248 1238 2312 austrum3
1271 2238 1445 2298 tendebatur
1470 2254 1573 2296 versus

216 2343 302 2385 renam
333 2324 441 2385 claram
464 2324 599 2403 Hydrae,
635 2343 722 2402 quam
755 2335 824 2385 tunc
853 2327 970 2401 quidem
998 2329 1164 2385 existimavi
1188 2342 1253 2385 esse
1275 2342 1324 2384 cor
1346 2324 1483 2402 Hydrae,
1519 2323 1573 2383 sed

215 2413 377 2473 discernere
401 2430 457 2471 nou
481 2422 542 2473 erat
565 2413 665 2473 stellas
689 2413 763 2473 adeo
787 2423 866 2474 certo
890 2414 927 2471 ob
951 2414 1066 2474 crebras
1089 2415 1193 2473 nubes.
1238 2411 1326 2472 Hunc
1348 2415 1435 2487 igitur
1457 2413 1574 2471 circiter

215 2499 292 2560 diem
320 2503 417 2578 potuit
446 2502 525 2560 trabs
553 2502 610 2559 ista
637 2501 793 2573 Romanis,
829 2501 936 2575 quibus
967 2499 1053 2560 altior
1081 2501 1166 2576 polus
1188 2499 1327 2576 gradibus
1351 2499 1485 2575 aliquot,
1517 2517 1575 2575 per

214 2588 377 2647 humerum
400 2588 621 2647 antecedentem
641 2587 789 2648 Centauri
811 2588 894 2646 badi
917 2587 1018 2656 videri,
1042 2587 1121 2664 quod
1136 2588 1247 2647 Remus
1268 2586 1393 2647 alllrmet
1415 2586 1451 2645 de
1466 2586 1574 2646 diebus

215 2677 453 2735 observationem
477 2679 599 2753 primam
616 2677 853 2751 insequentibus3
877 2693 944 2734 uam
959 2677 1045 2734 nobis
1068 2692 1190 2735 aurorae
1214 2675 1311 2734 lumen
1326 2675 1464 2734 interiora
1483 2672 1574 2749 buius

215 2765 306 2823 trabis
329 2780 394 2823 cum
419 2765 483 2839 ipsa
506 2763 643 2823 Centauri
666 2763 752 2822 stella
775 2764 923 2822 effuderat.
1491 2796 1496 2809 ι

319 2851 440 2910 Dierum
473 2853 657 2926 sequentium
688 2853 833 2911 matutina
864 2848 902 2909 ad
932 2849 1100 2909 Danubium
1132 2849 1241 2925 pluviis
1273 2856 1303 2908 et
1331 2846 1458 2906 nubibus
1488 2854 1575 2906 erant

214 2935 342 3012 foedata,
367 2946 398 2997 ut
420 2937 472 2997 illa
495 2937 568 2997 coeli
592 2938 681 3014 plaga
704 2936 796 2995 videri
818 2953 875 2994 nou
900 2946 1008 3012 posset.

320 3026 376 3084 Die
405 3021 509 3107 ¹4s24·
531 3024 608 3083 Nou.
632 3024 784 3083 Budowici
807 3028 835 3083 iu
859 3024 1004 3083 Boheuria
1025 3026 1055 3081 in
1078 3023 1206 3084 hibernis
1230 3024 1374 3082 exercitus
1395 3021 1574 3080 Caesareaui

216 3114 313 3171 visum
344 3130 408 3172 esse
437 3119 580 3171 cometam
603 3111 682 3171 clara
705 3112 785 3185 luce,
819 3114 914 3188 capite
938 3120 967 3170 et
989 3110 1083 3171 cauda
1106 3111 1290 3183 clarissimis,
1321 3108 1477 3167 affirmavit
1499 3107 1573 3165 mibi

215 3199 435 3258 Maximilianus
450 3199 609 3274 Marsilius,
633 3200 782 3259 societatis
797 3198 881 3272 desa,
905 3207 974 3257 tuuc
996 3200 1036 3257 ibi
1056 3215 1209 3274 praesens:
1233 3197 1263 3256 id
1277 3214 1315 3256 au
1339 3196 1378 3255 ad
1401 3195 1572 3267 secundum,

215 3304 253 3346 an
277 3286 314 3345 ad
338 3289 454 3346 tertium
476 3287 607 3360 reseram,
632 3286 717 3345 valdo
740 3287 868 3362 ambigo.
905 3285 981 3344 Nam
1005 3286 1100 3345 triduo
1124 3295 1220 3359 antea,
1244 3302 1309 3344 cunr
1332 3283 1370 3342 ad
1393 3282 1574 3342 Mercurium

215 3376 424 3450 respexissem,
461 3377 487 3432 in
514 3371 549 3433 9⁰
573 3377 613 3453 iii
644 3382 785 3446 stantem,
820 3374 897 3433 unde
925 3376 1027 3433 tertius
1055 3381 1169 3433 cometa
1191 3370 1298 3450 prodiit
1320 3379 1387 3449 post
1411 3369 1573 3442 octiduum,

216 3470 360 3520 cometam
385 3463 424 3520 ibi
447 3462 560 3521 nullum
584 3461 660 3534 vidi;
696 3471 763 3537 post
787 3461 906 3520 biduum
930 3478 1041 3519 rursum
1065 3462 1219 3519 insidiatus
1243 3460 1411 3536 conspectui
1434 3456 1574 3516 Mercurii

215 3566 270 3608 nec
292 3549 369 3609 huuc
391 3550 449 3608 vidi
473 3566 534 3616 nec
550 3556 701 3621 cometam,
726 3566 780 3607 nec
802 3550 935 3623 sequenti
960 3551 1011 3606 21.
1027 3548 1103 3607 Nou.
1129 3550 1245 3607 tertium
1269 3555 1412 3605 cometam
1435 3545 1573 3603 animad-

219 3638 303 3707 verti,
327 3640 462 3712 quamvis
477 3636 514 3695 ed
538 3636 639 3694 horam
661 3639 687 3693 i.
705 3652 797 3712 usque
820 3635 1009 3695 attendissent
1025 3645 1157 3695 cometae
1179 3634 1324 3708 secundo;
1346 3649 1400 3692 uec
1415 3630 1572 3707 Tublngae

216 3722 265 3782 die
293 3724 495 3793 testatior.
519 3723 741 3783 animadversus
770 3730 815 3782 est
842 3725 959 3795 tertius,
989 3722 1106 3799 quando
1136 3722 1281 3781 secundus
1308 3721 1481 3779 observatus
1504 3719 1569 3777 luit.

217 3811 259 3868 At
281 3818 382 3869 contra
405 3828 462 3870 nou
486 3811 625 3886 sequitur,
648 3827 723 3884 eum,
748 3813 799 3886 qul
814 3810 943 3869 secundo
959 3809 1142 3885 advigilavit,
1165 3818 1320 3886 propterea
1342 3809 1430 3866 etiam
1454 3807 1571 3866 tertium

217 3897 317 3958 videre
347 3898 491 3957 debuisse.
537 3898 612 3957 Nam
636 3897 696 3955 vidi
719 3914 775 3973 ego
798 3896 900 3957 eodem
924 3896 971 3956 die
995 3899 1046 3955 29.
1071 3905 1238 3972 utrumque,
1273 3896 1390 3971 quando
1414 3892 1571 3968 Tubingae

218 3991 331 4043 tantum
361 3984 508 4046 secundus
540 3994 586 4044 est
616 3987 712 4056 visus,
747 3986 875 4043 nubibus
906 3985 980 4043 torte
1002 3983 1146 4043 horizonti
1168 3983 1371 4043 insidentibus.
1417 3979 1449 4040 Si
1471 3988 1570 4039 temen

217 4075 320 4132 tertius
352 4071 398 4132 dic
422 4075 473 4135 at.
501 4081 546 4132 est
570 4074 663 4145 enisus,
699 4081 813 4148 oportet
836 4071 918 4130 illum
941 4076 1013 4130 esse·
1029 4081 1122 4131 ortum
1146 4089 1204 4130 rrne
1227 4072 1299 4130 hora
1322 4077 1351 4128 et
1373 4069 1458 4127 besse
1479 4067 1571 4127 borae

215 4167 284 4220 ante
307 4159 422 4233 Solem,
451 4159 488 4219 ad
513 4159 644 4219 dextram
667 4159 746 4235 ejus,
776 4167 805 4218 et
828 4157 950 4218 caudam
974 4176 1075 4218 versus
1100 4159 1226 4218 Corvum
1249 4157 1421 4235 projecisse,
1445 4154 1571 4213 multum

216 4247 254 4306 ad
283 4247 460 4307 horizontem
491 4247 675 4318 inclinatam,
709 4245 787 4321 long.
814 4244 869 4304 18ο
893 4249 948 4325 iii,
977 4245 1029 4305 lat.
1059 4242 1094 4305 3⁰
1118 4245 1169 4304 26⁴
1192 4245 1312 4304 australi
1336 4245 1464 4315 circiter,
1496 4244 1571 4301 inter

216 4337 359 4410 tropicum
382 4335 549 4411 Capricorni
579 4343 608 4394 et
637 4333 815 4409 eclipticam,
850 4350 938 4409 quam
967 4342 1034 4392 aute
1057 4336 1108 4392 24.
1131 4333 1206 4392 Nov.
1236 4333 1374 4392 transisse
1402 4337 1516 4409 oportet
1540 4331 1569 4387 lu

218 4420 274 4479 16⁰
292 4422 341 4481 18⁴
359 4426 409 4502 iii.
446 4422 484 4481 Et
498 4424 524 4480 sl
550 4423 586 4480 13
611 4421 715 4480 diebus
731 4429 818 4481 antea
841 4423 975 4480 incensus
990 4429 1043 4493 est,
1068 4421 1115 4481 die
1136 4419 1248 4480 scilicet
1274 4423 1322 4478 11.
1339 4418 1426 4491 Noa,
1450 4416 1569 4493 quando

216 4510 313 4584 coepit
344 4509 436 4568 videri
459 4508 613 4583 secundus,
645 4515 872 4569 consentaneum
895 4509 960 4581 liet,
984 4517 1051 4567 tnnc
1074 4508 1156 4565 illum
1180 4510 1257 4567 circa
1281 4500 1338 4565 23⁰
1362 4508 1402 4584 iii
1427 4522 1492 4563 curn
1515 4503 1567 4563 let

215 4612 285 4655 ruer.
303 4594 337 4655 8⁰
359 4597 491 4657 haesisse
508 4595 610 4655 eodem
628 4595 704 4669 loco,
728 4598 804 4654 circa
819 4613 906 4671 quem
921 4603 1007 4655 antea
1022 4593 1182 4655 secundum
1206 4613 1242 4654 ex
1258 4593 1424 4669 conjectura
1439 4593 1570 4669 reposui,

215 4685 346 4758 proxime
377 4688 482 4745 rictum
506 4684 591 4761 Lupi.
637 4682 838 4759 Quamquam,
873 4685 898 4742 si
928 4700 1003 4741 unus
1031 4682 1061 4739 in
1085 4682 1158 4740 duos
1182 4681 1313 4755 dissiliit,
1347 4679 1377 4739 id
1399 4697 1453 4739 nec
1474 4679 1570 4755 prima

218 4772 411 4847 apparitionis
427 4771 474 4832 die
495 4771 605 4833 lactum
622 4788 685 4833 esee
707 4787 826 4831 necesse
843 4778 896 4844 est,
919 4788 974 4831 nec
993 4778 1091 4831 motus
1113 4769 1251 4847 analogia
1274 4771 1302 4826 in
1326 4778 1450 4845 auoque
1473 4782 1569 4844 usque
