3284 5520
138 316 203 385 730
666 317 708 372 De
724 317 794 372 Nive
812 316 982 386 uexauguln

141 496 235 570 cibun,
258 494 309 555 ead
333 496 362 553 i'n
386 495 483 555 herbie
507 503 536 555 et
558 497 617 556 lere
640 495 801 555 bulbaeele.
848 493 905 556 Vel
929 495 1093 556 coneideret
1114 496 1191 557 aliua
1213 498 1298 577 ipeoe
1321 512 1442 570 euceoe,
1462 513 1496 554 au

137 584 260 659 aliquod
284 586 312 640 in
336 586 372 643 lie
396 583 549 662 discrimen
572 583 731 643 seeundum
756 583 864 659 figurae
886 583 999 643 florum.

232 670 305 729 ,Rea
327 670 399 729 mihi
422 670 551 730 nondum
574 679 724 750 comperta
746 678 799 743 eet,
823 673 924 747 ltaque
945 670 1073 730 eufflciat
1094 669 1200 730 leviter
1220 671 1415 730 admonuisse
1429 669 1497 728 alios

139 757 176 817 (lc
198 758 255 817 hee
276 765 381 833 quarta
404 774 504 819 cauea.

244 844 301 903 Pro
324 847 427 921 quinte
450 861 541 905 cauea
562 844 675 904 laciunt
697 861 787 921 opera
809 844 897 920 hujue
920 844 1093 904 formatricie
1115 843 1264 904 facultatis
1287 843 1361 916 alia,
1385 852 1418 902 ut
1431 861 1493 920 cry·

137 930 226 1003 etalii,
251 948 351 991 omnee
374 931 547 1008 sexanguli,
571 949 636 992 cum
660 931 833 992 adamantes
856 931 1014 992 octaiidnoi
1037 934 1096 991 eiut
1118 933 1267 991 rarissimi.
1312 931 1374 991 Sed
1397 932 1499 989 forma-

140 1020 195 1076 trix
219 1018 344 1079 Telluris
367 1018 493 1079 incultae
515 1035 574 1078 non
597 1037 685 1078 unam
709 1020 895 1096 amplectitur
918 1019 1056 1095 figuram,
1088 1035 1179 1096 gnare
1206 1022 1299 1079 totlue
1323 1021 1498 1095 geometriae

140 1113 169 1164 et
191 1106 220 1163 lu
243 1123 280 1166 ea
302 1108 438 1166 exercita
483 1106 553 1163 Vidi
577 1109 655 1167 aulm
670 1107 802 1168 Drerdae
825 1109 853 1164 ln
877 1106 952 1166 aede
968 1105 1070 1182 Regia,
1094 1109 1141 1166 cui
1164 1106 1283 1166 etabrsso
1309 1122 1427 1177 nomen,
1451 1123 1500 1164 er·

140 1200 273 1252 ornatum
296 1194 422 1253 abacum
445 1210 511 1253 aere
536 1202 701 1270 argentoso,
726 1213 762 1254 ex
786 1210 845 1270 quo
868 1196 953 1270 quael
974 1194 1178 1254 elloreeoebat
1193 1193 1403 1253 dodeoaiidrou
1422 1192 1501 1252 arel·

105 1348 108 1353 .
139 1278 225 1339 lanae
254 1297 365 1356 parvae
393 1280 611 1356 magnitudine,
645 1281 766 1340 dimidia
794 1291 876 1359 parta
899 1289 1027 1340 exstans.
1074 1282 1177 1340 Exstat
1200 1289 1229 1340 et
1253 1283 1281 1337 ln
1308 1281 1500 1354 descriptione

142 1367 318 1426 thermarum
342 1367 524 1428 Bollaneium
546 1368 690 1428 iooeu'edri
713 1386 781 1446 pare
804 1369 931 1427 anterior
954 1370 1029 1427 inter
1050 1368 1172 1428 lorellla.
1215 1369 1323 1443 Itaque
1349 1367 1500 1427 verisimile

141 1462 194 1527 eet,
217 1454 294 1513 hanc
316 1454 485 1515 facultatem
509 1455 704 1530 formatricem
719 1473 772 1532 pro
789 1455 905 1515 diverso
921 1454 1044 1515 humore
1059 1455 1206 1515 diversam
1222 1456 1295 1514 lieri.
1337 1456 1371 1513 Iu
1389 1454 1500 1513 vitriolo

142 1542 243 1601 crebra
265 1549 311 1600 eet
332 1543 426 1618 ligura
449 1543 553 1602 cubica
575 1543 734 1617 rhomblca‚
759 1546 787 1602 in
811 1545 887 1602 uitro
909 1558 965 1601 aua
987 1550 1032 1602 est
1054 1542 1157 1618 ligura.
1197 1542 1310 1602 Dicant
1327 1544 1417 1618 igitur
1432 1542 1499 1618 eby-

141 1630 219 1702 micl,
241 1645 280 1687 an
304 1631 334 1686 iu
357 1632 424 1689 nire
445 1632 484 1689 eit
506 1629 620 1706 aliquid
642 1630 722 1705 ealle,
746 1637 776 1691 et
798 1629 946 1707 quoduam
969 1629 1041 1689 salia
1059 1647 1162 1706 genua,
1187 1637 1217 1689 et
1233 1646 1324 1706 quam
1340 1629 1415 1688 illud
1430 1628 1498 1687 aliae

141 1715 244 1775 induat
265 1715 398 1791 liguram.
438 1717 500 1794 Ego
523 1734 659 1794 namque,
682 1717 807 1793 pulsatis
830 1717 965 1793 chymiae
980 1717 1101 1791 loribus,
1126 1734 1192 1776 curu
1208 1717 1339 1789 videam,
1363 1726 1497 1792 quantum

140 1809 234 1862 raatet
253 1802 421 1876 dicendum,
453 1812 485 1862 ut
507 1821 597 1864 cauea
619 1806 662 1864 roi
684 1805 842 1878 habeatur,
872 1804 951 1863 malo
973 1804 1029 1863 aba
1053 1811 1091 1878 te,
1114 1804 1169 1862 Vir
1192 1803 1403 1878 solertissime,
1435 1802 1497 1880 quil

142 1892 261 1964 tentiae,
285 1889 396 1965 audire,
417 1908 505 1967 quam
528 1889 697 1952 disserendo
720 1892 848 1970 amplius
870 1892 998 1968 fatigari.

718 2045 921 2110 uitiis.
