3284 5520
588 349 802 405 Commentarius
821 348 940 418 llepleri.
1012 366 1029 413 ,·
1378 347 1442 417 753

194 523 219 585 Ι.
244 524 446 603 Chronologos
468 525 624 587 Sleidanus
646 528 675 586 in
700 534 718 588 2
743 528 853 589 classes
876 524 997 585 dividit:
1029 541 1089 582 una
1110 531 1241 584 veterum
1266 530 1326 599 est,
1350 525 1442 587 altera

85 611 214 670 viromm
243 615 334 671 nostri
364 612 465 674 seculi.
510 613 591 673 Scire
622 618 710 690 igitur
739 633 845 692 operae
874 616 998 691 pretium
1025 621 1087 685 est,
1117 616 1236 688 quinam
1259 612 1302 671 illi
1324 614 1440 673 suerint.

84 696 215 757 Primum
238 703 320 777 ponit
342 700 504 761 Hebraeos.
549 702 615 761 Hac
641 719 712 762 voce
735 721 793 761 non
817 702 988 779 intelligitur
1010 699 1126 772 Moses,
1150 716 1218 784 nam
1242 700 1306 775 ejus
1329 699 1442 760 Penta-

85 784 208 845 teuehus
232 789 368 846 omnibus
391 787 576 865 chronologis
600 800 740 865 tanquam
763 793 885 848 materia
907 790 1075 866 propositus
1098 795 1151 859 est,
1176 805 1212 847 ex
1231 804 1290 862 quo
1307 786 1442 863 disputa-

85 872 181 931 tiones
204 891 273 933 suas
296 874 338 932 illi
364 875 399 934 de
422 875 522 934 mundi
546 884 642 935 aetate
666 884 831 936 corvtexunt.
878 876 980 936 Solent
1011 891 1080 934 vero
1104 891 1177 933 voce
1200 873 1329 933 Hebraei
1353 876 1442 935 iutel-

83 957 135 1033 ligi
160 963 252 1039 primo
274 962 362 1021 Philo
385 962 578 1039 etJosephus
602 968 763 1037 coaetanei,
788 967 837 1040 qui
861 964 954 1022 altero
977 970 1044 1036 post
1064 961 1209 1020 Christum
1232 962 1332 1020 seculo
1357 966 1441 1022 vixe-

84 1055 171 1125 runt,
195 1058 225 1107 et
246 1048 397 1127 Joscphns
420 1049 538 1125 quidem
562 1049 676 1110 celeber
699 1062 743 1111 est
766 1052 924 1111 historicus
947 1051 1058 1124 luitque
1074 1051 1103 1105 in
1120 1053 1335 1125 expugnatione
1350 1049 1441 1110 Jeru-

84 1133 264 1210 solymorum
296 1135 507 1214 praesidiorum
530 1138 708 1213 praelectus,
739 1142 857 1197 natione
879 1138 1023 1198 Judaaus.
1068 1136 1113 1209 Is,
1142 1136 1222 1211 quod
1250 1139 1441 1211 antiquitates

83 1222 186 1296 populi
201 1221 321 1282 Judaici
343 1222 490 1296 scriberet,
514 1222 691 1301 non'potnit
713 1227 861 1303 negligere
884 1226 1026 1284 rationem
1051 1233 1223 1299 temporum.
1262 1223 1348 1283 Philo
1371 1242 1440 1284 vero

84 1307 236 1384 aliquanto
253 1320 320 1387 post
336 1321 465 1386 tempore
480 1314 586 1370 missus
600 1312 655 1370 luit
671 1331 689 1371 a
704 1323 791 1388 gente
806 1312 989 1372 Judaeorum
1005 1310 1043 1368 ad
1057 1311 1232 1385 Caligulam,
1249 1319 1282 1368 ut
1295 1309 1439 1385 Judaeos,

84 1403 212 1455 stetuanr
237 1398 370 1456 Caesaris
401 1416 459 1458 non
490 1399 661 1471 adorantes,
693 1400 729 1458 tle
753 1402 870 1460 crimine
893 1399 992 1458 laesae
1015 1399 1177 1472 maJestatis
1201 1406 1312 1475 purget.
1357 1398 1386 1456 Is
1410 1402 1440 1455 in

83 1486 293 1561 supputatione
317 1494 479 1561 temporum
504 1485 620 1545 laudern
644 1482 813 1562 diligentiae
836 1486 924 1546 habet
943 1503 1012 1561 prae
1030 1488 1141 1545 ceteris.
1179 1484 1295 1544 Deinde
1312 1484 1440 1544 Hebraei

85 1570 287 1646 intelliguntur
310 1576 501 1632 communiter
523 1574 654 1645 rabbini,
677 1590 824 1633 sacrorum
848 1591 887 1633 sc.
914 1573 1069 1631 bibliorum
1093 1575 1277 1646 interpretes,
1299 1572 1439 1631 librorum

83 1656 322 1717 Talmudieornm
337 1664 506 1734 scriptores,
531 1679 567 1719 ex
583 1661 689 1736 quibus
704 1663 854 1737 praecipui
871 1671 953 1719 sunt:
978 1659 1061 1717 rabbi
1078 1658 1207 1731 Eleasar,
1231 1658 1314 1732 Levi,
1340 1660 1439 1718 Abra·

83 1744 167 1818 barn,
199 1744 309 1816 Josue,
337 1747 449 1819 Nasso,
478 1748 552 1806 Baal
576 1748 681 1819 Sedet,
705 1746 805 1807 David
828 1749 945 1819 Kimhi‚
969 1746 1088 1818 Helias,
1112 1746 1224 1817 Catim,
1249 1746 1353 1818 Isaac,
1377 1746 1439 1806 Leo

83 1830 255 1904 Hebraeus,
286 1834 362 1892 llari.
409 1836 506 1908 Atque
536 1835 637 1893 hovum
667 1838 832 1895 institutum
856 1854 921 1894 cnm
943 1836 1038 1906 luerit,
1064 1835 1246 1908 interpretari
1269 1835 1438 1909 scripturas,

84 1921 124 1977 sit
151 1936 221 1978 vero
251 1922 280 1977 in
304 1919 333 1978 S.
358 1920 462 1980 Literis
491 1920 670 1981 continuatio
699 1925 837 2001 temporis
860 1941 877 1981 a
901 1921 1018 1982 condito
1047 1920 1155 1978 mundo
1185 1919 1339 1995 usquead
1364 1929 1439 1979 tem-

83 2023 156 2080 pora
185 2006 343 2065 Alexandri
367 2007 469 2082 Magni
497 2017 527 2067 et
557 2012 585 2066 in
614 2009 670 2068 hac
699 2013 917 2069 continuatione
938 2026 996 2067 non
1020 2010 1106 2083 pauci
1128 2007 1186 2066 loci
1210 2010 1326 2065 obscuri
1349 2017 1438 2083 atque

82 2092 189 2152 dubiis
203 2092 270 2152 hinc
293 2093 367 2152 adeo
391 2095 499 2154 factum
519 2104 571 2169 est,
596 2105 628 2154 ut
643 2113 695 2173 pro
712 2098 911 2173 antesignanis
926 2095 1090 2155 habeantur
1106 2098 1133 2151 in
1150 2094 1358 2170 chronologica
1373 2113 1441 2154 ma-

83 2182 167 2238 teria.
215 2181 312 2256 Atque
335 2180 365 2238 hi
388 2190 456 2241 snut
480 2182 616 2242 Hebraei.

187 2265 343 2340 Eusebius,
367 2272 483 2328 natione
508 2269 647 2342 Graecus,
672 2272 851 2347 professione
868 2269 1058 2339 Christianus,
1083 2270 1157 2325 vixit
1179 2285 1203 2325 c.
1220 2275 1352 2343 tempora
1367 2285 1440 2326 con·

84 2351 145 2410 eilii
168 2353 281 2427 Niceni,
305 2372 332 2413 a.
349 2356 402 2413 Ch.
421 2362 501 2430 3263
525 2359 640 2434 scripsit
663 2375 698 2415 ex
721 2358 852 2433 proiesso
877 2357 1104 2430 chronologiam
1128 2357 1265 2431 temporis
1288 2372 1307 2413 a
1330 2355 1439 2416 mundo

85 2438 214 2499 condito.
260 2444 456 2515 Augustinus,
489 2443 603 2503 celeber
632 2445 706 2502 inter
734 2452 832 2521 patres
860 2454 889 2505 et
919 2447 1074 2521 scriptores
1098 2441 1326 2513 ecclesiasticos,
1357 2442 1439 2502 libris

83 2525 247 2587 celebribus
278 2529 314 2588 de
348 2529 476 2589 Civitate
504 2531 561 2589 Dei
593 2534 681 2590 etiam
715 2531 790 2591 hane
822 2534 974 2591 materiam
1006 2532 1080 2589 inter
1110 2538 1207 2588 cetera
1236 2530 1291 2587 sibi
1324 2532 1439 2588 sumsit.

84 2612 231 2687 Alphonsi
256 2615 344 2691 Regis
373 2634 479 2677 nomen
511 2618 601 2693 vulgo
628 2627 786 2694 usurpatur
812 2637 864 2695 pro
892 2618 1105 2676 mathematicis
1129 2616 1201 2688 illis,
1234 2620 1283 2691 qui
1306 2625 1438 2677 motuum

84 2702 255 2760 coelestium
272 2702 387 2762 tabulas
403 2713 610 2776 restaurarunt,
627 2705 837 2765 liberalissimis
852 2705 1004 2780 stipendiis
1022 2705 1058 2764 ab
1075 2704 1131 2762 hoe
1147 2704 1310 2779 Alphonso,
1325 2704 1438 2782 Hispa-

82 2788 197 2846 niarum
220 2806 298 2864 rege,
321 2790 458 2850 conducti
476 2798 525 2854 13.
547 2809 605 2852 sec.
628 2801 696 2869 post
718 2802 818 2851 natum
834 2793 989 2852 Christum.
1029 2791 1103 2850 Cum
1125 2805 1223 2849 autem
1246 2799 1344 2850 motus
1368 2808 1438 2851 coe-

84 2873 176 2933 lestes
207 2879 350 2952 corrigere
381 2877 503 2952 vellent,
536 2879 646 2938 clarum
669 2889 722 2954 est,
753 2882 917 2956 oportuisse
940 2881 1023 2955 sequi
1050 2888 1157 2938 certam
1182 2881 1271 2937 etiam
1293 2880 1436 2938 rationem

83 2965 190 3021 aetatis
217 2964 316 3021 mundi
343 2968 505 3040 seriemque
528 2973 691 3040 temporum
715 2986 749 3025 ex
773 2968 903 3043 professo
927 2970 1113 3026 constituere.
1157 2964 1188 3024 J.
1211 2964 1300 3024 Picus
1323 2965 1437 3023 Miran-

84 3047 173 3110 dulae
196 3066 304 3125 comes,
327 3050 437 3125 Italus,
462 3060 529 3112 ante
555 3060 615 3112 100
640 3071 732 3112 annos
755 3057 872 3129 scripsit
894 3064 994 3113 contra
1017 3053 1190 3126 astrologos,
1213 3069 1337 3126 eumque
1361 3070 1438 3127 quo·

86 3136 154 3195 dam
178 3140 275 3214 operis
297 3141 343 3197 sni
366 3138 440 3199 libro
464 3139 712 3200 demonstraturus
736 3151 826 3214 esset,
850 3141 955 3199 laisum
980 3158 1056 3214 esse,
1089 3139 1169 3216 quod
1191 3140 1332 3216 astrologi
1357 3139 1438 3199 dice-

85 3231 159 3296 rent,
184 3225 221 3282 ad
244 3228 435 3286 mutationem
459 3230 638 3303 trigonorum
661 3228 829 3287 coelestium
853 3232 957 3286 mutari
974 3231 1095 3304 imperia
1112 3238 1141 3286 et
1155 3243 1240 3304 posse
1255 3246 1290 3287 ex
1307 3227 1438 3286 doctrina

85 3310 263 3386 astrologica
286 3316 389 3388 corrigi
415 3317 551 3374 vitiosam
573 3318 715 3374 rationem
738 3325 913 3390 temporum,
937 3317 961 3374 si
984 3333 1024 3375 se.
1048 3313 1248 3373 memorabilia
1271 3326 1377 3373 eventa
1399 3313 1438 3372 ad

83 3400 288 3459 memorabiles
311 3401 548 3462 constellationes
572 3402 835 3475 accommodentur,
859 3405 915 3461 lroc
935 3404 1056 3478 inquam
1079 3402 1255 3460 refutaturus
1270 3401 1319 3460 ille
1333 3404 1438 3460 seriem

85 3488 191 3545 aetatis
221 3487 386 3547 mundanae
400 3505 448 3565 ‚ex
476 3506 530 3549 suo
554 3491 671 3565 ingenio
695 3493 854 3551 constituit.
899 3490 1033 3548 Habetur
1055 3490 1118 3565 ejus
1140 3491 1215 3547 ratio
1238 3491 1312 3548 inter
1335 3487 1438 3547 doctos

84 3571 279 3649 chronologos
302 3593 368 3634 eum
391 3585 509 3652 propter
531 3577 679 3653 singulare
703 3594 824 3637 acumen
847 3580 971 3653 ingenii,
1004 3584 1065 3635 tum
1087 3578 1175 3635 etiam
1198 3584 1315 3654 propter
1337 3575 1438 3633 multi-

83 3660 190 3736 plicem
213 3670 364 3721 auctorum
389 3667 517 3721 omnium
540 3674 570 3723 et
591 3666 748 3740 praecipue
763 3665 966 3725 Hebraeorum
981 3663 1249 3722 Thalmndistarum
1272 3664 1437 3724 lectionem.

189 3748 229 3809 ΙΙ.
266 3749 408 3809 Numerat
434 3758 532 3809 autem
554 3751 704 3829 ,Iosephus
731 3755 760 3808 in
784 3753 883 3827 Antiq.
908 3751 946 3810 ad
970 3751 1116 3810 Christum
1138 3768 1157 3808 a
1179 3751 1287 3809 mundo
1309 3750 1437 3822 condito,

84 3835 208 3894 testibus
231 3838 309 3895 notis
331 3854 398 3895 mss.
423 3839 453 3895 in
477 3836 805 3910 (15555151551114103,
830 3839 1007 3897 Meibomius
1025 3845 1124 3905 4102,
1148 3835 1290 3913 Origenes
1311 3837 1436 3911 (Homil.

84 3922 113 3978 in
136 3921 242 3982 Mattb.
268 3925 336 4001 29.)
361 3929 454 3997 4758,
480 3925 624 3985 Eusebius
647 3925 846 3984 Caesariensis
871 3932 971 3998 5199,
999 3925 1180 4004 Theophilus
1204 3924 1340 3983 Antioch.
1364 3925 1438 4000 Epi·

85 4026 192 4086 scopus
217 4015 311 4083 5531,
336 4010 517 4087 Epiphanius
540 4023 640 4071 contra
656 4011 847 4071 Manichacus
866 4015 959 4085 5029,
982 4012 1155 4071 Ρ111155111115
1178 4020 1278 4070 contra
1299 4011 1437 4070 haereses

86 4101 180 4168 5801,
204 4096 401 4174 Hieronymus
426 4105 509 4159 3952
534 4100 639 4173 (Meib.
664 4102 774 4172 3941),
798 4099 880 4158 Beda
901 4106 995 4172 3952,
1019 4101 1202 4174 Augustinus
1227 4105 1309 4158 5193
1334 4099 1438 4175 (Μ515.

86 4183 201 4260 5351),
234 4184 379 4244 Chronica
402 4185 603 4246 Hebraeorum
628 4194 711 4246 3760
744 4185 805 4259 (vel
829 4187 944 4245 rabbini
966 4188 1125 4268 recentes),
1161 4186 1328 4259 Alphonsus
1353 4192 1437 4244 6984

84 4269 187 4350 (Meib.
212 4274 328 4347 5984),
351 4271 422 4333 Joh.
448 4272 576 4333 Lucidus
600 4280 700 4346 3960,
728 4274 767 4332 D.
790 4272 831 4335 M.
856 4274 1001 4333 Lutherus
1024 4280 1123 4345 3960,
1148 4273 1202 4331 Ρ11.
1226 4272 1436 4331 Melanchthon

86 4361 180 4432 3963,
205 4356 374 4419 Guntherus
397 4362 425 4417 in
449 4359 585 4420 Chronol
604 4367 697 4434 3970,
721 4359 833 4420 Theod.
858 4360 1028 4419 Bibliander
1044 4366 1137 4431 3979,
1160 4360 1249 4418 Ρ1555
1269 4358 1439 4419 Mirandula

86 4452 181 4518 3962,
205 4446 351 4506 Funccius
375 4453 477 4520 3963,
500 4447 645 4508 Μ5155151
670 4442 815 4529 396515,
840 4448 1033 4525 Prognostica
1055 4448 1189 4524 vulgaria
1214 4450 1316 4520 3962,
1338 4446 1439 4506 Gene-

85 4531 209 4593 brardus
232 4529 371 4615 41211),
395 4533 527 4609 Scaliger
550 4542 644 4608 3948,
669 4536 731 4594 dies
755 4542 827 4594 251.

190 4621 231 4678 Α1
251 4615 352 4691 Plato,
376 4639 491 4680 omnem
514 4623 795 4682 verisimilitudinem
818 4621 975 4695 excedens,
1000 4625 1030 4679 in
1053 4623 1174 4682 Timaeo
1198 4623 1248 4692 ait,
1274 4620 1436 4696 Aegyptios

87 4709 211 4785 scriptas
234 4707 342 4768 habere
365 4709 503 4768 historias
520 4715 603 4769 8000
628 4728 769 4770 5115515111
791 4717 875 4780 15115,
900 4708 1066 4770 Herodotus
1090 4727 1160 4769 vero
1180 4714 1282 4768 13000
1306 4707 1363 4765 11115
1386 4709 1439 4765 tri-

86 4795 160 4870 buit,
184 4794 296 4868 1115510,
319 4795 393 4855 11515
409 4796 445 4857 da
460 4797 570 4873 Divin,
594 4796 784 4857 achaldneis
802 4798 947 4872 jactatum
969 4799 1020 4871 ait,
1042 4815 1074 4857 se
1097 4799 1127 4856 in
1150 4794 1348 4873 periclitandis
1363 4810 1440 4871 pue·

139 4910 234 4965 109Ιῶ
248 4911 330 4965 0147·-
359 4910 412 4953 vn.
1190 4903 1230 4961 48
