<?xml version="1.0" encoding="UTF-8"?>
<!DOCTYPE html PUBLIC "-//W3C//DTD XHTML 1.0 Transitional//EN"
    "http://www.w3.org/TR/xhtml1/DTD/xhtml1-transitional.dtd">
<html xmlns="http://www.w3.org/1999/xhtml" xml:lang="en" lang="en">
 <head>
  <title>
</title>
<meta http-equiv="Content-Type" content="text/html;charset=utf-8" />
  <meta name='ocr-system' content='tesseract 3.04.00' />
  <meta name='ocr-capabilities' content='ocr_page ocr_carea ocr_par ocr_line ocrx_word'/>
</head>
<body>
  <div class='ocr_page' id='page_1' title='image "./joanniskepleria07frisgoog/joanniskepleria07frisgoog_0341.png"; bbox 0 0 3284 5520; ppageno 0'>
   <div class='ocr_carea' id='block_1_1' title="bbox 201 341 1073 415">
    <p class='ocr_par' dir='ltr' id='par_1_1' title="bbox 201 341 1073 415">
     <span class='ocr_line' id='line_1_1' title="bbox 201 341 1073 415; baseline -0.011 -9"><span class='ocrx_word' id='word_1_1' title='bbox 201 342 267 415; x_wconf 65' lang='lat'><strong>324</strong></span> <span class='ocrx_word' id='word_1_2' title='bbox 700 341 902 399; x_wconf 72' lang='lat' dir='ltr'><strong>Dmmsmstio</strong></span> <span class='ocrx_word' id='word_1_3' title='bbox 920 345 1073 397; x_wconf 75' lang='lat' dir='ltr'><strong>rasurum</strong></span> 
     </span>
    </p>
   </div>
   <div class='ocr_carea' id='block_1_2' title="bbox 198 514 1563 1718">
    <p class='ocr_par' dir='ltr' id='par_1_2' title="bbox 198 514 1562 1530">
     <span class='ocr_line' id='line_1_2' title="bbox 309 514 1562 588; baseline -0.002 -14"><span class='ocrx_word' id='word_1_4' title='bbox 309 518 361 575; x_wconf 79' lang='lat' dir='ltr'><strong>liic</strong></span> <span class='ocrx_word' id='word_1_5' title='bbox 386 524 467 588; x_wconf 86' lang='lat' dir='ltr'><strong>typus</strong></span> <span class='ocrx_word' id='word_1_6' title='bbox 495 516 534 572; x_wconf 90' lang='lat' dir='ltr'><strong>sio</strong></span> <span class='ocrx_word' id='word_1_7' title='bbox 560 516 734 587; x_wconf 77' lang='lat' dir='ltr'><strong>intelligatur.</strong></span> <span class='ocrx_word' id='word_1_8' title='bbox 771 518 847 573; x_wconf 89' lang='lat' dir='ltr'><strong>Inter</strong></span> <span class='ocrx_word' id='word_1_9' title='bbox 870 516 1014 583; x_wconf 86' lang='lat' dir='ltr'><strong>terminos,</strong></span> <span class='ocrx_word' id='word_1_10' title='bbox 1041 514 1170 581; x_wconf 79' lang='lat' dir='ltr'><strong>maiorem</strong></span> <span class='ocrx_word' id='word_1_11' title='bbox 1189 516 1240 571; x_wconf 88' lang='grc'><strong>100</strong></span> <span class='ocrx_word' id='word_1_12' title='bbox 1260 556 1266 567; x_wconf 92' lang='grc'><strong>.</strong></span> <span class='ocrx_word' id='word_1_13' title='bbox 1287 558 1293 570; x_wconf 93' lang='grc'><strong>.</strong></span> <span class='ocrx_word' id='word_1_14' title='bbox 1314 555 1348 569; x_wconf 92' lang='grc'><strong>..</strong></span> <span class='ocrx_word' id='word_1_15' title='bbox 1376 522 1405 570; x_wconf 85' lang='lat' dir='ltr'><strong>et</strong></span> <span class='ocrx_word' id='word_1_16' title='bbox 1430 517 1562 573; x_wconf 85' lang='lat' dir='ltr'>minorem</span> 
     </span>
     <span class='ocr_line' id='line_1_3' title="bbox 201 593 1562 675; baseline -0.004 -20"><span class='ocrx_word' id='word_1_17' title='bbox 201 600 256 656; x_wconf 80' lang='grc'><strong>70.</strong></span> <span class='ocrx_word' id='word_1_18' title='bbox 271 643 275 653; x_wconf 96' lang='grc'><em>.</em></span> <span class='ocrx_word' id='word_1_19' title='bbox 292 640 321 654; x_wconf 89' lang='grc'><strong>..</strong></span> <span class='ocrx_word' id='word_1_20' title='bbox 348 601 496 666; x_wconf 82' lang='lat' dir='ltr'><strong>quaeratur</strong></span> <span class='ocrx_word' id='word_1_21' title='bbox 519 594 608 648; x_wconf 89' lang='lat' dir='ltr'><strong>media</strong></span> <span class='ocrx_word' id='word_1_22' title='bbox 632 594 855 663; x_wconf 89' lang='lat' dir='ltr'><strong>proportionalis;</strong></span> <span class='ocrx_word' id='word_1_23' title='bbox 881 594 949 649; x_wconf 90' lang='lat' dir='ltr'><strong>haec</strong></span> <span class='ocrx_word' id='word_1_24' title='bbox 972 594 1022 648; x_wconf 83' lang='lat' dir='ltr'><strong>erit</strong></span> <span class='ocrx_word' id='word_1_25' title='bbox 1040 594 1110 659; x_wconf 61' lang='lat' dir='ltr'><strong>Sili,</strong></span> <span class='ocrx_word' id='word_1_26' title='bbox 1124 636 1130 649; x_wconf 92' lang='lat'><strong>.</strong></span> <span class='ocrx_word' id='word_1_27' title='bbox 1145 634 1151 647; x_wconf 89' lang='lat'><strong>.</strong></span> <span class='ocrx_word' id='word_1_28' title='bbox 1167 633 1195 647; x_wconf 93' lang='lat'><strong>..</strong></span> <span class='ocrx_word' id='word_1_29' title='bbox 1231 593 1301 649; x_wconf 88' lang='lat' dir='ltr'><strong>Sunt</strong></span> <span class='ocrx_word' id='word_1_30' title='bbox 1325 609 1389 675; x_wconf 71' lang='lat' dir='ltr'><strong>erpo</strong></span> <span class='ocrx_word' id='word_1_31' title='bbox 1407 596 1562 663; x_wconf 89' lang='lat' dir='ltr'><strong>proportio·</strong></span> 
     </span>
     <span class='ocr_line' id='line_1_4' title="bbox 201 672 1562 743; baseline -0.004 -10"><span class='ocrx_word' id='word_1_32' title='bbox 201 678 243 733; x_wconf 88' lang='lat' dir='ltr'><strong>nis</strong></span> <span class='ocrx_word' id='word_1_33' title='bbox 266 679 337 732; x_wconf 89' lang='lat' dir='ltr'><strong>iuter</strong></span> <span class='ocrx_word' id='word_1_34' title='bbox 363 675 450 731; x_wconf 91' lang='lat' dir='ltr'><strong>dictos</strong></span> <span class='ocrx_word' id='word_1_35' title='bbox 475 674 604 729; x_wconf 90' lang='lat' dir='ltr'><strong>terminos</strong></span> <span class='ocrx_word' id='word_1_36' title='bbox 629 672 794 729; x_wconf 80' lang='lat' dir='ltr'><strong>constitutae</strong></span> <span class='ocrx_word' id='word_1_37' title='bbox 817 680 911 743; x_wconf 86' lang='lat' dir='ltr'><strong>partes</strong></span> <span class='ocrx_word' id='word_1_38' title='bbox 938 673 1022 735; x_wconf 83' lang='lat' dir='ltr'><strong>duae,</strong></span> <span class='ocrx_word' id='word_1_39' title='bbox 1048 689 1103 725; x_wconf 89' lang='lat' dir='ltr'><strong>uns</strong></span> <span class='ocrx_word' id='word_1_40' title='bbox 1130 673 1200 726; x_wconf 88' lang='lat' dir='ltr'><strong>iuter</strong></span> <span class='ocrx_word' id='word_1_41' title='bbox 1220 674 1330 729; x_wconf 83' lang='lat'><strong>100...</strong></span> <span class='ocrx_word' id='word_1_42' title='bbox 1356 682 1385 729; x_wconf 90' lang='lat' dir='ltr'><strong>et</strong></span> <span class='ocrx_word' id='word_1_43' title='bbox 1407 674 1562 743; x_wconf 72' lang='lat'><strong>83²1.....</strong></span> 
     </span>
     <span class='ocr_line' id='line_1_5' title="bbox 200 752 1560 823; baseline -0.003 -12"><span class='ocrx_word' id='word_1_44' title='bbox 200 756 288 811; x_wconf 89' lang='lat' dir='ltr'><strong>altera</strong></span> <span class='ocrx_word' id='word_1_45' title='bbox 311 754 382 809; x_wconf 89' lang='lat' dir='ltr'><strong>inter</strong></span> <span class='ocrx_word' id='word_1_46' title='bbox 400 752 469 821; x_wconf 64' lang='lat'><strong>837,</strong></span> <span class='ocrx_word' id='word_1_47' title='bbox 484 796 490 808; x_wconf 93' lang='lat'><strong>.</strong></span> <span class='ocrx_word' id='word_1_48' title='bbox 504 794 510 805; x_wconf 92' lang='lat'><strong>.</strong></span> <span class='ocrx_word' id='word_1_49' title='bbox 525 795 551 810; x_wconf 92' lang='lat'><strong>..</strong></span> <span class='ocrx_word' id='word_1_50' title='bbox 572 762 599 808; x_wconf 89' lang='lat' dir='ltr'><strong>et</strong></span> <span class='ocrx_word' id='word_1_51' title='bbox 617 757 712 811; x_wconf 83' lang='grc'>70...</span> <span class='ocrx_word' id='word_1_52' title='bbox 728 796 735 809; x_wconf 91' lang='lat'><strong>.</strong></span> <span class='ocrx_word' id='word_1_53' title='bbox 770 756 830 809; x_wconf 85' lang='lat' dir='ltr'><strong>Hae</strong></span> <span class='ocrx_word' id='word_1_54' title='bbox 853 771 903 823; x_wconf 90' lang='lat' dir='ltr'><strong>per</strong></span> <span class='ocrx_word' id='word_1_55' title='bbox 928 771 1005 823; x_wconf 86' lang='lat' dir='ltr'><strong>prop.</strong></span> <span class='ocrx_word' id='word_1_56' title='bbox 1027 758 1049 807; x_wconf 89' lang='lat'><strong>1.</strong></span> <span class='ocrx_word' id='word_1_57' title='bbox 1076 760 1140 809; x_wconf 88' lang='lat' dir='ltr'><strong>sunt</strong></span> <span class='ocrx_word' id='word_1_58' title='bbox 1157 754 1229 807; x_wconf 86' lang='lat' dir='ltr'><strong>iuter</strong></span> <span class='ocrx_word' id='word_1_59' title='bbox 1247 770 1276 809; x_wconf 90' lang='lat' dir='ltr'><strong>se</strong></span> <span class='ocrx_word' id='word_1_60' title='bbox 1295 754 1433 821; x_wconf 78' lang='lat' dir='ltr'><strong>aequales.</strong></span> <span class='ocrx_word' id='word_1_61' title='bbox 1471 754 1560 822; x_wconf 85' lang='lat' dir='ltr'><strong>Quae-</strong></span> 
     </span>
     <span class='ocr_line' id='line_1_6' title="bbox 200 829 1560 901; baseline -0.003 -13"><span class='ocrx_word' id='word_1_62' title='bbox 200 841 277 887; x_wconf 89' lang='lat' dir='ltr'><strong>ratur</strong></span> <span class='ocrx_word' id='word_1_63' title='bbox 298 829 417 885; x_wconf 89' lang='lat' dir='ltr'><strong>secundo</strong></span> <span class='ocrx_word' id='word_1_64' title='bbox 440 830 529 885; x_wconf 87' lang='lat' dir='ltr'><strong>medis</strong></span> <span class='ocrx_word' id='word_1_65' title='bbox 552 832 763 901; x_wconf 85' lang='lat' dir='ltr'><strong>proportionalis</strong></span> <span class='ocrx_word' id='word_1_66' title='bbox 782 832 853 887; x_wconf 89' lang='lat' dir='ltr'><strong>iuter</strong></span> <span class='ocrx_word' id='word_1_67' title='bbox 872 836 940 889; x_wconf 85' lang='grc'>100.</span> <span class='ocrx_word' id='word_1_68' title='bbox 956 873 984 886; x_wconf 89' lang='grc'><strong>..</strong></span> <span class='ocrx_word' id='word_1_69' title='bbox 1004 840 1032 887; x_wconf 89' lang='lat' dir='ltr'><strong>et</strong></span> <span class='ocrx_word' id='word_1_70' title='bbox 1049 834 1120 899; x_wconf 64' lang='lat' dir='ltr'><strong>uter,</strong></span> <span class='ocrx_word' id='word_1_71' title='bbox 1133 875 1139 887; x_wconf 95' lang='lat'><strong>.</strong></span> <span class='ocrx_word' id='word_1_72' title='bbox 1154 872 1159 883; x_wconf 93' lang='lat'><strong>.</strong></span> <span class='ocrx_word' id='word_1_73' title='bbox 1175 873 1180 883; x_wconf 94' lang='lat'><strong>.</strong></span> <span class='ocrx_word' id='word_1_74' title='bbox 1195 874 1215 893; x_wconf 80' lang='grc'><strong>..</strong></span> <span class='ocrx_word' id='word_1_75' title='bbox 1240 833 1309 888; x_wconf 89' lang='lat' dir='ltr'><strong>haec</strong></span> <span class='ocrx_word' id='word_1_76' title='bbox 1327 833 1378 888; x_wconf 86' lang='lat' dir='ltr'><strong>erit</strong></span> <span class='ocrx_word' id='word_1_77' title='bbox 1396 832 1468 899; x_wconf 61' lang='lat'><strong>91¹),</strong></span> <span class='ocrx_word' id='word_1_78' title='bbox 1481 873 1560 895; x_wconf 83' lang='grc'><strong>.....</strong></span> 
     </span>
     <span class='ocr_line' id='line_1_7' title="bbox 199 910 1562 979; baseline -0.001 -13"><span class='ocrx_word' id='word_1_79' title='bbox 199 926 363 979; x_wconf 89' lang='lat' dir='ltr'><strong>rursumque</strong></span> <span class='ocrx_word' id='word_1_80' title='bbox 381 916 461 963; x_wconf 86' lang='lat' dir='ltr'><strong>eruut</strong></span> <span class='ocrx_word' id='word_1_81' title='bbox 479 916 572 979; x_wconf 89' lang='lat' dir='ltr'><strong>partes</strong></span> <span class='ocrx_word' id='word_1_82' title='bbox 591 911 662 963; x_wconf 88' lang='lat' dir='ltr'><strong>inter</strong></span> <span class='ocrx_word' id='word_1_83' title='bbox 680 926 709 965; x_wconf 90' lang='lat' dir='ltr'><strong>se</strong></span> <span class='ocrx_word' id='word_1_84' title='bbox 728 912 865 979; x_wconf 75' lang='lat' dir='ltr'><strong>aequales,</strong></span> <span class='ocrx_word' id='word_1_85' title='bbox 885 929 939 965; x_wconf 90' lang='lat' dir='ltr'><strong>una</strong></span> <span class='ocrx_word' id='word_1_86' title='bbox 957 913 1029 966; x_wconf 85' lang='lat' dir='ltr'><strong>inter</strong></span> <span class='ocrx_word' id='word_1_87' title='bbox 1043 912 1112 967; x_wconf 84' lang='grc'>100.</span> <span class='ocrx_word' id='word_1_88' title='bbox 1129 954 1134 965; x_wconf 95' lang='grc'><strong><em>.</em></strong></span> <span class='ocrx_word' id='word_1_89' title='bbox 1151 950 1157 963; x_wconf 92' lang='grc'><em>.</em></span> <span class='ocrx_word' id='word_1_90' title='bbox 1177 917 1204 964; x_wconf 86' lang='lat' dir='ltr'><strong>et</strong></span> <span class='ocrx_word' id='word_1_91' title='bbox 1223 912 1311 977; x_wconf 79' lang='lat' dir='ltr'><strong>9¹&#39;l2·</strong></span> <span class='ocrx_word' id='word_1_92' title='bbox 1328 954 1333 965; x_wconf 93' lang='lat'><strong>.</strong></span> <span class='ocrx_word' id='word_1_93' title='bbox 1348 952 1364 967; x_wconf 88' lang='lat'><strong>..</strong></span> <span class='ocrx_word' id='word_1_94' title='bbox 1384 910 1472 965; x_wconf 91' lang='lat' dir='ltr'><strong>ultera</strong></span> <span class='ocrx_word' id='word_1_95' title='bbox 1489 912 1562 964; x_wconf 89' lang='lat' dir='ltr'><strong>inter</strong></span> 
     </span>
     <span class='ocr_line' id='line_1_8' title="bbox 200 989 1561 1062; baseline -0.002 -17"><span class='ocrx_word' id='word_1_96' title='bbox 200 990 270 1062; x_wconf 60' lang='lat'><strong>91¹1..</strong></span> <span class='ocrx_word' id='word_1_97' title='bbox 284 1033 290 1044; x_wconf 90' lang='lat'><strong>.</strong></span> <span class='ocrx_word' id='word_1_98' title='bbox 305 1030 331 1045; x_wconf 90' lang='lat'><strong>..</strong></span> <span class='ocrx_word' id='word_1_99' title='bbox 352 996 380 1044; x_wconf 90' lang='lat' dir='ltr'><strong>et</strong></span> <span class='ocrx_word' id='word_1_100' title='bbox 398 989 465 1056; x_wconf 66' lang='lat'><strong>83²),</strong></span> <span class='ocrx_word' id='word_1_101' title='bbox 482 1029 488 1041; x_wconf 88' lang='lat'><strong>.</strong></span> <span class='ocrx_word' id='word_1_102' title='bbox 503 1031 531 1043; x_wconf 94' lang='lat'><strong>..</strong></span> <span class='ocrx_word' id='word_1_103' title='bbox 567 990 610 1044; x_wconf 87' lang='lat' dir='ltr'><strong>Its</strong></span> <span class='ocrx_word' id='word_1_104' title='bbox 632 989 707 1058; x_wconf 88' lang='lat' dir='ltr'><strong>prior</strong></span> <span class='ocrx_word' id='word_1_105' title='bbox 730 990 851 1045; x_wconf 87' lang='lat' dir='ltr'><strong>semissis</strong></span> <span class='ocrx_word' id='word_1_106' title='bbox 874 992 1058 1061; x_wconf 82' lang='lat' dir='ltr'><strong>proportionis</strong></span> <span class='ocrx_word' id='word_1_107' title='bbox 1084 990 1167 1043; x_wconf 87' lang='lat' dir='ltr'><strong>totius</strong></span> <span class='ocrx_word' id='word_1_108' title='bbox 1193 989 1237 1043; x_wconf 88' lang='lat' dir='ltr'><strong>hic</strong></span> <span class='ocrx_word' id='word_1_109' title='bbox 1260 1000 1303 1044; x_wconf 86' lang='lat' dir='ltr'><strong>est</strong></span> <span class='ocrx_word' id='word_1_110' title='bbox 1325 989 1426 1043; x_wconf 81' lang='lat' dir='ltr'><strong>divisus</strong></span> <span class='ocrx_word' id='word_1_111' title='bbox 1445 990 1473 1043; x_wconf 93' lang='lat' dir='ltr'><strong>iu</strong></span> <span class='ocrx_word' id='word_1_112' title='bbox 1490 989 1561 1044; x_wconf 86' lang='lat' dir='ltr'><strong>duas</strong></span> 
     </span>
     <span class='ocr_line' id='line_1_9' title="bbox 201 1068 1561 1137; baseline -0.001 -14"><span class='ocrx_word' id='word_1_113' title='bbox 201 1077 313 1136; x_wconf 86' lang='lat' dir='ltr'><strong>quartas</strong></span> <span class='ocrx_word' id='word_1_114' title='bbox 332 1076 424 1137; x_wconf 87' lang='lat' dir='ltr'><strong>partes</strong></span> <span class='ocrx_word' id='word_1_115' title='bbox 443 1068 565 1136; x_wconf 90' lang='lat' dir='ltr'><strong>ejusdem</strong></span> <span class='ocrx_word' id='word_1_116' title='bbox 583 1068 675 1135; x_wconf 89' lang='lat' dir='ltr'><strong>totius,</strong></span> <span class='ocrx_word' id='word_1_117' title='bbox 695 1076 722 1122; x_wconf 89' lang='lat' dir='ltr'><strong>ct</strong></span> <span class='ocrx_word' id='word_1_118' title='bbox 740 1068 899 1137; x_wconf 78' lang='lat' dir='ltr'><strong>intelligitur</strong></span> <span class='ocrx_word' id='word_1_119' title='bbox 918 1070 1037 1124; x_wconf 87' lang='lat' dir='ltr'><strong>semissis</strong></span> <span class='ocrx_word' id='word_1_120' title='bbox 1051 1069 1129 1137; x_wconf 91' lang='lat' dir='ltr'><strong>alter,</strong></span> <span class='ocrx_word' id='word_1_121' title='bbox 1149 1072 1195 1135; x_wconf 92' lang='lat' dir='ltr'><strong>qui</strong></span> <span class='ocrx_word' id='word_1_122' title='bbox 1213 1070 1512 1135; x_wconf 67' lang='lat' dir='ltr'><strong>eratinter81i²s³...</strong></span> <span class='ocrx_word' id='word_1_123' title='bbox 1533 1075 1561 1123; x_wconf 89' lang='lat' dir='ltr'><strong>et</strong></span> 
     </span>
     <span class='ocr_line' id='line_1_10' title="bbox 200 1146 1561 1217; baseline -0.001 -14"><span class='ocrx_word' id='word_1_124' title='bbox 200 1148 235 1203; x_wconf 81' lang='grc'><strong>70</strong></span> <span class='ocrx_word' id='word_1_125' title='bbox 247 1188 254 1202; x_wconf 92' lang='grc'><strong>.</strong></span> <span class='ocrx_word' id='word_1_126' title='bbox 268 1185 274 1197; x_wconf 83' lang='grc'><strong>.</strong></span> <span class='ocrx_word' id='word_1_127' title='bbox 288 1189 304 1216; x_wconf 89' lang='grc'><strong>.,</strong></span> <span class='ocrx_word' id='word_1_128' title='bbox 324 1163 374 1215; x_wconf 88' lang='lat' dir='ltr'><strong>per</strong></span> <span class='ocrx_word' id='word_1_129' title='bbox 391 1146 492 1201; x_wconf 89' lang='lat' dir='ltr'><strong>sociam</strong></span> <span class='ocrx_word' id='word_1_130' title='bbox 506 1146 591 1214; x_wconf 88' lang='lat' dir='ltr'><strong>ipsius</strong></span> <span class='ocrx_word' id='word_1_131' title='bbox 604 1147 662 1216; x_wconf 66' lang='lat'><strong>91¹]</strong></span> <span class='ocrx_word' id='word_1_132' title='bbox 687 1188 735 1202; x_wconf 89' lang='lat'><strong>...</strong></span> <span class='ocrx_word' id='word_1_133' title='bbox 755 1163 804 1201; x_wconf 90' lang='lat' dir='ltr'><strong>seu</strong></span> <span class='ocrx_word' id='word_1_134' title='bbox 822 1149 1002 1202; x_wconf 84' lang='lat' dir='ltr'><strong>secundarum</strong></span> <span class='ocrx_word' id='word_1_135' title='bbox 1022 1148 1103 1202; x_wconf 90' lang='lat' dir='ltr'><strong>trium</strong></span> <span class='ocrx_word' id='word_1_136' title='bbox 1121 1147 1257 1201; x_wconf 87' lang='lat' dir='ltr'><strong>minimam</strong></span> <span class='ocrx_word' id='word_1_137' title='bbox 1276 1156 1358 1217; x_wconf 73' lang='lat' dir='ltr'><strong>(quae</strong></span> <span class='ocrx_word' id='word_1_138' title='bbox 1376 1149 1404 1202; x_wconf 94' lang='lat' dir='ltr'><strong>in</strong></span> <span class='ocrx_word' id='word_1_139' title='bbox 1422 1148 1475 1203; x_wconf 91' lang='lat' dir='ltr'><strong>hoc</strong></span> <span class='ocrx_word' id='word_1_140' title='bbox 1493 1154 1561 1216; x_wconf 81' lang='lat' dir='ltr'><strong>typo</strong></span> 
     </span>
     <span class='ocr_line' id='line_1_11' title="bbox 198 1223 1561 1294; baseline -0.001 -14"><span class='ocrx_word' id='word_1_141' title='bbox 198 1242 255 1281; x_wconf 92' lang='lat' dir='ltr'><strong>non</strong></span> <span class='ocrx_word' id='word_1_142' title='bbox 276 1225 445 1294; x_wconf 76' lang='lat' dir='ltr'><strong>exprimitur)</strong></span> <span class='ocrx_word' id='word_1_143' title='bbox 469 1223 592 1279; x_wconf 87' lang='lat' dir='ltr'><strong>similiter</strong></span> <span class='ocrx_word' id='word_1_144' title='bbox 619 1224 720 1277; x_wconf 81' lang='lat' dir='ltr'><strong>divisus</strong></span> <span class='ocrx_word' id='word_1_145' title='bbox 744 1240 804 1279; x_wconf 84' lang='lat' dir='ltr'><strong>csse</strong></span> <span class='ocrx_word' id='word_1_146' title='bbox 828 1224 854 1277; x_wconf 89' lang='lat' dir='ltr'><strong>iu</strong></span> <span class='ocrx_word' id='word_1_147' title='bbox 874 1225 941 1279; x_wconf 86' lang='lat' dir='ltr'><strong>ahos</strong></span> <span class='ocrx_word' id='word_1_148' title='bbox 960 1225 1028 1281; x_wconf 77' lang='lat' dir='ltr'><strong>dirus</strong></span> <span class='ocrx_word' id='word_1_149' title='bbox 1047 1233 1160 1294; x_wconf 85' lang='lat' dir='ltr'><strong>quartas</strong></span> <span class='ocrx_word' id='word_1_150' title='bbox 1178 1225 1271 1279; x_wconf 88' lang='lat' dir='ltr'><strong>totius.</strong></span> <span class='ocrx_word' id='word_1_151' title='bbox 1306 1224 1461 1293; x_wconf 83' lang='lat' dir='ltr'><strong>Quaeratur</strong></span> <span class='ocrx_word' id='word_1_152' title='bbox 1477 1227 1561 1281; x_wconf 87' lang='lat' dir='ltr'><strong>tertio</strong></span> 
     </span>
     <span class='ocr_line' id='line_1_12' title="bbox 200 1303 1561 1374; baseline -0.002 -12"><span class='ocrx_word' id='word_1_153' title='bbox 200 1304 291 1363; x_wconf 88' lang='lat' dir='ltr'><strong>media</strong></span> <span class='ocrx_word' id='word_1_154' title='bbox 308 1303 518 1374; x_wconf 87' lang='lat' dir='ltr'><strong>proportionalia</strong></span> <span class='ocrx_word' id='word_1_155' title='bbox 536 1304 608 1357; x_wconf 81' lang='lat' dir='ltr'><strong>inter</strong></span> <span class='ocrx_word' id='word_1_156' title='bbox 626 1304 739 1359; x_wconf 88' lang='grc'>100...</span> <span class='ocrx_word' id='word_1_157' title='bbox 758 1312 785 1359; x_wconf 91' lang='lat' dir='ltr'><strong>et</strong></span> <span class='ocrx_word' id='word_1_158' title='bbox 804 1304 874 1373; x_wconf 68' lang='lat'><strong>91¹),</strong></span> <span class='ocrx_word' id='word_1_159' title='bbox 887 1345 893 1355; x_wconf 87' lang='lat'><strong>.</strong></span> <span class='ocrx_word' id='word_1_160' title='bbox 908 1344 913 1355; x_wconf 87' lang='lat'><strong>.</strong></span> <span class='ocrx_word' id='word_1_161' title='bbox 930 1325 952 1360; x_wconf 88' lang='lat'><strong>.:</strong></span> <span class='ocrx_word' id='word_1_162' title='bbox 980 1304 1047 1359; x_wconf 85' lang='lat' dir='ltr'><strong>haro</strong></span> <span class='ocrx_word' id='word_1_163' title='bbox 1073 1305 1124 1358; x_wconf 84' lang='lat' dir='ltr'><strong>crit</strong></span> <span class='ocrx_word' id='word_1_164' title='bbox 1142 1304 1212 1371; x_wconf 65' lang='lat'><strong>95²!³</strong></span> <span class='ocrx_word' id='word_1_165' title='bbox 1225 1343 1231 1356; x_wconf 88' lang='lat'><strong>.</strong></span> <span class='ocrx_word' id='word_1_166' title='bbox 1245 1344 1272 1362; x_wconf 85' lang='lat'><strong>..</strong></span> <span class='ocrx_word' id='word_1_167' title='bbox 1292 1305 1475 1361; x_wconf 84' lang='lat' dir='ltr'><strong>determinans</strong></span> <span class='ocrx_word' id='word_1_168' title='bbox 1497 1322 1561 1359; x_wconf 89' lang='lat' dir='ltr'><strong>cum</strong></span> 
     </span>
     <span class='ocr_line' id='line_1_13' title="bbox 199 1381 1561 1453; baseline 0 -16"><span class='ocrx_word' id='word_1_169' title='bbox 199 1387 313 1442; x_wconf 90' lang='grc'>100...</span> <span class='ocrx_word' id='word_1_170' title='bbox 331 1392 437 1451; x_wconf 86' lang='lat' dir='ltr'><strong>partem</strong></span> <span class='ocrx_word' id='word_1_171' title='bbox 456 1382 540 1436; x_wconf 89' lang='lat' dir='ltr'><strong>totius</strong></span> <span class='ocrx_word' id='word_1_172' title='bbox 558 1389 690 1449; x_wconf 81' lang='lat' dir='ltr'><strong>octavam,</strong></span> <span class='ocrx_word' id='word_1_173' title='bbox 709 1382 782 1451; x_wconf 88' lang='lat' dir='ltr'><strong>quod</strong></span> <span class='ocrx_word' id='word_1_174' title='bbox 801 1382 903 1437; x_wconf 89' lang='lat' dir='ltr'><strong>indicat</strong></span> <span class='ocrx_word' id='word_1_175' title='bbox 920 1398 1049 1437; x_wconf 87' lang='lat' dir='ltr'><strong>numerus</strong></span> <span class='ocrx_word' id='word_1_176' title='bbox 1068 1381 1107 1436; x_wconf 94' lang='lat' dir='ltr'><strong>illi</strong></span> <span class='ocrx_word' id='word_1_177' title='bbox 1126 1382 1159 1435; x_wconf 86' lang='lat' dir='ltr'><strong>od</strong></span> <span class='ocrx_word' id='word_1_178' title='bbox 1177 1382 1300 1437; x_wconf 86' lang='lat' dir='ltr'><strong>dextram</strong></span> <span class='ocrx_word' id='word_1_179' title='bbox 1313 1383 1434 1439; x_wconf 86' lang='lat' dir='ltr'><strong>exterius</strong></span> <span class='ocrx_word' id='word_1_180' title='bbox 1446 1399 1561 1453; x_wconf 87' lang='lat' dir='ltr'><strong>respon·</strong></span> 
     </span>
     <span class='ocr_line' id='line_1_14' title="bbox 200 1462 562 1530; baseline -0.011 -10"><span class='ocrx_word' id='word_1_181' title='bbox 200 1463 278 1520; x_wconf 67' lang='lat' dir='ltr'><strong>densi</strong></span> <span class='ocrx_word' id='word_1_182' title='bbox 313 1464 351 1517; x_wconf 86' lang='lat' dir='ltr'><strong>Et</strong></span> <span class='ocrx_word' id='word_1_183' title='bbox 368 1462 408 1516; x_wconf 88' lang='lat' dir='ltr'><strong>sic</strong></span> <span class='ocrx_word' id='word_1_184' title='bbox 426 1462 562 1530; x_wconf 85' lang='lat' dir='ltr'><strong>deinceps.</strong></span> 
     </span>
    </p>

    <p class='ocr_par' dir='ltr' id='par_1_3' title="bbox 200 1551 1563 1718">
     <span class='ocr_line' id='line_1_15' title="bbox 305 1551 1561 1631; baseline 0 -18"><span class='ocrx_word' id='word_1_185' title='bbox 305 1552 551 1613; x_wconf 89' lang='lat' dir='ltr'><strong>Postulatum</strong></span> <span class='ocrx_word' id='word_1_186' title='bbox 575 1551 630 1610; x_wconf 92' lang='lat' dir='ltr'><strong>III.</strong></span> <span class='ocrx_word' id='word_1_187' title='bbox 675 1552 830 1612; x_wconf 88' lang='lat' dir='ltr'><strong>Minimum</strong></span> <span class='ocrx_word' id='word_1_188' title='bbox 860 1554 1055 1630; x_wconf 87' lang='lat' dir='ltr'><strong>proportionis</strong></span> <span class='ocrx_word' id='word_1_189' title='bbox 1084 1552 1273 1626; x_wconf 89' lang='lat' dir='ltr'><strong>elementum,</strong></span> <span class='ocrx_word' id='word_1_190' title='bbox 1307 1554 1481 1629; x_wconf 86' lang='lat' dir='ltr'><strong>quantulum</strong></span> <span class='ocrx_word' id='word_1_191' title='bbox 1505 1570 1561 1631; x_wconf 91' lang='lat' dir='ltr'><strong>pro</strong></span> 
     </span>
     <span class='ocr_line' id='line_1_16' title="bbox 200 1638 1563 1718; baseline -0.001 -16"><span class='ocrx_word' id='word_1_192' title='bbox 200 1644 321 1702; x_wconf 89' lang='lat' dir='ltr'><strong>minimo</strong></span> <span class='ocrx_word' id='word_1_193' title='bbox 351 1638 510 1718; x_wconf 87' lang='lat' dir='ltr'><strong>placuerit,</strong></span> <span class='ocrx_word' id='word_1_194' title='bbox 543 1642 639 1699; x_wconf 90' lang='lat' dir='ltr'><strong>metiri</strong></span> <span class='ocrx_word' id='word_1_195' title='bbox 669 1658 721 1699; x_wconf 90' lang='lat' dir='ltr'><strong>seu</strong></span> <span class='ocrx_word' id='word_1_196' title='bbox 749 1643 865 1716; x_wconf 80' lang='lat' dir='ltr'><strong>signare</strong></span> <span class='ocrx_word' id='word_1_197' title='bbox 895 1656 947 1717; x_wconf 89' lang='lat' dir='ltr'><strong>per</strong></span> <span class='ocrx_word' id='word_1_198' title='bbox 976 1642 1169 1718; x_wconf 86' lang='lat' dir='ltr'><strong>quantitatem</strong></span> <span class='ocrx_word' id='word_1_199' title='bbox 1200 1657 1420 1717; x_wconf 89' lang='lat' dir='ltr'><strong>quameunque,</strong></span> <span class='ocrx_word' id='word_1_200' title='bbox 1451 1647 1484 1700; x_wconf 91' lang='lat' dir='ltr'><strong>ut</strong></span> <span class='ocrx_word' id='word_1_201' title='bbox 1508 1658 1563 1718; x_wconf 86' lang='lat' dir='ltr'><strong>per</strong></span> 
     </span>
    </p>
   </div>
   <div class='ocr_carea' id='block_1_3' title="bbox 202 1725 845 1802">
    <p class='ocr_par' dir='ltr' id='par_1_4' title="bbox 202 1725 845 1802">
     <span class='ocr_line' id='line_1_17' title="bbox 202 1725 845 1802; baseline -0.008 -10"><span class='ocrx_word' id='word_1_202' title='bbox 202 1744 355 1792; x_wconf 82' lang='lat' dir='ltr'><strong>excessum</strong></span> <span class='ocrx_word' id='word_1_203' title='bbox 378 1729 565 1788; x_wconf 90' lang='lat' dir='ltr'><strong>terminorum</strong></span> <span class='ocrx_word' id='word_1_204' title='bbox 587 1726 676 1802; x_wconf 88' lang='lat' dir='ltr'><strong>hujus</strong></span> <span class='ocrx_word' id='word_1_205' title='bbox 699 1725 845 1788; x_wconf 90' lang='lat' dir='ltr'><strong>elementi.</strong></span> 
     </span>
    </p>
   </div>
   <div class='ocr_carea' id='block_1_4' title="bbox 212 1831 1562 2945">
    <p class='ocr_par' dir='ltr' id='par_1_5' title="bbox 584 1831 1562 1911">
     <span class='ocr_line' id='line_1_18' title="bbox 584 1831 1562 1911; baseline 0.005 -23"><span class='ocrx_word' id='word_1_206' title='bbox 584 1852 611 1905; x_wconf 77' lang='lat' dir='ltr'><strong>K</strong></span> <span class='ocrx_word' id='word_1_207' title='bbox 759 1831 990 1908; x_wconf 87' lang='lat' dir='ltr'><strong>Propositio</strong></span> <span class='ocrx_word' id='word_1_208' title='bbox 1014 1831 1053 1889; x_wconf 85' lang='grc' dir='ltr'><strong>ΙΙ.</strong></span> <span class='ocrx_word' id='word_1_209' title='bbox 1094 1831 1171 1891; x_wconf 85' lang='lat' dir='ltr'><strong>Cum</strong></span> <span class='ocrx_word' id='word_1_210' title='bbox 1193 1834 1312 1911; x_wconf 68' lang='lat' dir='ltr'><strong>fuemnt</strong></span> <span class='ocrx_word' id='word_1_211' title='bbox 1334 1842 1392 1893; x_wconf 83' lang='lat' dir='ltr'><strong>tras</strong></span> <span class='ocrx_word' id='word_1_212' title='bbox 1414 1836 1562 1895; x_wconf 85' lang='lat' dir='ltr'><strong>continue</strong></span> 
     </span>
    </p>

    <p class='ocr_par' dir='ltr' id='par_1_6' title="bbox 427 1853 1562 2069">
     <span class='ocr_line' id='line_1_19' title="bbox 427 1853 1562 2069; baseline 0.005 -8"><span class='ocrx_word' id='word_1_213' title='bbox 427 1990 472 2061; x_wconf 69' lang='lat' dir='ltr'><strong>u</strong></span> <span class='ocrx_word' id='word_1_214' title='bbox 566 1853 615 2036; x_wconf 69' lang='lat' dir='ltr'><strong>h</strong></span> <span class='ocrx_word' id='word_1_215' title='bbox 1070 1927 1116 2065; x_wconf 75' lang='lat' dir='ltr'><strong>tt</strong></span> <span class='ocrx_word' id='word_1_216' title='bbox 1129 1922 1490 2069; x_wconf 68' lang='lat' dir='ltr'><strong>...t</strong></span> <span class='ocrx_word' id='word_1_217' title='bbox 1504 1940 1562 2067; x_wconf 68' lang='lat'><strong>:⁶1</strong></span> 
     </span>
    </p>

    <p class='ocr_par' dir='ltr' id='par_1_7' title="bbox 318 2011 1560 2196">
     <span class='ocr_line' id='line_1_20' title="bbox 318 2011 1560 2196; baseline 0.005 -45"><span class='ocrx_word' id='word_1_218' title='bbox 318 2132 341 2187; x_wconf 72' lang='lat' dir='ltr'><strong>F</strong></span> <span class='ocrx_word' id='word_1_219' title='bbox 427 2068 459 2185; x_wconf 68' lang='lat' dir='ltr'><strong>il</strong></span> <span class='ocrx_word' id='word_1_220' title='bbox 527 2011 571 2184; x_wconf 53' lang='lat' dir='ltr'><strong>Oi</strong></span> <span class='ocrx_word' id='word_1_221' title='bbox 671 2097 773 2196; x_wconf 80' lang='lat' dir='ltr'><strong>portio</strong></span> <span class='ocrx_word' id='word_1_222' title='bbox 794 2050 983 2171; x_wconf 64' lang='lat' dir='ltr'><strong>differentiae</strong></span> <span class='ocrx_word' id='word_1_223' title='bbox 1003 2098 1144 2169; x_wconf 83' lang='lat' dir='ltr'><strong>priorum</strong></span> <span class='ocrx_word' id='word_1_224' title='bbox 1169 2096 1211 2155; x_wconf 84' lang='lat' dir='ltr'><strong>ad</strong></span> <span class='ocrx_word' id='word_1_225' title='bbox 1232 2028 1436 2174; x_wconf 53' lang='lat' dir='ltr'><strong>differentiani</strong></span> <span class='ocrx_word' id='word_1_226' title='bbox 1456 2028 1560 2175; x_wconf 53' lang='lat' dir='ltr'><strong>pgstg·</strong></span> 
     </span>
    </p>

    <p class='ocr_par' dir='ltr' id='par_1_8' title="bbox 212 2164 1559 2346">
     <span class='ocr_line' id='line_1_21' title="bbox 212 2164 1559 2346; baseline 0.001 -18"><span class='ocrx_word' id='word_1_227' title='bbox 212 2166 259 2328; x_wconf 78' lang='grc' dir='ltr'><strong>ΒΙ</strong></span> <span class='ocrx_word' id='word_1_228' title='bbox 320 2164 362 2327; x_wconf 45' lang='grc' dir='ltr'><strong>0ἱ</strong></span> <span class='ocrx_word' id='word_1_229' title='bbox 424 2165 428 2315; x_wconf 55' lang='lat'>1</span> <span class='ocrx_word' id='word_1_230' title='bbox 566 2181 571 2315; x_wconf 51' lang='lat' dir='ltr'><strong>i</strong></span> <span class='ocrx_word' id='word_1_231' title='bbox 672 2199 825 2328; x_wconf 58' lang='lat' dir='ltr'><strong>rmgiht</strong></span> <span class='ocrx_word' id='word_1_232' title='bbox 855 2270 991 2327; x_wconf 88' lang='lat' dir='ltr'><strong>continue</strong></span> <span class='ocrx_word' id='word_1_233' title='bbox 1023 2270 1255 2346; x_wconf 84' lang='lat' dir='ltr'><strong>proportionales</strong></span> <span class='ocrx_word' id='word_1_234' title='bbox 1283 2270 1355 2344; x_wconf 88' lang='grc' dir='ltr'><strong>ΑΚ,</strong></span> <span class='ocrx_word' id='word_1_235' title='bbox 1384 2270 1453 2344; x_wconf 85' lang='grc' dir='ltr'><strong>ΕΗ,</strong></span> <span class='ocrx_word' id='word_1_236' title='bbox 1483 2271 1559 2346; x_wconf 79' lang='lat' dir='ltr'><strong>DF3</strong></span> 
     </span>
    </p>

    <p class='ocr_par' dir='ltr' id='par_1_9' title="bbox 674 2354 1560 2433">
     <span class='ocr_line' id='line_1_22' title="bbox 674 2354 1560 2433; baseline 0.002 -19"><span class='ocrx_word' id='word_1_237' title='bbox 674 2354 836 2415; x_wconf 77' lang='lat' dir='ltr'><strong>differentia</strong></span> <span class='ocrx_word' id='word_1_238' title='bbox 859 2357 986 2433; x_wconf 89' lang='lat' dir='ltr'><strong>priorum</strong></span> <span class='ocrx_word' id='word_1_239' title='bbox 1008 2355 1085 2430; x_wconf 91' lang='lat' dir='ltr'><strong>KM,</strong></span> <span class='ocrx_word' id='word_1_240' title='bbox 1109 2360 1301 2433; x_wconf 88' lang='lat' dir='ltr'><strong>posteriorum</strong></span> <span class='ocrx_word' id='word_1_241' title='bbox 1321 2358 1382 2417; x_wconf 92' lang='lat' dir='ltr'><strong>HI:</strong></span> <span class='ocrx_word' id='word_1_242' title='bbox 1411 2359 1495 2433; x_wconf 91' lang='lat' dir='ltr'><strong>dieo,</strong></span> <span class='ocrx_word' id='word_1_243' title='bbox 1527 2366 1560 2416; x_wconf 92' lang='lat' dir='ltr'><strong>nt</strong></span> 
     </span>
    </p>

    <p class='ocr_par' dir='ltr' id='par_1_10' title="bbox 674 2442 1560 2515">
     <span class='ocr_line' id='line_1_23' title="bbox 674 2442 1560 2515; baseline -0.001 -12"><span class='ocrx_word' id='word_1_244' title='bbox 674 2450 719 2503; x_wconf 90' lang='lat' dir='ltr'><strong>est</strong></span> <span class='ocrx_word' id='word_1_245' title='bbox 740 2442 929 2515; x_wconf 79' lang='lat' dir='ltr'><strong>AKadEH,</strong></span> <span class='ocrx_word' id='word_1_246' title='bbox 953 2446 995 2502; x_wconf 89' lang='lat' dir='ltr'><strong>sie</strong></span> <span class='ocrx_word' id='word_1_247' title='bbox 1018 2461 1082 2503; x_wconf 85' lang='lat' dir='ltr'><strong>esse</strong></span> <span class='ocrx_word' id='word_1_248' title='bbox 1105 2443 1167 2503; x_wconf 89' lang='lat' dir='ltr'><strong>KM</strong></span> <span class='ocrx_word' id='word_1_249' title='bbox 1188 2444 1294 2504; x_wconf 88' lang='lat' dir='ltr'><strong>adHl.</strong></span> <span class='ocrx_word' id='word_1_250' title='bbox 1334 2446 1385 2505; x_wconf 87' lang='lat' dir='ltr'><strong>Est</strong></span> <span class='ocrx_word' id='word_1_251' title='bbox 1408 2447 1485 2505; x_wconf 89' lang='lat' dir='ltr'><strong>euim</strong></span> <span class='ocrx_word' id='word_1_252' title='bbox 1501 2444 1560 2503; x_wconf 86' lang='lat' dir='ltr'><strong>HE</strong></span> 
     </span>
    </p>

    <p class='ocr_par' dir='ltr' id='par_1_11' title="bbox 674 2529 1562 2611">
     <span class='ocr_line' id='line_1_24' title="bbox 674 2529 1562 2611; baseline 0.001 -21"><span class='ocrx_word' id='word_1_253' title='bbox 674 2530 713 2590; x_wconf 92' lang='lat' dir='ltr'><strong>ad</strong></span> <span class='ocrx_word' id='word_1_254' title='bbox 735 2531 789 2589; x_wconf 73' lang='grc' dir='ltr'><strong>ΡΙ)</strong></span> <span class='ocrx_word' id='word_1_255' title='bbox 812 2536 845 2590; x_wconf 90' lang='lat' dir='ltr'><strong>ut</strong></span> <span class='ocrx_word' id='word_1_256' title='bbox 868 2530 925 2589; x_wconf 79' lang='grc' dir='ltr'><strong>ΚΑ</strong></span> <span class='ocrx_word' id='word_1_257' title='bbox 948 2529 986 2589; x_wconf 92' lang='lat' dir='ltr'><strong>ad</strong></span> <span class='ocrx_word' id='word_1_258' title='bbox 1011 2530 1066 2589; x_wconf 81' lang='grc' dir='ltr'><strong>ΗΕ</strong></span> <span class='ocrx_word' id='word_1_259' title='bbox 1089 2549 1125 2590; x_wconf 86' lang='lat' dir='ltr'><strong>err</strong></span> <span class='ocrx_word' id='word_1_260' title='bbox 1147 2532 1323 2611; x_wconf 87' lang='lat' dir='ltr'><strong>hypothesi,</strong></span> <span class='ocrx_word' id='word_1_261' title='bbox 1355 2531 1406 2592; x_wconf 88' lang='lat' dir='ltr'><strong>sed</strong></span> <span class='ocrx_word' id='word_1_262' title='bbox 1429 2532 1485 2591; x_wconf 87' lang='lat' dir='ltr'><strong>HE</strong></span> <span class='ocrx_word' id='word_1_263' title='bbox 1515 2539 1562 2591; x_wconf 90' lang='lat' dir='ltr'><strong>cst</strong></span> 
     </span>
    </p>

    <p class='ocr_par' dir='ltr' id='par_1_12' title="bbox 673 2617 1558 2697">
     <span class='ocr_line' id='line_1_25' title="bbox 673 2617 1558 2697; baseline 0.002 -20"><span class='ocrx_word' id='word_1_264' title='bbox 673 2617 807 2694; x_wconf 88' lang='lat' dir='ltr'><strong>aequalis</strong></span> <span class='ocrx_word' id='word_1_265' title='bbox 830 2619 886 2695; x_wconf 86' lang='lat' dir='ltr'><strong>ipsi</strong></span> <span class='ocrx_word' id='word_1_266' title='bbox 910 2617 970 2675; x_wconf 80' lang='lat' dir='ltr'><strong>Ma</strong></span> <span class='ocrx_word' id='word_1_267' title='bbox 994 2626 1023 2677; x_wconf 90' lang='lat' dir='ltr'><strong>et</strong></span> <span class='ocrx_word' id='word_1_268' title='bbox 1046 2618 1099 2677; x_wconf 83' lang='lat' dir='ltr'><strong>FD</strong></span> <span class='ocrx_word' id='word_1_269' title='bbox 1123 2619 1256 2695; x_wconf 87' lang='lat' dir='ltr'><strong>aequalis</strong></span> <span class='ocrx_word' id='word_1_270' title='bbox 1279 2622 1334 2697; x_wconf 90' lang='lat' dir='ltr'><strong>ipsi</strong></span> <span class='ocrx_word' id='word_1_271' title='bbox 1359 2620 1415 2693; x_wconf 76' lang='lat' dir='ltr'><strong>lli,</strong></span> <span class='ocrx_word' id='word_1_272' title='bbox 1440 2638 1558 2679; x_wconf 88' lang='lat' dir='ltr'><strong>rursum</strong></span> 
     </span>
    </p>

    <p class='ocr_par' dir='ltr' id='par_1_13' title="bbox 673 2704 1560 2782">
     <span class='ocr_line' id='line_1_26' title="bbox 673 2704 1560 2782; baseline 0.002 -19"><span class='ocrx_word' id='word_1_273' title='bbox 673 2722 708 2764; x_wconf 84' lang='lat' dir='ltr'><strong>ex</strong></span> <span class='ocrx_word' id='word_1_274' title='bbox 730 2704 897 2782; x_wconf 90' lang='lat' dir='ltr'><strong>hypothesi.</strong></span> <span class='ocrx_word' id='word_1_275' title='bbox 937 2704 1035 2779; x_wconf 87' lang='lat' dir='ltr'><strong>Quare</strong></span> <span class='ocrx_word' id='word_1_276' title='bbox 1059 2708 1148 2765; x_wconf 88' lang='lat' dir='ltr'><strong>etiam</strong></span> <span class='ocrx_word' id='word_1_277' title='bbox 1169 2708 1227 2765; x_wconf 82' lang='lat' dir='ltr'><strong>tta</strong></span> <span class='ocrx_word' id='word_1_278' title='bbox 1251 2710 1306 2766; x_wconf 91' lang='lat' dir='ltr'><strong>crit</strong></span> <span class='ocrx_word' id='word_1_279' title='bbox 1328 2706 1365 2765; x_wconf 89' lang='lat' dir='ltr'><strong>sd</strong></span> <span class='ocrx_word' id='word_1_280' title='bbox 1381 2707 1420 2766; x_wconf 77' lang='lat' dir='ltr'><strong>lli</strong></span> <span class='ocrx_word' id='word_1_281' title='bbox 1443 2715 1476 2766; x_wconf 93' lang='lat' dir='ltr'><strong>ut</strong></span> <span class='ocrx_word' id='word_1_282' title='bbox 1500 2706 1560 2765; x_wconf 79' lang='lat' dir='ltr'><strong>Ka</strong></span> 
     </span>
    </p>

    <p class='ocr_par' dir='ltr' id='par_1_14' title="bbox 236 2764 1561 2945">
     <span class='ocr_line' id='line_1_27' title="bbox 251 2764 1561 2873; baseline 0.008 -30"><span class='ocrx_word' id='word_1_283' title='bbox 251 2764 255 2843; x_wconf 82' lang='grc' dir='ltr'>Ι</span> <span class='ocrx_word' id='word_1_284' title='bbox 674 2790 713 2851; x_wconf 87' lang='lat' dir='ltr'><strong>ad</strong></span> <span class='ocrx_word' id='word_1_285' title='bbox 734 2790 806 2863; x_wconf 77' lang='grc' dir='ltr'><strong>ΗΕ,</strong></span> <span class='ocrx_word' id='word_1_286' title='bbox 838 2809 929 2868; x_wconf 88' lang='lat' dir='ltr'><strong>quare</strong></span> <span class='ocrx_word' id='word_1_287' title='bbox 952 2791 1045 2873; x_wconf 81' lang='lat' dir='ltr'><strong>(Euel.</strong></span> <span class='ocrx_word' id='word_1_288' title='bbox 1076 2792 1113 2855; x_wconf 83' lang='lat' dir='ltr'><strong>V.</strong></span> <span class='ocrx_word' id='word_1_289' title='bbox 1142 2791 1203 2871; x_wconf 86' lang='grc'>17.)</span> <span class='ocrx_word' id='word_1_290' title='bbox 1233 2796 1322 2854; x_wconf 86' lang='lat' dir='ltr'><strong>ctiam</strong></span> <span class='ocrx_word' id='word_1_291' title='bbox 1355 2794 1472 2854; x_wconf 86' lang='lat' dir='ltr'><strong>residua</strong></span> <span class='ocrx_word' id='word_1_292' title='bbox 1496 2792 1561 2853; x_wconf 84' lang='grc' dir='ltr'><strong>ΚΜ</strong></span> 
     </span>
     <span class='ocr_line' id='line_1_28' title="bbox 236 2849 1516 2945; baseline 0.005 -9"><span class='ocrx_word' id='word_1_293' title='bbox 236 2850 261 2904; x_wconf 70' lang='lat' dir='ltr'>G</span> <span class='ocrx_word' id='word_1_294' title='bbox 339 2849 364 2903; x_wconf 78' lang='lat' dir='ltr'>D</span> <span class='ocrx_word' id='word_1_295' title='bbox 418 2851 443 2905; x_wconf 73' lang='grc' dir='ltr'>Ε</span> <span class='ocrx_word' id='word_1_296' title='bbox 554 2853 578 2903; x_wconf 65' lang='grc' dir='ltr'>Α</span> <span class='ocrx_word' id='word_1_297' title='bbox 675 2876 714 2937; x_wconf 88' lang='lat' dir='ltr'><strong>ad</strong></span> <span class='ocrx_word' id='word_1_298' title='bbox 736 2878 883 2938; x_wconf 89' lang='lat' dir='ltr'><strong>residuam</strong></span> <span class='ocrx_word' id='word_1_299' title='bbox 905 2877 951 2937; x_wconf 91' lang='lat' dir='ltr'><strong>HI</strong></span> <span class='ocrx_word' id='word_1_300' title='bbox 974 2882 1028 2938; x_wconf 90' lang='lat' dir='ltr'><strong>erit</strong></span> <span class='ocrx_word' id='word_1_301' title='bbox 1050 2887 1083 2938; x_wconf 92' lang='lat' dir='ltr'><strong>ut</strong></span> <span class='ocrx_word' id='word_1_302' title='bbox 1107 2887 1168 2940; x_wconf 89' lang='lat' dir='ltr'><strong>tota</strong></span> <span class='ocrx_word' id='word_1_303' title='bbox 1191 2881 1248 2940; x_wconf 84' lang='grc' dir='ltr'><strong>ΚΑ</strong></span> <span class='ocrx_word' id='word_1_304' title='bbox 1271 2882 1310 2941; x_wconf 88' lang='lat' dir='ltr'><strong>sd</strong></span> <span class='ocrx_word' id='word_1_305' title='bbox 1334 2890 1425 2941; x_wconf 90' lang='lat' dir='ltr'><strong>totam</strong></span> <span class='ocrx_word' id='word_1_306' title='bbox 1447 2881 1516 2945; x_wconf 82' lang='lat' dir='ltr'><strong>HE.</strong></span> 
     </span>
    </p>
   </div>
   <div class='ocr_carea' id='block_1_5' title="bbox 200 2980 1564 3499">
    <p class='ocr_par' dir='ltr' id='par_1_15' title="bbox 202 2980 1563 3149">
     <span class='ocr_line' id='line_1_29' title="bbox 305 2980 1563 3063; baseline 0.004 -22"><span class='ocrx_word' id='word_1_307' title='bbox 305 2982 545 3061; x_wconf 88' lang='lat' dir='ltr'><strong>Propositio</strong></span> <span class='ocrx_word' id='word_1_308' title='bbox 567 2982 623 3041; x_wconf 92' lang='lat' dir='ltr'><strong>lll.</strong></span> <span class='ocrx_word' id='word_1_309' title='bbox 672 2980 751 3040; x_wconf 77' lang='lat' dir='ltr'><strong>Cum</strong></span> <span class='ocrx_word' id='word_1_310' title='bbox 781 2982 900 3059; x_wconf 72' lang='lat' dir='ltr'><strong>fuerint</strong></span> <span class='ocrx_word' id='word_1_311' title='bbox 932 2984 1050 3059; x_wconf 88' lang='lat' dir='ltr'><strong>aliquot</strong></span> <span class='ocrx_word' id='word_1_312' title='bbox 1082 2989 1268 3060; x_wconf 83' lang='lat' dir='ltr'><strong>quantitates</strong></span> <span class='ocrx_word' id='word_1_313' title='bbox 1299 2990 1333 3045; x_wconf 86' lang='lat' dir='ltr'><strong>tn</strong></span> <span class='ocrx_word' id='word_1_314' title='bbox 1362 2989 1563 3063; x_wconf 81' lang='lat' dir='ltr'><strong>proportione</strong></span> 
     </span>
     <span class='ocr_line' id='line_1_30' title="bbox 202 3070 1431 3149; baseline -0.001 -17"><span class='ocrx_word' id='word_1_315' title='bbox 202 3072 358 3144; x_wconf 83' lang='lat' dir='ltr'><strong>continua,</strong></span> <span class='ocrx_word' id='word_1_316' title='bbox 381 3074 585 3130; x_wconf 86' lang='lat' dir='ltr'><strong>minimarum</strong></span> <span class='ocrx_word' id='word_1_317' title='bbox 608 3070 740 3129; x_wconf 85' lang='lat' dir='ltr'><strong>minima</strong></span> <span class='ocrx_word' id='word_1_318' title='bbox 762 3072 820 3128; x_wconf 83' lang='lat' dir='ltr'><strong>erit</strong></span> <span class='ocrx_word' id='word_1_319' title='bbox 844 3070 1024 3149; x_wconf 71' lang='lat' dir='ltr'><strong>differentia,</strong></span> <span class='ocrx_word' id='word_1_320' title='bbox 1048 3078 1261 3132; x_wconf 79' lang='lat' dir='ltr'><strong>maximarum</strong></span> <span class='ocrx_word' id='word_1_321' title='bbox 1282 3077 1431 3133; x_wconf 78' lang='lat' dir='ltr'><strong>maxima.</strong></span> 
     </span>
    </p>

    <p class='ocr_par' dir='ltr' id='par_1_16' title="bbox 200 3156 1564 3499">
     <span class='ocr_line' id='line_1_31' title="bbox 305 3156 1563 3237; baseline 0.002 -22"><span class='ocrx_word' id='word_1_322' title='bbox 305 3156 380 3216; x_wconf 87' lang='lat' dir='ltr'><strong>Nam</strong></span> <span class='ocrx_word' id='word_1_323' title='bbox 399 3177 449 3235; x_wconf 90' lang='lat' dir='ltr'><strong>per</strong></span> <span class='ocrx_word' id='word_1_324' title='bbox 465 3176 546 3237; x_wconf 91' lang='lat' dir='ltr'><strong>prop.</strong></span> <span class='ocrx_word' id='word_1_325' title='bbox 563 3158 602 3220; x_wconf 87' lang='lat'><strong>11.</strong></span> <span class='ocrx_word' id='word_1_326' title='bbox 621 3160 696 3216; x_wconf 88' lang='lat' dir='ltr'><strong>sicut</strong></span> <span class='ocrx_word' id='word_1_327' title='bbox 712 3165 757 3216; x_wconf 90' lang='lat' dir='ltr'><strong>est</strong></span> <span class='ocrx_word' id='word_1_328' title='bbox 771 3160 900 3216; x_wconf 79' lang='lat' dir='ltr'><strong>maxima</strong></span> <span class='ocrx_word' id='word_1_329' title='bbox 915 3157 952 3216; x_wconf 90' lang='lat' dir='ltr'><strong>ad</strong></span> <span class='ocrx_word' id='word_1_330' title='bbox 969 3160 1094 3218; x_wconf 80' lang='lat' dir='ltr'><strong>uicinum</strong></span> <span class='ocrx_word' id='word_1_331' title='bbox 1109 3163 1257 3234; x_wconf 86' lang='lat' dir='ltr'><strong>minorem,</strong></span> <span class='ocrx_word' id='word_1_332' title='bbox 1279 3164 1321 3220; x_wconf 90' lang='lat' dir='ltr'><strong>sic</strong></span> <span class='ocrx_word' id='word_1_333' title='bbox 1336 3170 1381 3221; x_wconf 89' lang='lat' dir='ltr'><strong>est</strong></span> <span class='ocrx_word' id='word_1_334' title='bbox 1397 3161 1563 3220; x_wconf 86' lang='lat' dir='ltr'><strong>dillercutia</strong></span> 
     </span>
     <span class='ocr_line' id='line_1_32' title="bbox 200 3244 1564 3325; baseline 0.002 -22"><span class='ocrx_word' id='word_1_335' title='bbox 200 3245 277 3304; x_wconf 90' lang='lat' dir='ltr'><strong>inter</strong></span> <span class='ocrx_word' id='word_1_336' title='bbox 314 3249 457 3305; x_wconf 86' lang='lat' dir='ltr'><strong>maximas</strong></span> <span class='ocrx_word' id='word_1_337' title='bbox 495 3246 532 3305; x_wconf 89' lang='lat' dir='ltr'><strong>ad</strong></span> <span class='ocrx_word' id='word_1_338' title='bbox 570 3246 763 3305; x_wconf 82' lang='lat' dir='ltr'><strong>differentiam</strong></span> <span class='ocrx_word' id='word_1_339' title='bbox 800 3244 1029 3305; x_wconf 87' lang='lat' dir='ltr'><strong>succedentium.</strong></span> <span class='ocrx_word' id='word_1_340' title='bbox 1078 3246 1175 3305; x_wconf 89' lang='lat' dir='ltr'><strong>Minor</strong></span> <span class='ocrx_word' id='word_1_341' title='bbox 1210 3251 1297 3323; x_wconf 81' lang='lat' dir='ltr'><strong>igitur</strong></span> <span class='ocrx_word' id='word_1_342' title='bbox 1331 3257 1375 3308; x_wconf 90' lang='lat' dir='ltr'><strong>est</strong></span> <span class='ocrx_word' id='word_1_343' title='bbox 1408 3247 1564 3325; x_wconf 88' lang='lat' dir='ltr'><strong>quaelihet</strong></span> 
     </span>
     <span class='ocr_line' id='line_1_33' title="bbox 202 3331 1563 3414; baseline 0.002 -23"><span class='ocrx_word' id='word_1_344' title='bbox 202 3331 428 3393; x_wconf 79' lang='lat' dir='ltr'><strong>differentiarum</strong></span> <span class='ocrx_word' id='word_1_345' title='bbox 465 3333 682 3393; x_wconf 88' lang='lat' dir='ltr'><strong>succedentium</strong></span> <span class='ocrx_word' id='word_1_346' title='bbox 728 3350 816 3407; x_wconf 88' lang='lat' dir='ltr'><strong>qnam</strong></span> <span class='ocrx_word' id='word_1_347' title='bbox 853 3333 1038 3393; x_wconf 89' lang='lat' dir='ltr'><strong>antecedens.</strong></span> <span class='ocrx_word' id='word_1_348' title='bbox 1095 3334 1217 3395; x_wconf 89' lang='lat' dir='ltr'><strong>Minima</strong></span> <span class='ocrx_word' id='word_1_349' title='bbox 1253 3338 1340 3414; x_wconf 82' lang='lat' dir='ltr'><strong>igitur</strong></span> <span class='ocrx_word' id='word_1_350' title='bbox 1374 3344 1419 3395; x_wconf 91' lang='lat' dir='ltr'><strong>est</strong></span> <span class='ocrx_word' id='word_1_351' title='bbox 1455 3335 1563 3395; x_wconf 85' lang='lat' dir='ltr'><strong>ultima</strong></span> 
     </span>
     <span class='ocr_line' id='line_1_34' title="bbox 203 3420 942 3499; baseline 0 -18"><span class='ocrx_word' id='word_1_352' title='bbox 203 3420 374 3495; x_wconf 82' lang='lat' dir='ltr'><strong>differentia,</strong></span> <span class='ocrx_word' id='word_1_353' title='bbox 399 3439 475 3499; x_wconf 87' lang='lat' dir='ltr'><strong>quae</strong></span> <span class='ocrx_word' id='word_1_354' title='bbox 499 3422 611 3481; x_wconf 90' lang='lat' dir='ltr'><strong>scilicet</strong></span> <span class='ocrx_word' id='word_1_355' title='bbox 634 3429 679 3481; x_wconf 91' lang='lat' dir='ltr'><strong>est</strong></span> <span class='ocrx_word' id='word_1_356' title='bbox 702 3421 942 3481; x_wconf 79' lang='lat' dir='ltr'><strong>intermisimus.</strong></span> 
     </span>
    </p>
   </div>
   <div class='ocr_carea' id='block_1_6' title="bbox 200 3524 1564 3867">
    <p class='ocr_par' dir='ltr' id='par_1_17' title="bbox 200 3524 1564 3867">
     <span class='ocr_line' id='line_1_35' title="bbox 308 3524 1564 3604; baseline 0.003 -21"><span class='ocrx_word' id='word_1_357' title='bbox 308 3526 541 3604; x_wconf 90' lang='lat' dir='ltr'><strong>Propositio</strong></span> <span class='ocrx_word' id='word_1_358' title='bbox 567 3526 621 3585; x_wconf 93' lang='lat' dir='ltr'><strong>IV.</strong></span> <span class='ocrx_word' id='word_1_359' title='bbox 671 3524 748 3584; x_wconf 84' lang='lat' dir='ltr'><strong>Oum</strong></span> <span class='ocrx_word' id='word_1_360' title='bbox 780 3528 900 3601; x_wconf 82' lang='lat' dir='ltr'><strong>fuerint</strong></span> <span class='ocrx_word' id='word_1_361' title='bbox 933 3525 1051 3601; x_wconf 82' lang='lat' dir='ltr'><strong>aliquot</strong></span> <span class='ocrx_word' id='word_1_362' title='bbox 1081 3530 1266 3602; x_wconf 82' lang='lat' dir='ltr'><strong>quantitates</strong></span> <span class='ocrx_word' id='word_1_363' title='bbox 1298 3531 1332 3586; x_wconf 85' lang='lat' dir='ltr'><strong>in</strong></span> <span class='ocrx_word' id='word_1_364' title='bbox 1363 3531 1564 3604; x_wconf 82' lang='lat' dir='ltr'><strong>proportione</strong></span> 
     </span>
     <span class='ocr_line' id='line_1_36' title="bbox 203 3614 1564 3691; baseline 0.002 -20"><span class='ocrx_word' id='word_1_365' title='bbox 203 3616 371 3672; x_wconf 82' lang='lat' dir='ltr'><strong>continua.-</strong></span> <span class='ocrx_word' id='word_1_366' title='bbox 393 3618 419 3673; x_wconf 88' lang='lat' dir='ltr'><strong>si</strong></span> <span class='ocrx_word' id='word_1_367' title='bbox 434 3614 607 3691; x_wconf 79' lang='lat' dir='ltr'><strong>differentia</strong></span> <span class='ocrx_word' id='word_1_368' title='bbox 628 3615 841 3673; x_wconf 73' lang='lat' dir='ltr'><strong>muninsorum</strong></span> <span class='ocrx_word' id='word_1_369' title='bbox 861 3615 1009 3670; x_wconf 81' lang='lat' dir='ltr'><strong>statuitur</strong></span> <span class='ocrx_word' id='word_1_370' title='bbox 1030 3631 1176 3673; x_wconf 81' lang='lat' dir='ltr'><strong>messaara</strong></span> <span class='ocrx_word' id='word_1_371' title='bbox 1196 3617 1402 3691; x_wconf 84' lang='lat' dir='ltr'><strong>proportionis</strong></span> <span class='ocrx_word' id='word_1_372' title='bbox 1422 3616 1564 3691; x_wconf 83' lang='lat' dir='ltr'><strong>iliarum,</strong></span> 
     </span>
     <span class='ocr_line' id='line_1_37' title="bbox 202 3699 1564 3779; baseline 0.003 -20"><span class='ocrx_word' id='word_1_373' title='bbox 202 3699 392 3778; x_wconf 75' lang='lat' dir='ltr'><strong>differentiae</strong></span> <span class='ocrx_word' id='word_1_374' title='bbox 422 3718 678 3777; x_wconf 84' lang='lat' dir='ltr'><strong>quorumeunque</strong></span> <span class='ocrx_word' id='word_1_375' title='bbox 707 3699 843 3758; x_wconf 82' lang='lat' dir='ltr'><strong>duarum</strong></span> <span class='ocrx_word' id='word_1_376' title='bbox 873 3699 1009 3776; x_wconf 77' lang='lat' dir='ltr'><strong>deinceps</strong></span> <span class='ocrx_word' id='word_1_377' title='bbox 1038 3709 1128 3760; x_wconf 86' lang='lat' dir='ltr'><strong>crunt</strong></span> <span class='ocrx_word' id='word_1_378' title='bbox 1155 3706 1286 3763; x_wconf 84' lang='lat' dir='ltr'><strong>minores</strong></span> <span class='ocrx_word' id='word_1_379' title='bbox 1312 3720 1458 3761; x_wconf 87' lang='lat' dir='ltr'><strong>mensura</strong></span> <span class='ocrx_word' id='word_1_380' title='bbox 1487 3721 1564 3779; x_wconf 86' lang='lat' dir='ltr'><strong>pro-</strong></span> 
     </span>
     <span class='ocr_line' id='line_1_38' title="bbox 200 3789 615 3867; baseline -0.005 -19"><span class='ocrx_word' id='word_1_381' title='bbox 200 3791 351 3867; x_wconf 83' lang='lat' dir='ltr'><strong>portionis</strong></span> <span class='ocrx_word' id='word_1_382' title='bbox 374 3789 500 3847; x_wconf 86' lang='lat' dir='ltr'><strong>illorum</strong></span> <span class='ocrx_word' id='word_1_383' title='bbox 518 3792 615 3862; x_wconf 80' lang='lat' dir='ltr'><strong>justa.</strong></span> 
     </span>
    </p>
   </div>
   <div class='ocr_carea' id='block_1_7' title="bbox 120 3892 1564 4673">
    <p class='ocr_par' dir='ltr' id='par_1_18' title="bbox 120 3892 1564 4673">
     <span class='ocr_line' id='line_1_39' title="bbox 306 3892 1562 3970; baseline -0.002 -18"><span class='ocrx_word' id='word_1_384' title='bbox 306 3893 469 3969; x_wconf 78' lang='lat' dir='ltr'><strong>Numquis</strong></span> <span class='ocrx_word' id='word_1_385' title='bbox 491 3902 639 3970; x_wconf 91' lang='lat' dir='ltr'><strong>ponuntur</strong></span> <span class='ocrx_word' id='word_1_386' title='bbox 654 3895 790 3951; x_wconf 87' lang='lat' dir='ltr'><strong>continue</strong></span> <span class='ocrx_word' id='word_1_387' title='bbox 811 3893 1054 3970; x_wconf 87' lang='lat' dir='ltr'><strong>proportionales,</strong></span> <span class='ocrx_word' id='word_1_388' title='bbox 1080 3895 1166 3965; x_wconf 78' lang='lat' dir='ltr'><strong>iqitur</strong></span> <span class='ocrx_word' id='word_1_389' title='bbox 1188 3892 1321 3969; x_wconf 90' lang='lat' dir='ltr'><strong>aequalis</strong></span> <span class='ocrx_word' id='word_1_390' title='bbox 1344 3900 1388 3951; x_wconf 89' lang='lat' dir='ltr'><strong>ast</strong></span> <span class='ocrx_word' id='word_1_391' title='bbox 1411 3894 1562 3970; x_wconf 87' lang='lat' dir='ltr'><strong>proportio</strong></span> 
     </span>
     <span class='ocr_line' id='line_1_40' title="bbox 199 3979 1564 4058; baseline -0.003 -17"><span class='ocrx_word' id='word_1_392' title='bbox 199 3982 276 4041; x_wconf 90' lang='lat' dir='ltr'><strong>iuter</strong></span> <span class='ocrx_word' id='word_1_393' title='bbox 301 3980 373 4039; x_wconf 90' lang='lat' dir='ltr'><strong>duas</strong></span> <span class='ocrx_word' id='word_1_394' title='bbox 395 3984 538 4040; x_wconf 85' lang='lat' dir='ltr'><strong>maximas</strong></span> <span class='ocrx_word' id='word_1_395' title='bbox 559 3989 588 4040; x_wconf 93' lang='lat' dir='ltr'><strong>et</strong></span> <span class='ocrx_word' id='word_1_396' title='bbox 608 3982 755 4058; x_wconf 89' lang='lat' dir='ltr'><strong>proportio</strong></span> <span class='ocrx_word' id='word_1_397' title='bbox 778 3981 852 4038; x_wconf 91' lang='lat' dir='ltr'><strong>inter</strong></span> <span class='ocrx_word' id='word_1_398' title='bbox 873 3997 1062 4056; x_wconf 88' lang='lat' dir='ltr'><strong>quascunque</strong></span> <span class='ocrx_word' id='word_1_399' title='bbox 1086 3980 1159 4039; x_wconf 91' lang='lat' dir='ltr'><strong>duas</strong></span> <span class='ocrx_word' id='word_1_400' title='bbox 1182 3982 1306 4039; x_wconf 89' lang='lat' dir='ltr'><strong>minores</strong></span> <span class='ocrx_word' id='word_1_401' title='bbox 1329 3979 1466 4057; x_wconf 88' lang='lat' dir='ltr'><strong>deinceps</strong></span> <span class='ocrx_word' id='word_1_402' title='bbox 1490 3982 1564 4038; x_wconf 86' lang='lat' dir='ltr'><strong>sitas</strong></span> 
     </span>
     <span class='ocr_line' id='line_1_41' title="bbox 199 4066 1563 4150; baseline -0.001 -24"><span class='ocrx_word' id='word_1_403' title='bbox 199 4066 293 4150; x_wconf 88' lang='lat' dir='ltr'><strong>(prop.</strong></span> <span class='ocrx_word' id='word_1_404' title='bbox 309 4066 346 4146; x_wconf 87' lang='lat'><strong>1).</strong></span> <span class='ocrx_word' id='word_1_405' title='bbox 385 4067 482 4143; x_wconf 89' lang='lat' dir='ltr'><strong>Major</strong></span> <span class='ocrx_word' id='word_1_406' title='bbox 504 4086 573 4127; x_wconf 88' lang='lat' dir='ltr'><strong>vero</strong></span> <span class='ocrx_word' id='word_1_407' title='bbox 597 4077 641 4127; x_wconf 90' lang='lat' dir='ltr'><strong>est</strong></span> <span class='ocrx_word' id='word_1_408' title='bbox 664 4068 827 4126; x_wconf 82' lang='lat' dir='ltr'><strong>differentia</strong></span> <span class='ocrx_word' id='word_1_409' title='bbox 848 4070 922 4126; x_wconf 91' lang='lat' dir='ltr'><strong>inter</strong></span> <span class='ocrx_word' id='word_1_410' title='bbox 937 4070 1078 4127; x_wconf 80' lang='lat' dir='ltr'><strong>maximas</strong></span> <span class='ocrx_word' id='word_1_411' title='bbox 1096 4067 1264 4126; x_wconf 82' lang='lat' dir='ltr'><strong>differentiis</strong></span> <span class='ocrx_word' id='word_1_412' title='bbox 1280 4070 1354 4126; x_wconf 87' lang='lat' dir='ltr'><strong>inter</strong></span> <span class='ocrx_word' id='word_1_413' title='bbox 1369 4084 1563 4144; x_wconf 89' lang='lat' dir='ltr'><strong>quascunque</strong></span> 
     </span>
     <span class='ocr_line' id='line_1_42' title="bbox 200 4154 1563 4233; baseline -0.003 -16"><span class='ocrx_word' id='word_1_414' title='bbox 200 4156 274 4217; x_wconf 78' lang='lat' dir='ltr'><strong>alias</strong></span> <span class='ocrx_word' id='word_1_415' title='bbox 305 4156 442 4233; x_wconf 88' lang='lat' dir='ltr'><strong>deinceps</strong></span> <span class='ocrx_word' id='word_1_416' title='bbox 472 4157 545 4214; x_wconf 90' lang='lat' dir='ltr'><strong>sitas</strong></span> <span class='ocrx_word' id='word_1_417' title='bbox 573 4157 669 4233; x_wconf 91' lang='lat' dir='ltr'><strong>(prop.</strong></span> <span class='ocrx_word' id='word_1_418' title='bbox 694 4157 738 4229; x_wconf 81' lang='lat'><strong>3).</strong></span> <span class='ocrx_word' id='word_1_419' title='bbox 784 4154 816 4214; x_wconf 90' lang='lat' dir='ltr'><strong>Si</strong></span> <span class='ocrx_word' id='word_1_420' title='bbox 847 4172 916 4231; x_wconf 84' lang='lat' dir='ltr'><strong>ergo</strong></span> <span class='ocrx_word' id='word_1_421' title='bbox 948 4155 1041 4230; x_wconf 89' lang='lat' dir='ltr'><strong>major</strong></span> <span class='ocrx_word' id='word_1_422' title='bbox 1071 4154 1233 4213; x_wconf 84' lang='lat' dir='ltr'><strong>differentis</strong></span> <span class='ocrx_word' id='word_1_423' title='bbox 1259 4157 1396 4214; x_wconf 89' lang='lat' dir='ltr'><strong>statuitur</strong></span> <span class='ocrx_word' id='word_1_424' title='bbox 1424 4172 1563 4214; x_wconf 86' lang='lat' dir='ltr'><strong>mensura</strong></span> 
     </span>
     <span class='ocr_line' id='line_1_43' title="bbox 120 4239 1563 4322; baseline -0.001 -20"><span class='ocrx_word' id='word_1_425' title='bbox 120 4260 123 4265; x_wconf 89' lang='lat'><em>·</em></span> <span class='ocrx_word' id='word_1_426' title='bbox 199 4245 396 4322; x_wconf 86' lang='lat' dir='ltr'><strong>proportionis</strong></span> <span class='ocrx_word' id='word_1_427' title='bbox 425 4245 500 4302; x_wconf 89' lang='lat' dir='ltr'><strong>iuter</strong></span> <span class='ocrx_word' id='word_1_428' title='bbox 530 4242 603 4301; x_wconf 89' lang='lat' dir='ltr'><strong>duas</strong></span> <span class='ocrx_word' id='word_1_429' title='bbox 625 4244 769 4302; x_wconf 88' lang='lat' dir='ltr'><strong>maximas</strong></span> <span class='ocrx_word' id='word_1_430' title='bbox 791 4239 911 4322; x_wconf 88' lang='lat' dir='ltr'><strong>(postul.</strong></span> <span class='ocrx_word' id='word_1_431' title='bbox 936 4240 976 4319; x_wconf 85' lang='lat'><strong>3),</strong></span> <span class='ocrx_word' id='word_1_432' title='bbox 1006 4250 1074 4301; x_wconf 86' lang='lat' dir='ltr'><strong>tunc</strong></span> <span class='ocrx_word' id='word_1_433' title='bbox 1097 4241 1199 4301; x_wconf 90' lang='lat' dir='ltr'><strong>eadem</strong></span> <span class='ocrx_word' id='word_1_434' title='bbox 1224 4241 1346 4301; x_wconf 88' lang='lat' dir='ltr'><strong>duarum</strong></span> <span class='ocrx_word' id='word_1_435' title='bbox 1368 4244 1563 4301; x_wconf 82' lang='lat' dir='ltr'><strong>maximarum</strong></span> 
     </span>
     <span class='ocr_line' id='line_1_44' title="bbox 201 4329 1562 4407; baseline -0.002 -16"><span class='ocrx_word' id='word_1_436' title='bbox 201 4330 363 4391; x_wconf 77' lang='lat' dir='ltr'><strong>differentia</strong></span> <span class='ocrx_word' id='word_1_437' title='bbox 394 4333 532 4389; x_wconf 84' lang='lat' dir='ltr'><strong>statuitur</strong></span> <span class='ocrx_word' id='word_1_438' title='bbox 559 4332 647 4390; x_wconf 88' lang='lat' dir='ltr'><strong>etiarn</strong></span> <span class='ocrx_word' id='word_1_439' title='bbox 675 4347 811 4388; x_wconf 86' lang='lat' dir='ltr'><strong>mensura</strong></span> <span class='ocrx_word' id='word_1_440' title='bbox 842 4331 1036 4407; x_wconf 88' lang='lat' dir='ltr'><strong>proportionis</strong></span> <span class='ocrx_word' id='word_1_441' title='bbox 1067 4331 1141 4389; x_wconf 89' lang='lat' dir='ltr'><strong>iuter</strong></span> <span class='ocrx_word' id='word_1_442' title='bbox 1171 4329 1245 4389; x_wconf 89' lang='lat' dir='ltr'><strong>duas</strong></span> <span class='ocrx_word' id='word_1_443' title='bbox 1272 4334 1399 4388; x_wconf 89' lang='lat' dir='ltr'><strong>minores</strong></span> <span class='ocrx_word' id='word_1_444' title='bbox 1422 4329 1562 4407; x_wconf 88' lang='lat' dir='ltr'><strong>deinceps</strong></span> 
     </span>
     <span class='ocr_line' id='line_1_45' title="bbox 200 4415 1563 4495; baseline -0.004 -16"><span class='ocrx_word' id='word_1_445' title='bbox 200 4428 367 4495; x_wconf 79' lang='lat' dir='ltr'><strong>sequentes.</strong></span> <span class='ocrx_word' id='word_1_446' title='bbox 415 4420 454 4476; x_wconf 78' lang='lat' dir='ltr'><strong>at</strong></span> <span class='ocrx_word' id='word_1_447' title='bbox 477 4418 638 4477; x_wconf 80' lang='lat' dir='ltr'><strong>differentia</strong></span> <span class='ocrx_word' id='word_1_448' title='bbox 660 4419 734 4476; x_wconf 89' lang='lat' dir='ltr'><strong>inter</strong></span> <span class='ocrx_word' id='word_1_449' title='bbox 756 4415 829 4477; x_wconf 86' lang='lat' dir='ltr'><strong>duas</strong></span> <span class='ocrx_word' id='word_1_450' title='bbox 853 4420 981 4477; x_wconf 90' lang='lat' dir='ltr'><strong>minores</strong></span> <span class='ocrx_word' id='word_1_451' title='bbox 1003 4419 1097 4474; x_wconf 92' lang='lat' dir='ltr'><strong>minor</strong></span> <span class='ocrx_word' id='word_1_452' title='bbox 1120 4419 1209 4477; x_wconf 88' lang='lat' dir='ltr'><strong>etiam</strong></span> <span class='ocrx_word' id='word_1_453' title='bbox 1232 4423 1276 4476; x_wconf 92' lang='lat' dir='ltr'><strong>est</strong></span> <span class='ocrx_word' id='word_1_454' title='bbox 1299 4415 1464 4477; x_wconf 85' lang='lat' dir='ltr'><strong>differentia</strong></span> <span class='ocrx_word' id='word_1_455' title='bbox 1488 4420 1563 4476; x_wconf 90' lang='lat' dir='ltr'><strong>inter</strong></span> 
     </span>
     <span class='ocr_line' id='line_1_46' title="bbox 200 4503 1562 4584; baseline -0.002 -19"><span class='ocrx_word' id='word_1_456' title='bbox 200 4509 343 4565; x_wconf 87' lang='lat' dir='ltr'><strong>maximas</strong></span> <span class='ocrx_word' id='word_1_457' title='bbox 371 4503 464 4584; x_wconf 92' lang='lat' dir='ltr'><strong>(prop.</strong></span> <span class='ocrx_word' id='word_1_458' title='bbox 490 4504 539 4581; x_wconf 88' lang='lat'><strong>3),</strong></span> <span class='ocrx_word' id='word_1_459' title='bbox 575 4521 667 4582; x_wconf 86' lang='lat' dir='ltr'><strong>quare</strong></span> <span class='ocrx_word' id='word_1_460' title='bbox 699 4505 788 4565; x_wconf 85' lang='lat' dir='ltr'><strong>ctiam</strong></span> <span class='ocrx_word' id='word_1_461' title='bbox 821 4507 915 4564; x_wconf 91' lang='lat' dir='ltr'><strong>minor</strong></span> <span class='ocrx_word' id='word_1_462' title='bbox 945 4511 1005 4577; x_wconf 88' lang='lat' dir='ltr'><strong>est,</strong></span> <span class='ocrx_word' id='word_1_463' title='bbox 1039 4522 1128 4580; x_wconf 89' lang='lat' dir='ltr'><strong>quam</strong></span> <span class='ocrx_word' id='word_1_464' title='bbox 1161 4514 1193 4564; x_wconf 92' lang='lat' dir='ltr'><strong>ut</strong></span> <span class='ocrx_word' id='word_1_465' title='bbox 1224 4521 1343 4564; x_wconf 89' lang='lat' dir='ltr'><strong>suorum</strong></span> <span class='ocrx_word' id='word_1_466' title='bbox 1371 4507 1562 4564; x_wconf 90' lang='lat' dir='ltr'><strong>terminorum</strong></span> 
     </span>
     <span class='ocr_line' id='line_1_47' title="bbox 203 4595 589 4673; baseline 0 -21"><span class='ocrx_word' id='word_1_467' title='bbox 203 4596 419 4673; x_wconf 84' lang='lat' dir='ltr'><strong>proportionem</strong></span> <span class='ocrx_word' id='word_1_468' title='bbox 442 4595 589 4652; x_wconf 87' lang='lat' dir='ltr'><strong>metiatur.</strong></span> 
     </span>
    </p>
   </div>
   <div class='ocr_carea' id='block_1_8' title="bbox 200 4694 1563 4861">
    <p class='ocr_par' dir='ltr' id='par_1_19' title="bbox 200 4694 1563 4861">
     <span class='ocr_line' id='line_1_48' title="bbox 304 4694 1563 4775; baseline 0 -20"><span class='ocrx_word' id='word_1_469' title='bbox 304 4697 535 4774; x_wconf 86' lang='lat' dir='ltr'><strong>Propositio</strong></span> <span class='ocrx_word' id='word_1_470' title='bbox 558 4694 596 4755; x_wconf 92' lang='lat' dir='ltr'><strong>V.</strong></span> <span class='ocrx_word' id='word_1_471' title='bbox 643 4695 684 4754; x_wconf 83' lang='lat' dir='ltr'><strong>In</strong></span> <span class='ocrx_word' id='word_1_472' title='bbox 713 4699 856 4756; x_wconf 80' lang='lat' dir='ltr'><strong>continue</strong></span> <span class='ocrx_word' id='word_1_473' title='bbox 885 4698 1167 4775; x_wconf 84' lang='lat' dir='ltr'><strong>proportionalibus</strong></span> <span class='ocrx_word' id='word_1_474' title='bbox 1197 4700 1223 4754; x_wconf 88' lang='lat' dir='ltr'><strong>si</strong></span> <span class='ocrx_word' id='word_1_475' title='bbox 1252 4697 1426 4773; x_wconf 79' lang='lat' dir='ltr'><strong>differentia</strong></span> <span class='ocrx_word' id='word_1_476' title='bbox 1457 4699 1563 4755; x_wconf 79' lang='lat' dir='ltr'><strong>masi·</strong></span> 
     </span>
     <span class='ocr_line' id='line_1_49' title="bbox 200 4785 1563 4861; baseline 0 -16"><span class='ocrx_word' id='word_1_477' title='bbox 200 4800 326 4845; x_wconf 85' lang='lat' dir='ltr'><strong>osorum</strong></span> <span class='ocrx_word' id='word_1_478' title='bbox 348 4787 496 4845; x_wconf 85' lang='lat' dir='ltr'><strong>statuitur</strong></span> <span class='ocrx_word' id='word_1_479' title='bbox 510 4799 656 4843; x_wconf 85' lang='lat' dir='ltr'><strong>mensura</strong></span> <span class='ocrx_word' id='word_1_480' title='bbox 676 4788 884 4861; x_wconf 79' lang='lat' dir='ltr'><strong>proportionis</strong></span> <span class='ocrx_word' id='word_1_481' title='bbox 902 4787 1039 4855; x_wconf 84' lang='lat' dir='ltr'><strong>illarum,</strong></span> <span class='ocrx_word' id='word_1_482' title='bbox 1064 4801 1167 4845; x_wconf 87' lang='lat' dir='ltr'><strong>omnes</strong></span> <span class='ocrx_word' id='word_1_483' title='bbox 1181 4785 1318 4860; x_wconf 82' lang='lat' dir='ltr'><strong>reliquae</strong></span> <span class='ocrx_word' id='word_1_484' title='bbox 1337 4787 1563 4861; x_wconf 81' lang='lat' dir='ltr'><strong>proportiones,</strong></span> 
     </span>
    </p>
   </div>
   <div class='ocr_carea' id='block_1_9' title="bbox 527 2294 550 2349">
    <p class='ocr_par' dir='ltr' id='par_1_20' title="bbox 527 2294 550 2349">
     <span class='ocr_line' id='line_1_50' title="bbox 527 2294 550 2349; baseline 0 0"><span class='ocrx_word' id='word_1_485' title='bbox 527 2294 550 2349; x_wconf 86' lang='lat' dir='ltr'>L</span> 
     </span>
    </p>
   </div>
   <div class='ocr_carea' id='block_1_10' title="bbox 0 0 1650 5520">
    <p class='ocr_par' dir='ltr' id='par_1_21' title="bbox 0 0 1650 5520">
     <span class='ocr_line' id='line_1_51' title="bbox 0 0 1650 5520; baseline 0 0"><span class='ocrx_word' id='word_1_486' title='bbox 0 0 1650 5520; x_wconf 95' lang='lat' dir='ltr'><strong> </strong></span> 
     </span>
    </p>
   </div>
  </div>
 </body>
</html>
