3284 5520
143 334 207 401 108
471 335 513 390 De
532 333 651 390 cometis
669 333 753 391 libelli
770 333 820 391 111.
856 334 983 405 Epistola
1000 332 1176 392 dedlestorla

111 570 113 574 ,
141 512 359 575 conveniendus
382 532 423 587 es,
447 521 476 573 et
499 515 618 574 easdem
640 514 711 572 mibi
726 511 818 574 libelli
833 513 885 573 tihi
903 513 1077 574 inscribendi
1094 530 1199 575 causas
1213 514 1385 591 praebuisti,
1412 531 1502 591 prae·

140 609 277 678 tereaque
309 608 338 661 et
369 601 516 662 beneficiis
546 604 576 659 in
606 619 652 660 me
675 600 790 660 collatis
813 599 856 659 illi
877 618 930 677 par
953 618 985 660 es
1006 607 1038 660 et
1059 618 1158 662 amors
1180 600 1387 680 philosophiae
1409 602 1501 678 longe

141 691 289 766 superior,
322 688 485 751 eruditione
516 706 586 749 vero
615 690 799 764 nominisque
828 686 999 749 claritudine
1029 688 1117 764 plane
1147 706 1284 766 mamam
1308 690 1346 749 ad
1370 693 1502 750 rationes

141 779 473 880 prioresacccssionem
496 778 578 837 lacis.
624 777 730 852 ltaque
756 774 826 835 dnm
849 777 1062 835 innominatum
1083 775 1234 853 alloquor,
1265 784 1328 837 tute
1351 780 1502 855 teipsum

140 862 277 924 sabam
564 949 680 1010 Nobilis
704 956 734 1011 ct
755 949 911 1026 Magnifice
935 950 1070 1011 Domine.

244 1126 359 1185 Literna
384 1132 466 1197 tues,
498 1125 605 1200 quibus
627 1141 723 1184 meam
744 1125 919 1184 sententiam
942 1123 978 1185 de
1001 1125 1077 1199 situ,
1107 1132 1189 1185 motu
1211 1134 1241 1186 et
1263 1133 1368 1186 natura
1393 1130 1501 1205 nuperi

79 1215 84 1226 ‘
141 1221 272 1274 cometae
303 1213 503 1290 exquisivisti,
533 1219 565 1271 ut
593 1229 658 1273 eam
687 1229 753 1272 cnm
782 1219 943 1271 ceterorum
970 1212 1025 1272 abs
1047 1219 1077 1273 te
1099 1212 1231 1273 collectis
1253 1215 1401 1291 suffragiis
1426 1232 1502 1274 con-

140 1301 238 1377 ferres,
262 1317 326 1360 cum
350 1317 385 1358 eo
408 1303 473 1377 ipso
495 1307 625 1377 tempore
640 1301 827 1375 accepissem,
850 1315 909 1373 quo
932 1297 991 1358 tale
1013 1300 1163 1379 quippiam
1187 1303 1216 1359 in
1240 1319 1346 1377 genere
1370 1301 1408 1360 de
1433 1320 1500 1361 om-

139 1390 226 1448 nibns
250 1389 370 1447 cometis
395 1386 551 1447 vernaculo
574 1404 707 1448 sermone
731 1389 922 1464 compositum
938 1386 1158 1463 Angustissimo
1182 1387 1380 1449 Romanorum
1394 1388 1499 1465 Impe-

140 1478 240 1555 ratori,
263 1474 390 1535 Domino
413 1483 512 1533 nostro
536 1473 761 1536 clementissimo
784 1472 904 1533 tradidit
927 1490 986 1533 non
1009 1474 1137 1536 absurdo
1159 1490 1206 1536 ma
1221 1474 1366 1536 iacturum
1381 1480 1499 1554 putari,

73 1628 78 1640 ‚
140 1567 166 1625 si
195 1562 368 1640 quantulam
396 1560 468 1620 illud
497 1572 558 1621 erat
588 1561 680 1621 latino
708 1576 840 1621 sermone
862 1559 1007 1620 redditum
1030 1562 1178 1639 pauloque
1201 1564 1369 1623 accuratius
1392 1565 1499 1625 excul-

140 1661 211 1725 tum,
234 1651 317 1710 Tuae
339 1650 414 1708 Neb.
433 1648 514 1725 Mag.
537 1649 657 1726 publica
678 1649 865 1725 inscriptione
888 1648 1036 1724 offerrem,
1061 1656 1102 1722 ut,
1126 1651 1210 1726 cujas
1232 1651 1274 1711 rei
1296 1660 1416 1727 gastum
1439 1651 1498 1711 ali-

142 1756 228 1816 quem
252 1738 428 1814 praebuerat
449 1738 566 1814 privata
588 1754 654 1796 mea
676 1737 836 1811 responsio,
860 1735 889 1793 id
912 1737 956 1795 sic
978 1737 1007 1794 in
1030 1736 1138 1813 vulgus
1153 1740 1254 1812 exiret,
1279 1745 1311 1797 ut
1325 1746 1423 1799 manen
1441 1739 1500 1798 ali·

140 1844 199 1904 qua
221 1828 333 1886 ratione
357 1825 384 1881 in
408 1831 460 1883 tua
479 1826 659 1900 proprietate
680 1830 872 1900 permaneret.

245 1910 357 1987 Quodsi
382 1928 521 1987 magnum
543 1910 654 1987 aliquid
678 1910 818 1982 afferrem,
843 1917 975 1989 poteram
997 1909 1063 1969 aliis
1087 1913 1130 1969 nti
1152 1913 1331 1988 argumentis
1345 1928 1404 1972 nen
1421 1912 1499 1974 male

140 1997 276 2060 collocati
300 2000 435 2057 muneris.
482 1998 557 2057 Nam
580 2007 610 2058 et
632 2001 662 2057 in
684 1998 737 2057 illa
758 2004 846 2073 gente
868 1999 1028 2074 prinoipem
1049 1997 1149 2057 locum
1173 2001 1304 2074 obtines,
1328 2016 1405 2076 qnae
1428 2010 1498 2061 tuae

139 2085 268 2146 familiae
296 2102 515 2162 paucorumque
542 2085 665 2144 aliarum
695 2086 803 2144 virtute
826 2084 970 2145 industria
991 2084 1192 2162 exemplisque
1215 2087 1358 2167 paulatim
1380 2094 1446 2148 tota
1468 2090 1499 2146 in

139 2175 247 2233 lamam
270 2175 427 2250 praecipuo
449 2172 620 2232 eruditionis
643 2172 808 2244 etflorescit,
832 2178 861 2231 et
882 2172 983 2232 literas
1006 2174 1048 2232 ita
1069 2174 1208 2249 privatim
1229 2173 1382 2251 amplexus
1398 2192 1439 2247 es,
1463 2192 1501 2236 ac

139 2263 164 2322 si
188 2261 226 2320 ad
250 2260 423 2336 dignitatem
446 2261 475 2318 in
498 2277 534 2320 ea
554 2267 641 2337 gente
672 2259 861 2321 obtinendam
889 2276 943 2320 noc
970 2276 1064 2336 genus
1086 2277 1142 2322 nec
1165 2277 1237 2337 opes
1260 2263 1419 2338 quicquam
1443 2280 1499 2322 va-

139 2349 208 2422 lere,
232 2366 286 2408 nee
309 2355 421 2408 ceteras
445 2349 568 2407 virtutes
590 2346 722 2407 sufficere
746 2340 930 2406 cen'suisses.·
956 2345 1168 2424 Qualeourrque
1190 2354 1287 2408 manen
1311 2348 1368 2409 hoe
1390 2351 1445 2428 eit,
1469 2349 1500 2410 id

140 2444 170 2496 et
191 2443 308 2513 gratum
332 2436 386 2494 tibi
408 2435 480 2508 lore,
503 2452 585 2512 spem
609 2434 720 2494 iaciunt
743 2451 807 2493 oum
826 2435 929 2494 literae
946 2440 1025 2508 tuae,
1048 2439 1109 2493 tum
1133 2437 1273 2495 memoria
1294 2443 1411 2495 tuorum
1434 2454 1498 2496 aer·

138 2540 258 2584 monum
281 2522 495 2609 convivalium,
519 2525 570 2598 qui
593 2521 629 2581 de
653 2530 757 2580 natura
779 2538 874 2582 rernm
896 2522 949 2580 tibi
973 2520 1068 2581 solent
1091 2539 1155 2582 esse
1178 2521 1304 2599 plurimi,
1328 2532 1359 2583 et
1379 2525 1406 2583 si
1429 2541 1500 2601 gna·

139 2621 201 2671 tum
229 2610 284 2670 tihi
313 2627 378 2670 esse
407 2618 552 2685 nequeat,
583 2618 679 2670 tamen
703 2628 721 2668 a
743 2626 808 2681 me,
839 2611 888 2684 qui
918 2611 946 2665 in
976 2608 1033 2668 hee
1055 2607 1193 2686 Reipubl.
1225 2626 1345 2687 corpore
1371 2611 1414 2669 nil
1442 2613 1500 2671 nisi

139 2698 207 2758 Vox
230 2715 312 2770 sum,
335 2697 411 2770 Tibi,
438 2699 488 2772 qui
512 2697 619 2755 Manus
642 2699 737 2756 vicem
759 2698 837 2772 geris
860 2703 891 2756 ot
913 2697 942 2751 in
967 2697 1060 2755 vicem
1081 2714 1186 2757 manus
1209 2697 1291 2773 large
1313 2715 1397 2758 mese
1420 2695 1500 2758 Ura-

138 2787 206 2845 niae
236 2783 397 2862 opitalatus
427 2801 473 2856 es,
503 2782 691 2860 gratitudinis
718 2783 798 2843 aliud
829 2784 944 2858 signum
974 2790 1088 2860 praeter
1117 2784 1193 2844 hano
1222 2783 1371 2865 publicam
1393 2802 1499 2847 vocem

139 2872 221 2932 reddi
242 2888 301 2932 non
324 2880 430 2948 potest
475 2871 551 2931 Vale
574 2879 601 2932 el
624 2874 690 2930 istis
712 2873 771 2929 tuis
793 2871 880 2929 noris
901 2868 1049 2942 laudibus,
1074 2888 1150 2945 quae
1173 2873 1228 2931 tibi
1251 2889 1286 2932 ex
1309 2872 1499 2933 administra-

138 2962 218 3020 tione
240 2958 350 3038 publici
372 2959 500 3018 mnneris
524 2966 693 3030 nascentur,
722 2956 789 3016 illaa
812 2958 901 3016 etiam
924 2959 1076 3032 antiquas,
1106 2959 1238 3019 aliteris
1260 2968 1378 3036 partas,
1410 2974 1499 3038 porro

139 3050 227 3107 etism
252 3046 413 3106 admiscere
436 3061 538 3121 perge,
568 3045 694 3120 denique
725 3045 808 3103 brevi
839 3045 988 3102 ineuntem
1018 3062 1127 3104 annum
1151 3054 1181 3105 et
1203 3049 1254 3122 qui
1277 3055 1436 3109 nascentur
1458 3049 1497 3109 ab

140 3134 192 3193 illo
213 3133 314 3193 lelices
337 3135 497 3210 experiare.
545 3132 586 3191 ld.
610 3132 686 3192 Nor.
711 3148 788 3191 anno
812 3130 942 3208 vulgaris
965 3148 1051 3193 aerae
1077 3134 1170 3194 1607.

659 3323 737 3384 Neb.
759 3323 841 3401 Mag.
863 3322 948 3384 'duae

921 3495 1162 3559 Officiosissimna

1055 3670 1198 3755 loannes
1225 3673 1392 3778 leplcrns,

1002 3795 1029 3849 S.
1047 3793 1074 3845 0.
1094 3794 1167 3858 Mal.
1186 3794 1446 3847 Mathematicus.
