3284 5520
181 352 247 423 526
645 350 691 407 Ex
709 348 936 422 Ephemeridibns
954 348 1076 421 Kepleri.

183 531 255 592 mihi
278 548 336 591 non
359 537 472 591 tentum
494 528 532 590 ad
557 536 576 590 4
598 530 718 606 priores,
743 527 837 589 Lincii
860 529 969 589 dudum
992 528 1094 602 editas,
1118 527 1281 590 sedetiam
1304 526 1542 605 1111118111·

183 622 260 680 xime
289 626 445 695 sequentes
468 617 663 678 elaborandus
684 616 888 677 liberalissima
910 634 998 677 manu
1020 618 1229 695 suppeditantis
1258 624 1287 679 11
1315 615 1418 677 locum
1439 632 1492 695 111
1512 633 1541 676 re

183 715 254 768 nata
275 706 354 766 baud
377 706 592 765 incommodum
616 706 802 765 concessistis
825 714 977 781 tutumque
1000 721 1046 764 me
1071 718 1101 765 et
1122 722 1203 765 mcos
1221 704 1260 764 ab
1276 703 1393 780 injuriis
1408 704 1539 765 omuibus

181 796 384 873 praestitistis:
408 803 442 853 ut
456 792 535 853 haud
550 792 636 853 facile
652 802 797 870 repertum
813 793 847 850 iri
870 792 986 852 credam
1008 809 1176 869 quenquam
1197 792 1369 865 incolarum,
1394 790 1435 852 ad
1456 808 1538 868 quem

181 884 274 942 minor
294 898 397 942 sensus
414 880 557 941 malornm
572 880 755 957 publicorum
772 881 931 958 pertigerit.
961 880 1059 940 Etiam
1081 880 1141 954 illa,
1166 897 1242 957 quae
1258 896 1335 940 rrunc
1350 878 1471 939 demum
1485 879 1536 940 Sa·

181 971 252 1047 gani
276 972 390 1029 ornatui
414 972 510 1046 operis
533 978 727 1040 accesserunt,
749 967 857 1028 Vestra
872 975 951 1026 sunt:
976 970 1200 1028 commentarios
1214 976 1317 1044 putate
1339 985 1424 1028 meos
1444 974 1537 1026 muta·

181 1059 295 1118 tionum
318 1074 423 1131 aurae,
448 1074 483 1117 ex
506 1057 613 1133 quihus
635 1056 788 1116 historiam
812 1057 888 1115 aiiris
903 1056 1088 1131 potissimum
1104 1056 1251 1116 Austriaci
1273 1055 1380 1115 horum
1401 1071 1536 1116 annomm

182 1147 363 1218 transsnmsi,
388 1162 476 1220 quarn
500 1145 550 1203 alii
573 1161 639 1204 cum
661 1160 780 1204 suornm
802 1142 933 1203 locorum
956 1144 1190 1220 tempestatibus,
1212 1145 1238 1202 si
1261 1141 1387 1205 eandem
1403 1145 1433 1201 in
1448 1158 1536 1202 anno·

180 1232 279 1294 tandis
303 1232 483 1309 diligentiam
506 1248 641 1309 posuere,
664 1231 836 1290 conferrent

252 1388 257 1395 ¹
287 1319 372 1380 Hanc
395 1321 494 1397 itaque
510 1328 623 1396 partem
638 1318 796 1379 secundam
812 1317 925 1394 Operis,
949 1325 979 1377 11
993 1316 1099 1379 Vestro
1114 1317 1219 1378 honori
1241 1326 1272 1378 et
1291 1317 1395 1377 usibus
1417 1313 1535 1392 publicis

184 1406 320 1482 dicatam,
346 1406 458 1484 Sagani
481 1409 509 1465 iu
532 1406 729 1485 typographio
744 1405 860 1481 Ducali,
884 1404 940 1465 sub
963 1406 1077 1465 initium
1094 1404 1186 1482 bujos
1209 1406 1277 1465 anni
1300 1405 1475 1476 instaurato,
1495 1401 1539 1462 lu·

182 1495 253 1555 bore
276 1502 305 1555 et
326 1495 437 1571 vigiliis
460 1492 540 1554 haud
562 1496 676 1572 exiguis
699 1495 826 1567 extrusi,
857 1495 997 1568 viamque
1027 1493 1083 1553 hac
1115 1492 1222 1553 lacuna
1250 1497 1423 1554 exactorum
1448 1504 1539 1552 anuo·

181 1599 246 1643 rum
274 1581 393 1659 expleta
416 1584 508 1642 stravi
530 1581 743 1658 subjungendis
768 1579 1009 1659 Ephemeridibus
1031 1581 1192 1641 futurorum
1220 1597 1381 1653 annornm,
1413 1586 1446 1638 ut
1468 1577 1547 1654 Imp.
1595 1627 1600 1637 .

183 1670 318 1747 Augusto
352 1669 629 1730 Ferdinando
652 1669 691 1728 11.
724 1669 852 1728 Domino
886 1676 1002 1743 nostro,
1036 1671 1086 1744 qni
1116 1670 1365 1728 continuationem
1395 1664 1553 1743 preme-

182 1756 277 1818 ridum
300 1757 436 1834 urgebat,
470 1775 506 1817 ea
533 1774 609 1834 quae
632 1756 812 1816 Monarchse
840 1754 963 1815 debetur
985 1772 1004 1814 a
1025 1755 1143 1816 servulo
1165 1764 1195 1816 et
1219 1756 1309 1815 animi
1331 1751 1586 1831 promtitndinae

183 1852 214 1906 et
236 1847 341 1904 virium
364 1846 551 1905 contentione
574 1861 670 1904 meam
692 1844 779 1903 fidem
802 1842 1048 1920 devotionemque
1078 1842 1286 1921 approbarem,
1316 1840 1461 1918 fieretque
1488 1840 1608 1899 hoc:

182 1941 269 2009 pacto
293 1940 390 1991 tomus
413 1934 525 2013 integer
547 1931 773 2008 Ephemeridunr
796 1934 826 1990 in
849 1947 942 1991 annos
966 1936 1006 1990 20
1030 1930 1068 1990 ab
1092 1947 1145 2006 eo,
1176 1947 1235 2008 qno
1258 1929 1352 1991 Lineil
1376 1930 1616 2007 inceperam:

184 2036 263 2080 anno
288 2025 368 2079 1611
394 2022 532 2079 continuo
557 2020 656 2079 ordine
679 2036 772 2095 usqne
795 2021 825 2076 in
848 2035 956 2078 annum
983 2024 1076 2079 1636.

286 2106 380 2181 Hanc,
405 2108 533 2183 inquam,
557 2114 670 2185 partem
685 2104 789 2183 Operis
806 2104 1075 2183 Ephameridasque
1098 2103 1225 2166 nondum
1242 2104 1345 2180 editas,
1370 2119 1452 2164 nnnc
1475 2110 1625 2162 verm

182 2193 240 2254 Del
263 2194 445 2272 indulgentia
467 2193 590 2255 feliciter
611 2194 764 2255 absolutas
788 2194 844 2254 hoc
868 2194 933 2271 ipso
957 2201 1101 2271 tempore,
1131 2210 1190 2270 quo
1212 2192 1251 2253 ad
1273 2191 1337 2252 Vos
1359 2192 1591 2267 antiquiore:
1616 2200 1628 2244 t

182 2281 327 2342 Patronus
349 2300 396 2344 me
420 2300 490 2343 cura
511 2299 607 2344 rerum
630 2299 758 2342 mearum
782 2283 811 2340 in
834 2283 987 2359 provincia
1008 2281 1173 2341 relicturum
1196 2280 1332 2355 advocat,
1356 2280 1628 2356 praemittet-e

182 2369 280 2444 volui,
312 2377 343 2429 ut
371 2378 505 2447 receptae
534 2369 671 2431 aVobis
702 2370 889 2447 proprietatis
919 2386 990 2429 suae
1021 2377 1155 2446 respectu
1178 2367 1250 2428 mibi
1281 2369 1415 2445 proxime
1439 2365 1572 2426 subsc-
1597 2388 1628 2419 s·

183 2466 284 2517 cuturo
321 2459 399 2516 viam
434 2457 473 2518 ad
502 2460 629 2534 gratiam
658 2456 794 2518 Vestram
825 2459 972 2534 aperirent
1000 2456 1210 2533 absentiaeque
1241 2452 1387 2517 biennalis
1415 2455 1628 2514 ratione&

183 2544 360 2622 expedirent

289 2630 373 2691 Haec
394 2633 493 2692 animo
518 2632 652 2706 volvens,
675 2633 705 2689 in
728 2647 868 2708 praesens
891 2630 971 2706 linio,
994 2630 1057 2694 RR.
1073 2637 1103 2692 et
1116 2630 1163 2690 Ill.
1180 2628 1247 2691 OG.
1263 2627 1329 2688 VV.
1354 2627 1459 2689 debita
1480 2644 1623 2688 cum

183 2721 373 2779 veneratione
393 2737 534 2797 prospera
549 2721 646 2779 omnia
661 2728 805 2798 precatus,
829 2735 953 2795 quorum
967 2720 1130 2796 patrocinio
1146 2717 1359 2795 pollentissime
1383 2732 1431 2777 me
1446 2731 1620 2776 mes--

184 2822 242 2882 qne
265 2824 380 2867 summa
401 2824 467 2867 cum
490 2807 641 2885 diligentia
663 2806 845 2867 commendo.

287 2918 408 2997 Sagani,
431 2920 549 2982 Ducatu
572 2919 706 2993 Silesiae,
729 2919 832 2980 Idibus
855 2916 1034 2997 Septembris
1056 2936 1134 2979 auno
1161 2924 1254 2981 16110.

632 3007 696 3069 RR.
721 3014 751 3068 et
773 3006 820 3066 Ill.
845 3004 911 3066 OG.
935 3005 1002 3066 VV.

787 3094 886 3154 cliens
908 3093 1125 3156 addictissimus
1148 3102 1178 3153 et
1201 3093 1294 3153 cultor
1316 3093 1501 3167 gratissimus

1072 3182 1211 3243 «1111111
1233 3178 1416 3255 Keppierus,

1130 3267 1332 3319 Mathematicus.

233 3524 271 3608 ln
297 3527 507 3632 Ephenerida
533 3529 608 3609 unni
638 3529 723 3610 11121
754 3531 924 3632 Praelatio,
952 3536 1103 3633 conceptu
1128 3529 1262 3634 primurn
1289 3550 1374 3608 anno
1403 3525 1507 3609 toti.

287 3684 421 3746 Tandem
450 3686 482 3745 lit
509 3686 644 3747 surculus
671 3689 766 3751 arbor.
811 3689 968 3765 Multiplcx
1001 3688 1147 3747 lunarium
1180 3694 1311 3746 motuum
1345 3678 1598 3763 inaequalem-i

185 3773 285 3832 varias
308 3790 360 3850 per
383 3773 483 3832 secula
506 3772 586 3834 dedit
608 3776 815 3854 hypothesium
837 3778 1046 3848 successiones,
1070 3792 1193 3851 quarum
1210 3791 1299 3833 unam
1317 3781 1346 3833 et
1369 3788 1426 3850 ego
1450 3766 1600 3850 11111ὗι

186 3862 216 3918 iu
240 3859 483 3937 Ephemcridibus
508 3868 526 3920 4
549 3880 691 3923 annorum
714 3868 924 3941 proximorum,
957 3863 1133 3939 descriptam
1161 3865 1190 3921 in
1217 3852 1435 3939 prolegomenis
1466 3864 1600 3920 11119·

188 3956 238 4008 11.
257 3954 305 4017 18,
330 3966 454 4024 eamque
478 3951 507 4006 in
523 3949 716 4027 Ephemeride
732 3955 801 4011 anui
819 3958 900 4012 1618
924 3953 1102 4028 geminatam
1125 3950 1353 4027 repraesentavi,
1376 3964 1439 4008 non
1454 3949 1529 4008 lorm
1545 3940 1603 3995 θ

185 4035 235 4097 111
257 4035 457 4111 fundamento,
481 4036 533 4096 sed
556 4048 699 4115 apparatu
721 4042 908 4115 geometrico.
946 4036 1055 4098 Omnes
1072 4046 1169 4098 tamen
1192 4037 1352 4097 astronomi
1375 4037 1404 4094 in
1429 4053 1469 4097 ea
1490 4036 1538 4096 ini
1554 4040 1604 4066 Ι

186 4141 252 4184 mus
281 4126 438 4200 opinione,
467 4133 631 4186 menstruas
660 4127 760 4187 Lunae
789 4129 981 4203 aequationes
1010 4125 1127 4203 prodire
1156 4144 1192 4186 ex
1223 4123 1364 4201 peculiari
1395 4141 1455 4184 sua
1485 4126 1531 4184 111
1559 4114 1604 4161 ⁶

187 4215 412 4286 eccentricitate,
437 4213 502 4271 sive
524 4214 665 4291 epicyclo.
709 4213 777 4274 Hoc
800 4217 936 4290 quamvis
964 4229 1022 4272 non
1052 4215 1161 4290 optime
1191 4212 1605 4290 11111111111111111Ἷ

184 4297 313 4359 lationcs
336 4299 476 4377 physicae
499 4308 645 4374 motuum,
674 4318 730 4378 ego
758 4311 857 4362 11111111
885 4302 1090 4378 desperatione
1118 4318 1272 4360 causarum
1301 4314 1438 4358 verarum
1462 4293 1603 4376 serpe*¹

187 4393 348 4446 statueram
371 4389 401 4445 in
426 4403 513 4463 opere
536 4387 726 4463 Tabularum,
749 4392 806 4449 nisi
828 4407 928 4450 morae
944 4391 1018 4448 istae
1033 4387 1214 4448 Tabularum
1232 4386 1353 4448 editioni
1375 4386 1458 4447 bono
1481 4386 1602 4464 phi‘

185 4472 339 4550 losophiae
362 4491 434 4534 casu
457 4476 697 4537 intercessissent.
759 4488 763 4497 ·
978 4524 981 4529 .

290 4563 334 4620 En
357 4564 446 4638 igitur
468 4563 516 4622 vel
539 4562 656 4623 tandem
679 4572 864 4641 prostratum,
888 4565 946 4623 imo
962 4580 999 4623 ex
1014 4565 1203 4635 astronomia,
1227 4579 1263 4621 ex
1285 4563 1350 4638 ipsa
1372 4578 1471 4622 rerum
1492 4570 1596 4621 ω’

185 4654 252 4707 tura
275 4649 455 4709 eliminatum
478 4649 535 4710 hoc
557 4660 718 4711 monstrum
739 4655 906 4728 genninatae
929 4653 1162 4724 eccentricitatis,
1193 4648 1222 4709 h.
1247 4666 1274 4709 1.
1297 4666 1358 4709 una
1379 4648 1472 4709 litura
1493 4648 1591 4708 de‘

184 4734 276 4794 letum
298 4754 377 4797 num.
403 4744 452 4797 16.
476 4737 647 4815 prolegom,
674 4759 709 4800 en
732 4739 840 4799 nudam
863 4749 893 4800 et
915 4738 1075 4817 simplicem
1098 4739 1200 4798 Lunae
1223 4737 1347 4797 orbitam
1371 4738 1451 4797 circa
1472 4736 1583 4794 Ter·

187 4839 259 4897 ram,
281 4824 378 4900 qualis
402 4831 447 4886 est
469 4832 630 4887 ceterorum
653 4829 885 4906 uniuscujusque
899 4829 977 4889 circa
990 4826 1100 4889 Solem.
1149 4825 1234 4903 Quae
1253 4823 1456 4904 hypotheseos
1469 4819 1574 4883 111ἰο
