3284 5520
676 102 803 173 Epistola
821 103 964 159 Terrentii.
1438 110 1502 177 671

140 293 173 346 et
196 284 293 345 locum
317 282 438 345 edendis
460 284 571 355 fecisti,
604 289 633 340 et
654 278 749 341 lucem
773 297 810 339 ex
832 295 911 339 novo
933 278 991 341 loci
1014 282 1115 360 proclo
1137 282 1261 356 dedisti,
1294 284 1371 345 idem
1394 286 1505 347 eisdem

139 371 231 432 editis
253 374 333 432 riam
355 371 394 431 sd
417 387 559 432 oceanum
581 385 634 445 per
657 367 740 428 Tuae
762 368 962 445 praefecturae
985 372 1161 430 territorium
1181 374 1332 448 aperuisti,
1355 381 1386 433 et
1400 390 1421 432 a
1434 374 1505 434 lite·

139 461 225 520 ribus
248 457 424 520 Germaniae
454 458 493 518 ad
515 457 585 517 litus
608 471 695 515 eoum
717 453 820 513 Indiae
843 454 962 532 planum
986 464 1031 517 est
1053 460 1121 532 iter,
1153 457 1269 518 conflua
1291 461 1393 519 maria.
1439 460 1506 521 Tua

141 563 203 606 vox
226 555 283 607 est:
307 564 366 606 non
390 548 495 605 minori
519 547 625 603 virtute
648 544 765 601 retineri
789 542 895 618 opima,
920 560 1009 618 qnam
1032 548 1144 622 quaeri.
1191 544 1341 606 Oceanum
1364 565 1505 624 aperuere

140 633 211 693 Tibi
236 633 331 707 bella,
354 651 413 710 pax
437 651 520 693 nsum
544 633 608 707 ejus
631 637 780 706 praestare
802 631 857 688 erit
880 639 959 704 apta.
1006 631 1052 690 Ad
1076 631 1127 692 illa
1149 632 1218 692 Tibi
1242 642 1325 693 orant
1348 638 1504 695 necessarii

142 721 263 780 labores
278 720 427 794 Herculei,
451 721 593 779 severitas
611 715 809 790 inexorabilis,
833 718 922 774 animi
946 720 1127 795 magnitudo,
1151 720 1197 780 vel
1213 719 1331 780 Saturni
1354 730 1505 782 meatuum

139 808 276 884 aemula3
299 807 337 866 ad
361 807 438 867 banc
460 808 611 883 pervenire
633 805 743 880 poteris
766 804 918 880 superfuso
941 806 1127 883 squaloribus
1151 807 1208 865 illis
1231 808 1323 868 imbre
1346 818 1431 885 grato
1445 808 1504 870 Jo-

141 895 233 954 vialis
247 897 381 972 proxima
396 893 598 972 magnitudine
614 891 733 964 sideris,
753 891 879 966 justitia,
903 893 1031 969 inquam,
1055 896 1214 970 aequitate,
1239 897 1378 968 amicitia,
1401 896 1504 956 foede-

140 984 238 1056 ribus,
274 983 439 1043 clementia.
485 980 570 1040 lnria
600 980 701 1037 virtuti
731 977 814 1037 Tuae
843 977 925 1037 nulla
956 981 1011 1039 fuit
1043 980 1184 1040 hactenus
1213 983 1428 1058 quantumlibet
1456 987 1504 1043 in·

139 1069 290 1128 credibilis
323 1072 382 1128 via.
430 1068 540 1143 Quidni
567 1069 655 1127 etiarn
685 1063 721 1124 de
748 1065 862 1140 reliquo
884 1083 1015 1141 sperem,
1046 1067 1089 1127 Te
1112 1067 1158 1128 bis
1180 1071 1309 1143 artibus,
1342 1069 1398 1131 boc
1420 1075 1503 1148 pacis

139 1156 241 1216 studio
265 1158 351 1216 facile
375 1157 570 1230 obtenturum,
594 1164 626 1212 ut
648 1163 763 1229 tempus
785 1153 957 1228 perferendo
980 1154 1017 1213 ad
1033 1154 1120 1215 Sinas
1142 1172 1286 1235 responso
1309 1175 1374 1218 meo
1400 1176 1503 1218 ncces·

139 1245 268 1317 sarium,
291 1245 371 1321 qnod
395 1243 564 1305 Torrentius
588 1243 725 1300 aestimat
747 1241 871 1298 triennio
894 1240 1032 1320 qnodque
1056 1245 1215 1319 navigante
1238 1244 1301 1321 ejus
1325 1245 1451 1323 epistola
1473 1249 1503 1304 in

140 1339 280 1406 quartum
304 1349 412 1391 arreum
436 1331 569 1402 excurrit,
594 1328 712 1387 Caesari
729 1328 834 1400 missis,
858 1330 887 1384 in
904 1328 1069 1403 biennium,
1095 1340 1124 1389 ut
1142 1329 1206 1403 boc,
1232 1334 1361 1408 inquam,
1386 1341 1501 1409 tempus

140 1418 191 1477 rel
212 1435 291 1477 anno
315 1421 492 1478 terminetur.
539 1415 664 1476 Centum
687 1413 912 1489 exemplarium,
945 1433 1021 1492 qnae
1045 1420 1174 1477 centenis
1198 1417 1343 1479 vehantur
1365 1421 1501 1495 travibus,

140 1504 189 1565 rel
207 1523 242 1565 ex
259 1521 327 1577 uno,
352 1505 430 1581 quod
446 1507 571 1581 primum
586 1503 758 1578 pervenerit,
782 1501 862 1578 legat
878 1501 1046 1570 Torrentius
1062 1503 1257 1581 (audiantque
1274 1506 1389 1584 Since),
1414 1523 1502 1583 quem

140 1594 206 1669 ipse
228 1611 264 1650 ox
287 1593 406 1668 Europa
429 1591 581 1651 discedens
604 1608 619 1648 e
641 1591 723 1660 regni
749 1588 909 1648 Bnhemiae
933 1606 1084 1667 procerum
1104 1591 1354 1653 Waldsteniorum
1377 1594 1502 1654 nobilis-

139 1683 217 1738 sima
239 1679 351 1739 familia
371 1696 462 1738 annm
479 1679 598 1738 Caesari
621 1678 794 1735 militantem
819 1675 944 1754 audivit,
968 1677 1049 1736 iilum
1072 1681 1167 1738 minus
1191 1698 1280 1756 qnam
1305 1687 1344 1740 10
1361 1699 1502 1741 annornm

138 1768 238 1842 spatio
262 1765 447 1825 Ferdinando
470 1766 509 1824 ll.
534 1765 607 1840 Imp.
632 1764 767 1840 Augusto
796 1771 840 1821 tot
862 1765 1049 1824 victoriarum
1071 1766 1274 1826 administrum
1299 1771 1405 1828 virtute
1428 1769 1504 1828 fide·

139 1871 199 1930 que
222 1854 341 1924 factum,
366 1862 411 1912 tot
433 1873 451 1912 a
469 1854 636 1929 justissimo
660 1851 793 1910 laborum
816 1861 1032 1911 remuneratore
1054 1856 1193 1929 praemiis
1215 1863 1354 1929 mactum,
1378 1857 1503 1915 fructum

140 1958 243 2000 eorum
265 1940 509 2016 gloriosissimum
533 1940 610 1998 hunc
633 1939 817 2009 existimare,
848 1939 871 1994 si
896 1937 1043 1997 Patronus
1066 1941 1167 2000 audiat
1190 1951 1355 2001 nostrarum
1379 1946 1501 2002 artium:

139 2027 237 2100 illum,
262 2030 481 2087 commeationis
504 2026 592 2102 hujus
615 2033 731 2083 nostrae
756 2023 899 2082 literarine
922 2028 1076 2084 terminum
1100 2038 1254 2104 utrumque
1278 2047 1337 2088 uno
1356 2030 1503 2105 quodam-

139 2112 231 2174 modo
256 2114 438 2193 complexum
463 2114 593 2190 imperio,
617 2111 715 2171 literas
740 2110 863 2186 Sagani,
898 2112 969 2171 urbe
994 2113 1126 2172 Duentus
1149 2117 1211 2188 sui,
1236 2117 1314 2193 typis
1338 2134 1501 2192 expressas,

139 2221 158 2261 a
175 2202 311 2260 litoribus
331 2203 530 2277 praefecturae
552 2217 622 2259 suae
647 2198 783 2257 dimissas
800 2197 902 2256 Aeolis
922 2202 983 2258 suis
998 2199 1166 2276 Neptunum
1182 2220 1291 2262 novum
1316 2205 1502 2280 perferendas

138 2306 278 2349 successu
311 2289 387 2347 felici
420 2287 650 2348 commendasse.
697 2285 744 2344 lta
775 2302 870 2343 voveo
901 2287 1047 2363 rebusque
1080 2297 1148 2348 voto
1178 2290 1290 2349 idoneis
1314 2289 1501 2351 conficiendis

136 2375 226 2437 lpum
252 2373 284 2436 0¹
312 2375 365 2435 T⁸⁰
389 2374 657 2437 commodissimum
680 2380 711 2433 et
732 2371 931 2432 felicissimum
955 2391 1062 2433 annum
1085 2377 1233 2437 ineuntem
1257 2394 1408 2456 apprecor.

662 2486 748 2545 nrm-0
773 2481 818 2545 ε’·
841 2485 894 2545 ‘ru

813 2600 912 2661 cliens
936 2601 1061 2662 devotus

1133 2692 1230 2751 Josn.
1254 2694 1456 2765 Kepplsrus.

690 2823 953 2836 *-

349 2990 546 3094 Rescriptum
575 2987 737 3094 Epistolae
772 3015 811 3072 ex
839 2988 987 3071 Sinnrun
1014 2990 1130 3095 Regno
1157 2993 1289 3075 missae

421 3147 457 3207 R
470 3147 506 3207 R.
529 3148 564 3208 P.
579 3148 613 3210 P.
636 3148 854 3209 Mathematicis
877 3148 1162 3226 lngolstadiansibus

662 3290 764 3352 Pax
792 3287 977 3353 Christi.

247 3429 428 3488 Meditantnr
443 3427 532 3487 Sitrae
555 3426 712 3486 calendarii
727 3431 773 3486 sui
790 3429 1032 3501 emendationem,
1056 3431 1085 3486 in
1102 3445 1160 3504 quo
1177 3431 1344 3506 primarium
1359 3442 1498 3508 punctum
1608 3438 1620 3465 ‘

138 3525 185 3577 est
216 3516 368 3593 eclipsium
397 3515 557 3591 praedictio
581 3522 611 3583 et
632 3518 780 3590 processio
803 3519 1064 3592 aequinoctiorum.
1098 3516 1176 3575 ‘Hac
1205 3519 1232 3574 in
1262 3535 1292 3577 re
1314 3536 1371 3575 non
1396 3537 1499 3596 parom

137 3604 175 3663 R.
190 3603 227 3662 R.
251 3603 288 3662 V.
300 3602 337 3662 V.
362 3603 437 3662 hano
459 3606 627 3661 missionem
647 3602 752 3677 juvare
776 3614 907 3678 possunt,
932 3605 956 3660 si
979 3606 1096 3662 mittant
1120 3607 1147 3661 in
1169 3603 1219 3663 tali
1236 3603 1341 3664 saltem
1357 3603 1497 3681 chartula,

139 3694 166 3752 si
190 3691 276 3768 plura
299 3692 424 3750 seribere
447 3691 601 3749 molestum
625 3692 672 3761 sit,
695 3691 720 3746 si
743 3689 813 3765 quid
837 3693 905 3748 nevi
929 3691 1058 3750 babeant
1080 3698 1194 3766 praeter
1210 3709 1253 3763 ea,
1279 3710 1355 3766 quae
1378 3703 1445 3751 sunt
1469 3697 1498 3752 in

138 3777 345 3855 supplemento
368 3777 498 3851 Magini3
530 3779 700 3853 praesertim
730 3777 759 3833 in
784 3777 931 3836 diametris
954 3777 1157 3851 luminarium,
1190 3778 1335 3837 distantiis
1358 3798 1377 3837 a
1398 3780 1498 3856 Terra,

138 3865 258 3942 quando
281 3872 349 3923 sunt
372 3867 398 3921 in
422 3881 569 3941 apogaeo,
595 3867 748 3940 perigneo,
771 3874 801 3922 et
824 3864 943 3940 reliquis
968 3864 1005 3923 nd
1029 3877 1196 3942 computum
1220 3865 1371 3942 eclipsium
1395 3885 1498 3927 neces-

137 3955 243 4026 sariis3
267 3953 340 4010 forte
364 3955 452 4011 etiam
475 3952 602 4010 exstabit
625 3950 725 4026 aliqua
747 3967 826 4011 nova
850 3951 1021 4029 hypothesis
1047 3952 1156 4011 Lunae.
1203 3953 1270 4012 Non
1294 3953 1404 4024 dubito,
1429 3956 1498 4013 dum

137 4056 192 4098 noa
215 4041 372 4112 absumus,
406 4038 506 4115 aliqua
527 4037 687 4114 prodiisse,
720 4056 749 4096 v.
772 4056 800 4111 g.
825 4039 964 4115 Keppleri
987 4039 1202 4117 Hipparchum,
1236 4038 1364 4099 Galilaei
1388 4040 1497 4117 aliqua.

138 4127 199 4186 Eos
223 4127 314 4186 libros
337 4136 505 4204 exspectare
529 4127 616 4183 nimis
640 4123 759 4199 longum
783 4135 835 4198 est,
859 4125 996 4185 facillime
1017 4126 1183 4186 detinentur
1196 4136 1248 4185 aut
1263 4136 1394 4204 pereunt,
1418 4129 1498 4204 quoti

137 4231 197 4273 non
221 4216 374 4272 mittuntur
397 4214 529 4292 pluribus
554 4215 625 4286 viis3
657 4212 758 4270 charta
785 4213 899 4272 facilius
929 4221 958 4272 et
986 4216 1071 4272 citius
1094 4213 1152 4272 huc
1174 4216 1328 4290 pertingit,
1362 4219 1496 4274 rrinrirunr

139 4304 215 4359 intro
245 4311 302 4359 tres
332 4318 433 4358 annos.
479 4301 551 4359 l’ost
580 4300 727 4357 biennium
757 4299 893 4359 absoluto
921 4317 987 4358 meo
1017 4318 1102 4359 cursu
1126 4304 1332 4375 grammaticae
1356 4301 1497 4377 Sinensis,

139 4387 258 4448 dabitur
281 4387 473 4446 commoditas
497 4395 524 4447 et
548 4385 657 4445 sciendi
682 4396 711 4445 et
734 4386 879 4447 scribendi
895 4386 987 4462 plnra.
1026 4388 1110 4446 Nnrm
1128 4406 1221 4464 pauca
1238 4397 1334 4447 tamen
1352 4389 1495 4448 indicabo.

140 4476 166 4534 Α
194 4474 255 4534 Yao
285 4478 380 4551 prime
408 4492 477 4550 rege
504 4476 616 4533 famoso
644 4476 787 4549 incipiunt
815 4493 884 4534 suas
911 4474 1048 4533 historias
1071 4476 1160 4533 Sinna
1183 4493 1293 4551 easque
1316 4485 1410 4535 certas
1432 4494 1496 4536 esse
1557 4526 1559 4531 .

138 4565 236 4637 aiunt,
268 4564 405 4638 quamvis
428 4580 446 4621 a
470 4562 559 4621 Foeiti
593 4577 687 4636 usque
711 4560 747 4619 ad
772 4562 836 4622 Yao
858 4569 1010 4621 numerent
1032 4579 1084 4621 sex
1107 4578 1206 4637 reges,
1236 4571 1333 4623 tamen
1357 4563 1496 4624 historiae
