3284 5520
498 354 541 409 De
558 353 732 425 septuaginta
749 351 963 411 hebdomadibus
980 353 1009 409 in
1026 351 1151 409 Daniele.
1432 346 1497 417 809

142 537 288 596 hebraeus
311 542 428 612 propter
451 535 681 595 conformitatem
706 535 734 591 in
756 533 844 594 alium
868 534 955 594 facile
976 533 1081 592 mutari
1104 534 1210 609 potnit,
1234 531 1311 592 unde
1327 533 1355 591 in
1371 530 1499 590 hebraeo

143 624 210 683 talis
240 624 447 698 consequatio:
481 624 527 681 nb
558 625 636 682 exitu
767 622 864 698 quoad
889 623 1020 681 Christus
1042 620 1130 681 hebd.
1158 627 1172 679 i
1199 628 1228 679 et
1250 618 1337 678 hebd.
1363 624 1402 678 60
1427 623 1497 676 eti

141 712 374 772 reaedificabitur
391 718 445 769 etc.
483 709 548 769 Non
573 710 650 768 enim
673 709 757 768 adest
771 710 838 769 Vav
863 711 961 783 verbo,
986 708 1064 784 quod
1089 711 1193 768 iterum
1215 707 1370 783 significat,
1394 714 1426 765 ut
1446 722 1498 781 pro

143 803 211 876 ,et“
236 798 414 858 reddendum
438 799 484 857 sit.

136 954 140 961 ¹
247 886 446 946 Etruriam.
485 885 589 942 Brevis
613 883 769 960 explicatio
791 884 865 944 haec
888 895 946 944 est:
971 887 1094 960 primum
1117 888 1248 941 recenset
1269 887 1401 957 ipartes
1424 887 1500 938 tem-

142 976 230 1051 poris,
257 981 272 1032 t
299 983 328 1033 et
352 979 391 1033 62
416 971 630 1043 hebdomadas,
654 972 798 1044 secundo,
823 981 855 1030 ut
877 973 905 1030 in
929 972 1065 1047 allegatis
1090 970 1186 1029 verbis
1209 967 1351 1044 explicat,
1376 966 1445 1042 quid
1470 969 1498 1024 iu

142 1065 235 1138 prima
257 1071 338 1138 parte
362 1062 499 1136 temporis
522 1061 649 1117 futurum
672 1060 719 1129 sit,
743 1058 794 1118 sed
818 1060 880 1118 sine
903 1062 1075 1135 repetitione
1099 1058 1246 1132 temporis.
1293 1056 1409 1126 Tertio,
1434 1072 1498 1112 cum

143 1152 315 1226 repetitione
339 1149 507 1226 posterioris
530 1149 620 1222 partis
645 1148 782 1221 temporis
806 1147 923 1218 indicat,
947 1146 1016 1222 quid
1040 1148 1069 1202 in
1093 1146 1143 1203 illo
1160 1145 1286 1203 laturum
1302 1145 1349 1201 sit.
1388 1140 1499 1216 Quarto

146 1237 225 1309 dicit,
251 1236 321 1312 quid
346 1240 374 1292 in
398 1243 479 1310 parte
504 1236 589 1293 tertia
612 1237 758 1311 temporis,
782 1251 822 1294 sc.
847 1234 932 1293 hebd.
953 1242 980 1306 1,
1004 1235 1131 1291 laturum
1154 1234 1202 1291 sit.
1248 1232 1351 1306 ltaque
1374 1247 1432 1287 non
1456 1237 1501 1288 est

145 1326 174 1381 in
199 1325 273 1397 (his)
298 1324 393 1382 verbis
418 1339 524 1397 magna
547 1323 748 1398 perspicuitas,
772 1330 804 1379 ut
826 1323 885 1381 lere
908 1340 962 1380 usn
988 1323 1118 1380 venitin
1142 1319 1312 1396 prophetiis.

248 1411 386 1470 Euersam
411 1410 629 1486 aedificabitur.
675 1408 783 1467 Eadem
816 1411 906 1468 verba
936 1427 1012 1484 quae
1042 1426 1142 1483 supra,
1176 1417 1206 1464 nt
1235 1415 1265 1465 et
1288 1405 1362 1464 idem
1386 1420 1498 1462 sensus.

145 1499 182 1558 Et
204 1498 253 1558 hic
268 1499 463 1574 Septuaginta
485 1515 517 1556 se
540 1514 558 1555 a
580 1498 721 1571 superiori
744 1499 853 1555 enormi
877 1498 1114 1572 interpretatione
1137 1494 1174 1552 ad
1194 1494 1404 1570 Hieronymum
1428 1507 1499 1549 cou-

143 1586 251 1659 leruat,
284 1597 315 1644 ut
339 1595 369 1645 et
390 1584 531 1644 Helvetii.
578 1585 663 1643 Certe
686 1584 758 1643 haec
781 1587 915 1661 repetitio
938 1583 1095 1643 eorundem
1119 1582 1272 1642 verborum
1296 1584 1499 1654 interpretatur

143 1682 172 1732 et
195 1675 353 1749 superiora.
399 1674 474 1731 Nam
505 1675 581 1730 sieut
608 1670 655 1729 hic
678 1670 886 1747 intelliguntur,
911 1674 951 1729 ita
974 1679 1004 1730 et
1025 1672 1167 1745 superius.
1216 1670 1256 1727 At
1279 1668 1325 1726 hic
1348 1684 1405 1727 non
1428 1682 1499 1741 pos-

143 1770 210 1819 sunt
232 1777 336 1820 sonare
360 1758 396 1819 de
419 1759 513 1819 reditu
538 1758 652 1836 populi,
684 1761 753 1834 quia
774 1759 836 1835 Jam
860 1758 896 1818 de
918 1759 1005 1818 rebus
1027 1767 1096 1834 post
1117 1756 1240 1816 reditum
1264 1758 1368 1831 agitur.
1414 1751 1499 1813 Unde

142 1851 230 1907 etiam
253 1848 398 1907 Funccius
422 1845 573 1906 habitandi
598 1863 670 1904 voce
695 1849 793 1920 utitur,
818 1864 894 1921 quae
917 1849 1050 1921 utrinque
1073 1854 1151 1903 stare
1174 1852 1280 1919 potest.

248 1935 289 1994 In
312 1939 456 2011 angustia
477 1942 658 2008 temporum.
695 1935 775 2004 Dixi,
798 1934 844 1992 his
861 1934 957 1992 verbis
975 1933 1112 2009 explicari
1128 1930 1327 1990 hebdomadas
1346 1937 1361 1988 t
1375 1929 1499 2005 priores.

139 2022 173 2080 ld
196 2024 284 2081 etiam
309 2021 375 2081 inde
399 2030 489 2099 patet,
513 2024 591 2095 quia,
616 2024 670 2080 etsi
693 2020 803 2080 Judaei
828 2021 893 2079 inde
909 2040 927 2079 a
942 2021 1038 2079 soluta
1061 2022 1232 2096 captivitate
1255 2018 1292 2076 ad
1316 2017 1497 2076 eversionem

140 2127 233 2184 usque
258 2109 388 2168 difficilia
410 2110 538 2167 habuere
562 2118 693 2183 tempora
716 2127 790 2185 pene
814 2111 961 2178 continua,
986 2118 1081 2166 tamen
1104 2107 1159 2165 suit
1174 2108 1248 2166 inter
1264 2104 1401 2165 illahaec
1416 2120 1497 2163 com-

140 2200 263 2272 paratio,
288 2197 367 2272 quod
390 2214 538 2271 nunqnam
563 2198 590 2251 in
615 2197 717 2270 majori
740 2197 819 2255 suere
843 2195 982 2271 periculo,
1006 2212 1094 2270 quam
1111 2201 1188 2265 tunc,
1213 2212 1278 2253 cunr
1294 2192 1365 2251 urbe
1380 2207 1498 2249 caruere

139 2293 169 2343 et
191 2288 278 2360 pauci
301 2302 421 2344 numero
444 2285 532 2342 luere.
578 2281 708 2341 Helvetii
732 2300 819 2357 vero,
849 2284 899 2359 qui
929 2283 1039 2341 iaciunt
1062 2282 1134 2340 haec
1159 2282 1247 2339 verba
1270 2297 1373 2338 sonare
1397 2278 1433 2337 de
1457 2283 1497 2337 62

140 2375 310 2449 septimanis
335 2371 463 2448 reliquis,
488 2387 606 2429 neeesse
630 2370 739 2428 habent
762 2371 930 2429 continuam
953 2368 1184 2429 aedificationem
1201 2371 1274 2426 muri
1290 2376 1319 2426 et
1333 2366 1497 2442 platearum

140 2478 192 2534 per
223 2476 315 2519 annos
344 2459 470 2536 amplius
495 2464 556 2517 400
580 2466 721 2530 statuere,
752 2457 830 2532 quod
854 2459 969 2516 veritati
994 2473 1051 2515 non
1075 2458 1218 2530 congrait.
1267 2454 1445 2514 Aedificatus
1468 2469 1496 2510 rt.

140 2556 185 2606 est
208 2565 305 2605 murus
328 2548 383 2606 sub
406 2546 562 2617 Nehemia,
586 2562 651 2603 eum
674 2544 766 2603 altere
788 2562 877 2603 manu
901 2561 974 2621 opus
997 2553 1172 2614 exercerent,
1196 2542 1288 2603 altera
1311 2559 1392 2601 arma
1415 2549 1498 2600 tene·

139 2643 201 2694 rent
224 2644 341 2711 propter
364 2635 478 2693 crebras
502 2633 629 2691 hostium
652 2635 832 2691 incursiones
856 2641 910 2690 etc.

246 2722 287 2780 Et
307 2729 374 2797 post
397 2720 607 2781 hebdomadas.
654 2720 686 2777 ln
710 2720 836 2779 hebraeo
860 2718 896 2778 ad
921 2719 1041 2778 verbum
1066 2719 1125 2777 sic:
1152 2725 1200 2793 ,et
1223 2716 1400 2792 posteriores
1422 2713 1498 2773 heb·

141 2806 281 2867 domadas
306 2816 345 2868 62
371 2808 547 2878 occidetur‘,
578 2824 666 2881 quare
690 2805 883 2882 Septuaginta
912 2809 968 2866 sic:
1004 2813 1052 2880 ,et
1079 2813 1184 2881 postea
1206 2802 1405 2863 hebdomades
1429 2819 1497 2860 sex·

140 2898 240 2971 aginta
269 2906 394 2971 quatuor
424 2905 452 2954 et
485 2894 660 2953 delebitur“.
707 2893 765 2954 Ubi
788 2896 975 2955 amanuensis
999 2910 1076 2952 error
1099 2892 1237 2963 creditur,
1271 2889 1350 2966 quod
1373 2897 1498 2965 quatuor

141 3001 193 3060 pro
225 2983 299 3042 duae
330 2985 442 3057 legitur.
489 2983 593 3056 ltaque
622 2983 647 3038 si
675 2980 762 3040 illud:
799 2981 967 3057 ,occidetur
989 2980 1140 3039 Christus“
1175 2979 1210 3038 de
1235 2978 1349 3037 Christo
1380 2977 1497 3036 domino

141 3080 239 3129 nostro
264 3070 470 3147 intelligamus,
494 3087 551 3127 non
576 3077 681 3143 cogent
704 3088 757 3128 nos
780 3070 853 3129 haec
869 3070 967 3142 verita,
990 3067 1204 3126 illiusmortem
1222 3065 1360 3125 adfinem
1377 3065 1498 3124 ultimae
1582 3126 1586 3135 ,

141 3158 333 3217 hebdomadis
357 3156 594 3229 accommodare,
626 3162 739 3215 tantum
762 3156 850 3230 illud,
874 3160 914 3227 fut
937 3164 1004 3233 post
1026 3154 1260 3214 aedificationem
1283 3152 1446 3230 platearum
1470 3158 1500 3211 st

140 3247 213 3303 muri
237 3244 302 3303 illas
326 3262 477 3304 numerare
501 3247 682 3322 incipiamus.

246 3332 414 3391 Occidctur.
461 3330 570 3391 Omnes
598 3331 703 3405 reliqui
733 3330 883 3405 emphasin
908 3328 1048 3403 majorem
1072 3328 1222 3388 adhibent.
1270 3328 1345 3386 Nam
1368 3325 1497 3403 Septua-

138 3422 235 3495 ginta:
259 3418 562 3496 iffalatioaodqrrarm,
580 3418 736 3478 Helvetico
760 3398 916 3498 „peribit“,
940 3417 1131 3489 ambiommm,
1156 3417 1319 3474 Funccins:
1347 3413 1497 3494 „confixus

138 3504 325 3582 perimetur“,
350 3507 518 3582 Pagninus,
544 3505 756 3564 liucltolzerus:
794 3501 992 3584 „excidetur“,
1017 3503 1161 3562 Lutherns
1187 3498 1400 3583 „eradicetur“,
1427 3500 1497 3559 Cal-

139 3597 224 3652 vinus
251 3595 437 3672 „abolebitur
468 3597 531 3652 sive
561 3597 590 3650 in
621 3593 743 3651 nihilum
766 3590 944 3668 redigatur·“.
991 3592 1027 3650 tlt
1049 3608 1120 3650 sane
1143 3591 1171 3647 in
1196 3591 1323 3649 hebraeo
1348 3607 1403 3649 vox
1430 3587 1497 3646 talis

139 3689 199 3753 est,
224 3700 281 3755 que
306 3684 394 3740 utitur
417 3683 572 3757 scriptura,
605 3697 670 3738 cum
693 3681 820 3739 animam
844 3679 973 3755 aliquam
996 3696 1012 3738 e
1035 3679 1145 3755 populo
1168 3679 1367 3749 exterminari,
1392 3676 1497 3751 impios

139 3768 269 3828 exscindi
293 3768 372 3827 dicit.
418 3769 483 3826 Hoc
507 3767 572 3825 ideo
596 3769 766 3841 notandum,
791 3776 823 3826 ut
845 3767 935 3842 probo
958 3768 1149 3845 pensitamus,
1171 3785 1209 3826 an
1231 3765 1305 3824 haec
1328 3764 1364 3824 de
1381 3763 1496 3823 Christo

139 3854 257 3915 domino
280 3866 379 3915 nostro
403 3857 495 3931 accipi
520 3856 639 3931 possint.

246 3942 391 4003 atratus.
437 3943 515 4001 Inter
544 3942 598 4000 has
622 3943 770 4018 proximas
794 3957 881 3999 voces
905 3939 1099 4014 Septuaginta
1121 3947 1260 4015 punctum
1284 3941 1498 4014 interposuere,

138 4048 178 4091 sc.
202 4029 251 4090 hic
273 4040 339 4107 post
363 4037 403 4090 62
427 4028 619 4088 exscindetur.
659 4029 768 4086 Verum
792 4045 876 4086 nemo
900 4029 1087 4103 interpretum
1112 4028 1167 4085 illis
1191 4028 1343 4096 consentit,
1367 4041 1422 4082 nec
1444 4024 1497 4082 ho-

139 4118 244 4176 braeus
268 4127 363 4177 textus
386 4119 502 4192 patitur.
543 4116 656 4174 Deinde
679 4134 731 4192 pro
756 4132 827 4174 voce
851 4136 964 4192 χριστος
986 4122 1107 4173 utaxttur
1129 4131 1202 4173 voce
1224 4136 1338 4190 pitiana.
1376 4110 1495 4186 Reliqui

139 4223 239 4264 omnes
263 4215 314 4265 aut
337 4221 439 4263 vocem
462 4203 619 4263 hebraeam
635 4203 765 4262 Messiah
789 4209 840 4261 aut
855 4219 997 4276 graecam
1021 4199 1267 4278 aequipollentem
1291 4199 1424 4259 Christus
1449 4216 1496 4257 re·

138 4296 240 4352 tinent.
278 4292 444 4352 Notandum
469 4301 578 4368 tamen,
601 4289 680 4366 quod
704 4292 792 4349 etiam
808 4288 1053 4364 aequipollentem
1071 4287 1191 4347 latinam
1212 4283 1354 4365 „unctus“
1373 4288 1496 4346 retinere

136 4380 234 4439 liceat.
274 4381 338 4438 Non
362 4382 438 4439 enim
462 4373 592 4437 hebraea
613 4397 672 4436 nox
694 4376 864 4453 adjunctum
887 4376 976 4436 habet
1000 4375 1153 4435 articulum
1169 4375 1440 4447 demonstrativum,
1465 4381 1497 4431 ut

138 4477 247 4527 certum
270 4467 397 4542 aliquem
420 4465 572 4542 significet.
612 4516 617 4529 ,

243 4555 284 4612 Et
305 4572 369 4614 non
391 4558 448 4614 erit
467 4553 601 4629 populus
623 4554 705 4625 eiua,
730 4554 784 4627 qai
806 4568 876 4609 cam
898 4557 1067 4625 negaturos
1090 4556 1139 4611 est.
1185 4546 1271 4622 Quod
1295 4547 1442 4623 interpreti
1466 4547 1495 4603 in

138 4650 262 4701 mentem
295 4644 419 4713 venerit,
450 4652 482 4699 ut
504 4656 555 4716 pro
581 4646 598 4697 2
624 4639 721 4697 verbis
745 4639 878 4697 hebraeis
904 4640 1044 4712 integram
1068 4637 1241 4696 sententiam
1265 4636 1350 4694 nobis
1374 4632 1495 4708 dederit,

134 4730 202 4805 jure
225 4729 415 4800 dubitaretur,
438 4729 493 4787 nisi
517 4743 620 4785 sensus
644 4727 806 4785 obscuritas
830 4727 917 4786 etiam
941 4724 1007 4783 aliis
1031 4724 1198 4800 hujusmodi
1222 4730 1368 4783 commata
1386 4739 1496 4798 suppe-

138 4816 270 4879 ditasset
308 4816 357 4876 Sic
376 4818 453 4875 enim
471 4815 680 4893 Septuaginta:
711 4836 815 4893 χρισμα
838 4837 891 4887 καιΙ
908 4834 994 4889 sarpa
1014 4808 1069 4874 οὐκ
1092 4809 1168 4874 ἐστιν
1190 4808 1220 4875 a'e
1239 4808 1322 4891 αὐτῳ
1336 4842 1381 4854 -
1395 4809 1493 4871 unctio
