3284 5520
218 308 284 379 798
725 306 768 361 De
784 303 896 373 Origine
913 304 1050 359 denda

219 489 338 548 omnino
369 488 397 545 in
427 487 564 545 interiora
586 480 759 558 oonjieiendi
781 482 939 559 erigian
961 482 1095 543 flimaei.
1140 482 1195 558 eb)
1218 482 1269 543 Ab
1291 484 1469 561 Arpaanta
1489 484 1570 545 Chal-

219 574 310 635 daeos
340 590 454 633 mecum
481 572 604 633 derivat.
650 576 707 643 itti)
731 569 777 628 Ab
800 571 890 629 Aram
912 570 1074 631 Aramaeoe
1095 566 1191 643 ducit,
1219 588 1299 646 quoe
1322 576 1367 631 aia
1390 591 1459 633 mae
1479 571 1569 650 Syros.

218 661 253 721 ld
277 661 414 723 Hebraeo
432 658 618 720 credendum
647 668 706 731 est,
738 660 872 733 quamvis
894 656 1009 717 Plinius
1030 656 1156 735 Scythas
1183 659 1246 717 aire
1269 658 1370 718 &aaa
1398 677 1467 720 esee
1492 660 1570 719 dieat.

218 748 292 809 luds
313 750 451 825 auspicio,
474 766 512 808 an
535 746 604 805 oiim
627 747 656 803 in
679 747 837 819 irruptione
852 744 993 822 Scythica
1007 744 1094 821 Syria
1115 748 1288 805 remanserit
1312 750 1474 807 Aramaeia
1495 748 1570 807 inde·

220 854 278 913 que
301 836 359 893 illis
382 834 512 893 nomen?
541 833 601 895 Sed
625 844 722 891 mmen
745 832 817 890 nihil
840 831 997 891 admeduru
1012 842 1114 893 eorrtra
1128 850 1173 893 me
1188 842 1243 893 eet.
1282 832 1408 909 Syriam
1422 838 1500 895 eaim
1514 834 1569 894 eol·

155 914 160 925 ’
219 922 318 983 locant
341 926 414 981 inter
437 924 589 999 Assyriam
611 929 641 978 et
662 918 890 995 Cappadociam,
913 928 957 979 est
982 923 1070 996 igitur
1091 923 1231 996 contigua
1253 922 1432 981 Armeniae.
1478 920 1569 999 aria

217 1006 285 1073 Lod
307 1028 420 1069 rueeum
444 1008 544 1087 Lydos
567 1006 699 1067 deducit:
723 1005 752 1063 id
777 1024 896 1083 quoque
918 1008 1001 1067 bene.
1040 1010 1097 1081 38)
1120 1008 1168 1067 Ab
1183 1006 1248 1067 llus
1263 1008 1421 1069 &amaea
1443 1012 1485 1068 ait
1506 1026 1571 1069 eou-

218 1098 308 1158 ditam
332 1098 525 1170 Damascum,
554 1094 708 1154 Hebraeus
731 1092 759 1151 id
782 1094 856 1153 lorte
878 1103 975 1170 potest
997 1095 1156 1167 affirmare,
1179 1105 1211 1153 at
1233 1093 1343 1155 Hercle
1368 1098 1461 1155 nimie
1483 1099 1571 1155 risina

217 1184 293 1247 baec
315 1193 358 1245 est
381 1188 452 1243 sorti
468 1184 698 1243 cananaeorum.
738 1182 780 1239 Ea
804 1181 877 1240 libro
891 1180 953 1241 Job
971 1182 1146 1257 colligimus,
1169 1183 1320 1258 regionem
1335 1200 1409 1243 esse
1434 1188 1466 1255 t)
1480 1186 1569 1244 orien-

218 1271 319 1346 talem,
342 1274 375 1348 2)
390 1273 598 1331 conterminam
620 1267 790 1327 Chaldaeae
812 1277 842 1329 et
866 1270 1010 1343 Arabiae3
1032 1278 1063 1329 et
1084 1272 1128 1329 sie
1149 1286 1268 1345 quoque
1293 1273 1471 1329 terminatur
1492 1270 1570 1347 Syria

216 1360 256 1419 ab
278 1362 391 1418 oriente
413 1356 504 1418 durio
522 1358 668 1433 Euphrate
691 1365 720 1417 et
739 1366 820 1433 parte
837 1356 963 1416 Arabiae
986 1356 1127 1417 desertae.
1166 1356 1271 1433 ltaque
1287 1356 1358 1435 Syri
1374 1360 1415 1417 ab
1431 1358 1488 1417 boe
1502 1357 1570 1428 Bur,

218 1446 295 1507 unde
318 1446 503 1505 eoniirrnatnr
525 1448 613 1503 etiam
638 1450 688 1503 36.
711 1454 846 1519 punctus.
892 1442 945 1520 39)
967 1444 1014 1503 Ab
1036 1442 1112 1515 Hal,
1135 1462 1221 1519 quem
1243 1446 1334 1503 muer
1358 1443 1487 1505 Othrum
1508 1445 1568 1517 diei,

219 1533 363 1593 Armenes
385 1532 512 1593 deducit.
551 1531 585 1589 ld
608 1548 737 1607 pugnare
761 1530 874 1591 ridetur
897 1548 963 1591 cum
981 1532 1189 1607 superioribus,
1212 1532 1263 1591 ubi
1286 1532 1488 1610 Cappadocae
1508 1532 1569 1591 blo·

217 1622 308 1681 socho
331 1616 463 1681 attribuit
486 1629 515 1677 et
537 1617 662 1677 Galatas
685 1617 811 1679 Cimbro.
855 1617 915 1679 Sed
938 1636 995 1679 non
1018 1628 1147 1694 pugnat,
1177 1619 1372 1695 Cappadocia
1394 1624 1473 1680 euim
1496 1623 1569 1680 ecci·

218 1707 344 1769 dentalis
375 1717 429 1767 est.
474 1705 533 1765 Sed
561 1724 657 1782 neque
687 1713 788 1764 eontra
818 1723 865 1765 mo
887 1714 946 1778 eat,
978 1723 1045 1766 narn
1067 1709 1143 1765 sicut
1166 1704 1250 1783 hyde
1271 1706 1346 1765 nibil
1373 1707 1513 1784 derogat,
1543 1710 1568 1764 in

218 1797 284 1871 eJ'ue
297 1794 462 1855 litoralibus
478 1793 597 1852 haerere
613 1792 737 1851 Tirarsin
753 1801 783 1851 et
796 1790 915 1866 Jenem,
938 1795 980 1853 sie
992 1810 1088 1868 neque
1103 1794 1222 1867 Aramo,
1244 1795 1454 1870 circumjectos
1470 1796 1569 1855 habere

223 1884 397 1943 Cimmerios
419 1884 448 1939 in
473 1878 602 1953 Galatia,
627 1879 786 1939 Ascanium
809 1882 838 1938 in
861 1879 967 1953 Mesia,
989 1878 1155 1957 Riphaeum
1178 1882 1206 1937 in
1229 1880 1452 1957 Paphlagonia,
1475 1882 1570 1960 'shyg-

218 1988 357 2029 ratumena
380 1971 408 2026 ln
432 1968 563 2045 Phrygia
583 1969 647 2026 aire
671 1966 867 2045 Cappadocia,
891 1967 958 2027 inde
981 1966 1146 2028 Thubalem
1169 1968 1198 2024 iu
1220 1967 1375 2042 Colchide,
1400 1969 1567 2029 hiesoebum

218 2058 249 2117 ln
278 2056 402 2131 isthmo,
433 2054 552 2114 Medum
581 2056 612 2113 in
638 2054 722 2113 litora
746 2053 891 2128 Hireana,
921 2054 1083 2131 ldagogum
1111 2057 1139 2111 in
1163 2054 1296 2129 ejusdem
1318 2054 1418 2117 litoris
1440 2056 1568 2115 orientali

219 2154 311 2221 parte.
348 2142 423 2203 Nam
447 2144 555 2219 quibus
577 2142 789 2202 mediterranea
807 2142 961 2215 dahantur,
984 2145 1101 2219 propria
1115 2141 1269 2215 dabantur,
1292 2146 1405 2219 quibua
1419 2146 1567 2215 maritima,

219 2228 419 2292 commodate:
447 2230 524 2305 jussi
552 2229 663 2289 seilicet
690 2238 759 2287 surrt
781 2238 860 2289 trans
883 2247 962 2289 mare
985 2232 1040 2302 ire,
1064 2246 1129 2289 eum
1152 2238 1327 2307 oppertuum
1350 2232 1451 2293 tuerit
1498 2232 1567 2307 Ergo

220 2328 250 2381 et
271 2329 388 2395 propter
413 2319 548 2377 rieiniam
570 2326 599 2377 et
622 2325 739 2393 prepter
761 2333 866 2375 nomeu
881 2316 941 2375 Hul
965 2315 1065 2376 videor
1080 2316 1206 2377 Colchas
1230 2317 1297 2377 inde
1315 2317 1463 2379 deducere
1479 2336 1566 2395 poste

220 2408 260 2467 At
282 2406 398 2465 Thubal
423 2406 492 2465 litus
514 2404 673 2465 obtinuerit
696 2404 853 2476 ibericum,
878 2403 980 2463 Colchi
1003 2404 1206 2464 mediterranei
1229 2405 1337 2464 fuerint
1359 2405 1439 2467 ultra
1461 2406 1567 2484 Trape-

220 2503 347 2554 zuntem.
394 2498 449 2565 tot
473 2494 497 2551 A
523 2490 633 2551 Gether
655 2490 826 2550 Bactrianae
849 2491 938 2566 ducit,
963 2489 1049 2551 crede
1071 2500 1190 2567 propter
1211 2491 1357 2551 elementa
1380 2493 1486 2555 eadem
1509 2511 1567 2553 cnm

219 2580 375 2641 Beervlli.
423 2577 509 2638 Adde
532 2595 586 2654 ego
609 2588 640 2637 et
661 2587 777 2653 gentem
801 2579 963 2651 Bactriam,
999 2580 1170 2655 Arimaspoe
1192 2581 1231 2639 ab
1255 2580 1365 2651 Aram,
1402 2583 1473 2639 iteru
1496 2579 1567 2656 quod

218 2666 349 2747 Scythae
373 2668 495 2726 Asiatici
519 2666 655 2725 Aramaei
679 2665 821 2724 dicuntur.
866 2662 917 2747 [Et
939 2669 967 2723 in
984 2665 1137 2741 Margiane
1152 2664 1240 2747 (quae
1254 2684 1328 2741 gens
1342 2670 1403 2727 sita
1418 2680 1464 2728 eet
1479 2668 1567 2727 Medis

220 2768 307 2838 gigan
322 2750 469 2837 Bletqctt)
490 2771 562 2830 gens
586 2761 630 2813 est
654 2752 896 2829 Massagetarum,
919 2753 1027 2825 ahias,
1052 2754 1170 2827 Gathar,
1196 2749 1375 2835 Aramaeis].
1414 2758 1452 2815 At
1469 2756 1568 2815 Baetra

218 2843 378 2921 provincie,
402 2842 526 2901 Bactros
548 2840 664 2912 fluvius,
689 2840 795 2900 Baetra
819 2841 886 2900 urbs
909 2848 938 2900 et
960 2841 1058 2901 Bactri
1080 2859 1153 2917 gens
1175 2860 1193 2900 a
1217 2843 1306 2899 variis
1328 2845 1502 2903 auctorihua
1524 2848 1569 2902 aut

220 2928 338 3007 Scythis
368 2930 564 2989 attribuuntur
593 2935 643 2987 aut
674 2926 731 2986 illie
753 2928 877 3003 proximi
900 2936 977 2987 sunt.
1022 2926 1081 2989 esu
1105 2930 1203 2987 obstat
1224 2929 1445 3005 longinquitas:
1477 2930 1568 2991 Bactri

219 3021 298 3077 enim
321 3018 358 3076 ab
376 3016 509 3075 Armenis
533 3015 700 3090 longissime
724 3024 803 3075 trane
819 3015 959 3093 Caspium
980 3017 1008 3073 in
1025 3017 1135 3076 oriente
1150 3024 1226 3074 sunt.
1272 3020 1311 3083 lh.
1333 3016 1568 3094 Populoeusluit

219 3108 309 3165 Aram
333 3103 459 3178 ideoque.
483 3105 570 3162 etiam
595 3102 684 3160 letarn
708 3101 796 3161 habet
819 3113 936 3162 sortem.
982 3102 1089 3162 Obstat
1117 3104 1147 3178 2)
1171 3101 1250 3178 quod
1273 3106 1378 3162 Assuri
1402 3105 1505 3165 deberi
1528 3107 1567 3162 vi·

220 3191 304 3251 detur
326 3209 360 3251 ea
383 3193 473 3266 regie.
519 3194 556 3257 it.
582 3188 677 3250 Valde
699 3189 759 3247 late
783 3198 827 3248 est
849 3190 938 3264 Asia,
966 3200 1065 3250 teneat
1093 3189 1141 3250 ille
1170 3200 1293 3249 tractum
1317 3190 1448 3251 medium
1474 3208 1568 3252 rerem

218 3279 378 3350 Parthiam,
403 3295 540 3353 quorsum
563 3280 651 3336 etiam
675 3276 833 3336 extendunt
851 3279 1002 3355 Assyriam
1023 3279 1234 3354 cosmographi.
1273 3279 1376 3338 Aremi
1394 3297 1465 3340 rere
1482 3297 1567 3356 pecu·

217 3366 289 3425 lium
321 3369 360 3425 sit
392 3364 627 3442 septentrionalis
657 3364 746 3423 Asiae
779 3382 847 3439 pars
875 3365 1035 3424 secundum
1066 3375 1187 3441 pontum
1219 3365 1381 3437 Euxinum,
1426 3369 1568 3437 isthmum,

220 3453 360 3530 Caspium
383 3471 473 3524 mare,
495 3452 654 3530 Scythiam.
693 3451 741 3510 Sic
757 3452 931 3529 Arpaxastis
953 3463 1071 3512 maneat
1092 3452 1169 3512 latus
1185 3454 1273 3512 Asiae
1288 3453 1492 3526 meridionale,
1516 3458 1568 3513 imo

219 3549 249 3602 et
271 3543 342 3617 ipsis
365 3542 451 3599 litora
475 3539 632 3601 concedere
655 3555 824 3615 possemus,
849 3548 880 3599 ut
902 3538 1065 3615 Japetidis,
1089 3550 1118 3600 et
1138 3540 1298 3600 secuudum
1322 3540 1390 3600 illos
1414 3541 1569 3620 Elymaeos

217 3628 324 3687 locere.
372 3628 404 3704 3)
428 3626 551 3703 Obstat,
582 3626 661 3703 quod
684 3626 845 3703 Magogurn
877 3636 906 3686 et
927 3627 1084 3687 Madaeum
1113 3627 1150 3686 ad
1174 3627 1312 3704 Caspium
1343 3627 1454 3688 locavi.
1500 3629 1568 3689 Sunt

219 3733 289 3791 erge
312 3716 456 3790 interjecti
480 3717 553 3774 inter
576 3721 681 3773 sertem
699 3715 873 3774 Aramaeam
890 3732 1012 3790 eamque
1028 3714 1202 3774 discindunt.
1240 3719 1279 3783 ll.
1303 3714 1407 3775 Litora
1422 3716 1477 3775 ilia
1493 3735 1568 3777 coru·

219 3801 339 3862 modato
364 3803 560 3875 obtinuerunt,
584 3800 635 3860 sed
658 3810 859 3861 remanserunt
881 3810 977 3861 tanuen
1001 3812 1105 3878 postea
1124 3801 1212 3862 Medi.
1253 3799 1304 3879 41)
1330 3804 1354 3861 A
1379 3802 1448 3863 Mas
1473 3803 1568 3863 Mesa-

220 3906 291 3949 nees
316 3889 403 3962 ducit,
428 3890 477 3947 uhi
501 3892 539 3948 sit
562 3891 647 3948 turris
663 3888 788 3965 Spasini.
829 3888 932 3964 Qualis
955 3894 1035 3966 regio
1050 3893 1097 3963 sit,
1121 3907 1178 3949 non
1194 3892 1324 3967 reperi03
1348 3907 1407 3949 non
1425 3893 1568 3950 nimisre·

218 3985 328 4036 motam
351 3994 415 4037 esee
437 3978 589 4048 convenit,
621 3994 686 4036 cum
709 3994 812 4036 nornen
837 3978 906 4035 turri
930 3976 980 4036 det
1002 3995 1125 4053 graecae
1148 3978 1275 4055 formae,
1305 3977 1379 4035 mihi
1400 3977 1481 4056 Mysi
1506 3978 1567 4036 inde

218 4064 354 4125 videntur
377 4066 523 4139 generati,
552 4072 605 4123 aut
627 4072 703 4123 certe
727 4064 873 4140 Margioni
896 4066 971 4123 inter
994 4064 1115 4123 Bactros
1137 4074 1166 4123 et
1191 4066 1351 4137 Armenes,
1376 4083 1470 4144 prope
1493 4066 1567 4143 Hyr·

217 4168 317 4211 canos.
356 4151 409 4230 42)
432 4150 597 4211 Jeetanitas
620 4153 662 4211 ait
684 4150 722 4209 ad
746 4151 918 4230 Cophenea,
943 4150 1045 4211 Indiae
1068 4153 1197 4227 flurium,
1221 4152 1382 4226 habitasse,
1407 4160 1437 4213 et
1460 4164 1567 4230 partem

219 4240 247 4297 in
271 4238 365 4316 Syria
410 4237 477 4299 Hee
498 4238 590 4312 addit,
613 4247 694 4315 pute,
717 4249 835 4317 propter
856 4239 981 4315 majores
1005 4239 1173 4300 Abrahami.

415 4429 492 4507 Erae
515 4430 583 4510 post
606 4428 763 4495 tectionen
785 4429 910 4510 iosepht
934 4429 1011 4495 iaco
1033 4429 1169 4496 utentur
1192 4429 1375 4497 distributis.

323 4584 515 4664 Longinquae
537 4590 671 4665 regiones
693 4589 810 4664 penitus
832 4606 889 4649 nen
914 4597 983 4648 sunt
1004 4591 1146 4663 censitae,
1171 4588 1222 4649 sed
1245 4587 1314 4649 illae
1337 4598 1464 4665 tentum,
1487 4610 1567 4668 quae,

218 4670 287 4733 inde
310 4692 328 4733 a
351 4692 409 4752 que
433 4693 500 4736 aree
523 4675 653 4735 consedit
675 4683 809 4752 etpost.
838 4693 903 4735 cum
927 4684 1105 4753 vagarentur
1126 4678 1258 4738 homines
1280 4695 1375 4754 usqne
1399 4682 1429 4737 in
1453 4697 1568 4757 eampns

218 4758 346 4838 senaar,
376 4765 512 4840 segnius
539 4771 616 4823 suna
663 4762 776 4827 Chame
799 4763 896 4825 Airiea
923 4771 954 4825 et
976 4763 1087 4825 Arabia
1116 4772 1222 4843 restat,
1253 4764 1344 4828 Seme
1365 4775 1469 4829 manet
1490 4769 1569 4840 Aris,
