3284 5520
710 313 800 385 (iaput
816 310 892 370 vm.
1416 314 1483 387 423

121 494 201 574 qnod
224 496 256 555 in
280 494 472 557 conversione
494 493 632 554 horarum
655 495 686 552 iu
708 498 807 571 partes
830 495 1015 570 aequatoris,
1039 500 1194 572 postquam
1217 495 1296 557 lacta
1318 495 1405 556 tuerit
1427 513 1480 557 ex-

121 585 233 663 respuo
263 601 299 644 ex
326 583 558 659 sexagesimaria
590 588 850 659 excerptorumqne
880 580 1007 656 additio,
1038 600 1153 643 summa
1182 583 1309 644 conflata
1339 591 1384 643 est
1412 600 1481 644 sex-

121 670 295 750 uplicands
316 675 347 732 et
368 668 526 730 exaltanda
549 670 672 748 species,
696 669 829 746 apicibus
853 671 965 730 unitate
989 669 1158 746 diminutis3
1188 672 1260 748 quia
1287 671 1482 747 sexagesima,

121 760 183 833 ΙΨ,
214 765 285 819 mne
313 757 416 818 valam
438 756 548 833 gradus
571 759 739 833 sequatoris
763 757 836 816 360.
883 756 1021 816 Vicissim
1052 760 1080 816 iu
1105 759 1297 820 conversione
1319 765 1483 836 temporum

121 848 291 923 isquatoris
312 846 342 903 iu
366 845 453 904 boras
476 845 578 904 statim
599 845 683 904 initio
707 843 851 904 sumenda
873 851 918 905 est
940 845 1056 905 illorum
1077 863 1145 923 pars
1165 836 1249 907 'sexta
1272 844 1395 923 ejusque
1416 848 1482 924 api·

121 932 205 993 ‚ihus
228 934 342 993 unitate
366 934 470 1005 auctis,
498 930 688 1009 deprimenda
710 933 838 1009 species,
867 937 896 991 et
918 938 988 992 tuuc
1011 949 1076 992 oum
1099 932 1156 993 hec
1177 940 1261 993 sexta
1283 940 1366 1011 perte
1389 950 1482 1010 egeu-

121 1018 190 1081 lum
213 1027 249 1081 ut
269 1025 428 1098 praecepto
450 1020 549 1097 priori.
598 1018 702 1080 Cetera
724 1019 862 1096 loquetur
883 1026 972 1098 typus
995 1021 1184 1098 operationis.

227 1128 384 1198 Quaeritur,
404 1127 487 1182 horae
508 1127 549 1184 19.
567 1126 612 1182 25⁴
631 1128 684 1183 37⁴⁴
710 1132 777 1196 quot
802 1125 904 1183 faciant
927 1128 1028 1196 gradus
1053 1129 1116 1197 (scu
1139 1131 1276 1201 tempora)
1300 1136 1329 1185 et
1352 1127 1483 1200 seripula

121 1207 297 1280 requstoriei

365 1279 449 1328 Horas
469 1277 512 1332 19.
531 1276 575 1329 24⁴
593 1277 656 1326 daut
673 1292 705 1327 οι
723 1280 915 1340 sexagesimus
931 1277 977 1329 48‘
994 1276 1047 1329 30⁴¹

225 1601 316 1670 Hujus
339 1614 460 1657 summae
485 1597 656 1669 sextuplum,
682 1598 770 1655 auctis
795 1598 931 1670 apicibus,
956 1599 1296 1658 fier29102r‘15¹‘0“¹.
1333 1600 1388 1658 Tot
1412 1603 1483 1659 iiuut

121 1686 214 1751 partos
235 1679 399 1750 sequuturis.

224 1756 357 1814 Vicissim·
374 1757 526 1828 quaeritur,
552 1754 652 1825 gradus
670 1755 731 1812 259.
751 1756 794 1811 34¹
815 1758 875 1813 17¹¹⁴
892 1755 1048 1827 sequuturis
1072 1762 1140 1825 quot
1163 1756 1265 1814 saciant
1289 1758 1395 1816 horas?
1422 1760 1484 1817 Erit

121 1836 250 1895 sumenda
267 1851 332 1906 pars
357 1843 443 1905 sexte,
463 1834 551 1891 auctis
569 1833 701 1905 apicibus,
721 1833 824 1891 scilieet
841 1834 886 1892 431
907 1837 957 1892 15¹⁴
974 1835 1037 1892 42Η
1056 1834 1129 1892 bow.

229 1938 293 1998 Ergo
312 1935 355 1989 43¹
376 1934 427 1986 1o¹¹
451 1938 477 1984 iu
497 1935 693 1995 sexagesimarlu
711 1935 771 1984 dant
788 1950 820 1984 aa
838 1936 1059 2001 quadrivicsuariu
1076 1936 1102 1989 h.
1126 1937 1167 1986 17.
1189 1936 1222 1985 18

395 2009 421 2057 0.
458 2008 492 2056 40
530 2004 593 2053 dunt
596 2041 1102 2060 ............
1200 2008 1227 2058 0.
1247 2007 1280 2056 1ss

479 2075 1100 2131 2.nodsut..,.‚......
1266 2078 1327 2129 1.8

802 2163 907 2213 Summa
924 2164 953 2211 nt
971 2164 1085 2212 horarum
1123 2166 1165 2216 17.
1186 2163 1228 2215 18⁴
1248 2162 1363 2218 17“8”’.

225 2260 353 2320 Tantum
376 2257 412 2319 de
435 2276 491 2319 usn
517 2261 676 2338 praecipuo
690 2257 919 2337 Heptacoeiedis
940 2276 994 2337 pro
1018 2259 1183 2320 tabularum
1208 2262 1328 2322 istarum
1351 2265 1484 2324 instituto

121 2347 230 2410 dixisse
257 2347 384 2407 euiflciat
416 2347 444 2405 in
475 2363 595 2422 genere.
641 2345 822 2423 Quodsieubi
853 2348 941 2406 etiam
969 2347 1037 2407 aliis
1066 2348 1169 2408 usibus
1200 2366 1235 2409 ea
1266 2351 1361 2410 minus
1383 2349 1484 2411 solen-

121 2437 206 2498 nibus
230 2435 349 2509 sersiet,
373 2433 402 2493 ld
426 2435 488 2493 suis
511 2434 687 2495 indicabitur
711 2433 793 2494 locis.

227 2521 311 2599 Quae
334 2537 404 2582 vero
426 2519 657 2600 Heptaoosiadis
680 2521 769 2599 hujus
792 2520 934 2581 utilitates
958 2520 1035 2581 ultra
1056 2529 1150 2583 metae
1173 2522 1339 2585 tabularum
1363 2525 1484 2584 istarum

122 2626 187 2670 sese
209 2609 377 2687 proterunt,
401 2625 454 2669 eae
476 2610 539 2686 peti
561 2614 685 2686 possunt
708 2627 744 2668 ex
767 2609 970 2685 supplemento
986 2608 1139 2685 chiliadis,
1163 2611 1320 2689 pleraeque
1343 2613 1419 2671 eninr
1443 2612 1484 2673 ibi

121 2697 234 2758 relatae
257 2693 401 2774 quadrant
423 2696 514 2756 etiam
536 2696 603 2771 huc,
628 2703 741 2755 tantum
765 2705 798 2756 ut
813 2697 987 2770 memineris,
1012 2696 1231 2758 columellerum
1247 2698 1388 2758 chiliadis
1404 2698 1483 2758 ordi-

121 2802 189 2848 nem
213 2801 278 2846 csae
302 2783 449 2844 diversum
473 2784 511 2843 ab
534 2781 765 2861 Heptaoosiade.
807 2782 929 2860 Excipio
952 2800 1023 2843 vero
1047 2802 1091 2858 ea,
1116 2803 1192 2863 quae
1215 2786 1409 2865 supplementi
1432 2804 1484 2847 ca-

121 2873 181 2951 pite
206 2872 236 2933 8.
268 2876 298 2930 et
327 2873 439 2948 passim
471 2870 612 2931 docentur
640 2870 677 2931 de
705 2872 834 2931 numeris
856 2869 1014 2945 absolutis,
1048 2873 1167 2948 quibis
1191 2872 1311 2950 desunt,
1343 2876 1414 2951 quia
1437 2873 1483 2933 di·

123 2976 239 3021 versum
263 2957 495 3036 Heptaoosiadis
519 2958 607 3035 hujus
632 2958 797 3018 institutum
821 2964 866 3018 est
888 2958 926 3017 ab
951 2956 1002 3017 illa
1025 2958 1169 3020 Chiliadc.

227 3044 414 3123 Quanquam,
440 3053 473 3106 ut
495 3044 552 3105 hoc
576 3047 670 3106 obiter
685 3063 829 3121 moneam,
853 3044 891 3105 ad
906 3045 1074 3107 necundos
1090 3046 1158 3107 illos
1172 3044 1325 3108 absolutos
1342 3064 1395 3108 uec
1410 3046 1483 3107 Chi-

122 3133 176 3192 liaa
199 3131 253 3193 illa
276 3151 342 3193 mea
365 3135 437 3192 eatis
461 3142 506 3193 est
528 3141 599 3210 apta
622 3135 695 3208 (uon
719 3131 855 3211 equidem
878 3149 913 3192 eo
937 3131 993 3192 line
1017 3134 1208 3212 composita),
1239 3152 1293 3196 nec
1320 3137 1386 3212 ipsa
1408 3134 1483 3195 adeo

122 3218 289 3298 Neperiaua
312 3220 555 3296 logarithmoruur
577 3221 680 3294 forme,
705 3219 944 3292 decrescentium,
968 3238 1056 3297 quem
1080 3223 1109 3280 in
1132 3222 1188 3282 bac
1202 3220 1420 3299 Heptaoosiade
1435 3240 1483 3283 re·

124 3308 204 3382 duni,
230 3315 264 3367 ut
285 3309 468 3386 aptissimam
487 3308 652 3384 logistioae.
689 3307 792 3368 Altera
808 3309 885 3366 enim
900 3307 1003 3383 iorma,
1027 3312 1226 3381 crescentium,
1250 3327 1339 3386 quam
1355 3310 1484 3370 excoluit

124 3391 330 3454 Edmundue
352 3394 545 3474 Briggius
568 3394 741 3469 Britannus,
766 3394 845 3455 edito
869 3411 976 3470 magno
999 3412 1087 3473 opere
1110 3398 1139 3455 iu
1162 3396 1242 3471 solio,
1266 3396 1340 3458 haec
1362 3398 1483 3474 iuquam

124 3480 352 3560 multiplicandis
374 3483 403 3539 iu
428 3499 460 3543 se
483 3484 609 3542 invicem
633 3481 838 3543 dividendisve
860 3484 988 3542 numeris
1012 3482 1165 3558 absolutis,
1192 3501 1280 3560 quem
1303 3483 1376 3545 veiis
1399 3501 1482 3544 scru-

121 3569 320 3645 pulosissime,
343 3568 436 3629 multo
462 3577 507 3630 est
528 3569 776 3629 sufficieudssima
798 3578 828 3630 et
851 3569 1079 3648 expeditissime.
1119 3569 1205 3647 Quod
1228 3588 1286 3632 uno
1310 3571 1400 3632 verbo
1416 3589 1482 3632 mo-

121 3661 221 3718 nuisse
245 3656 372 3734 expedit,
396 3664 429 3715 ut
444 3658 540 3718 sciant
555 3655 738 3731 arithmetici,
762 3654 839 3717 uude
856 3656 1014 3734 petendum
1029 3661 1068 3718 sit
1083 3660 1154 3736 ipsis
1170 3659 1332 3719 subsidium
1347 3658 1482 3719 levandis

121 3739 344 3806 iifflculiatibus
372 3745 425 3818 iis,
460 3761 536 3821 quae
566 3742 762 3822 supplementi
790 3746 848 3805 mei
877 3747 972 3822 capite
997 3750 1026 3805 8.
1055 3747 1224 3824 passimque
1247 3749 1324 3808 circa
1346 3764 1483 3809 numeros

121 3831 276 3895 tbsolutos
300 3839 465 3895 occurrunt.
498 3834 580 3904 (Vide
597 3835 787 3907 supplemento
806 3835 854 3892 fol.
868 3836 928 3892 181.
942 3836 995 3893 182
1014 3843 1086 3904 [374]
1106 3837 1327 3908 contessionem).

678 3992 819 4061 CAPUT
841 3993 927 4060 VIII.

121 4124 169 4185 >e
197 4121 419 4181 ordinatione
443 4122 587 4181 canonis
610 4123 914 4194 legarithmorum,
936 4125 1315 4197 mesologarithmorum
1339 4127 1374 4182 et
1395 4124 1482 4183 anti·

121 4210 418 4285 ogmrlthmorum
441 4209 478 4267 in
499 4211 554 4268 his
576 4209 704 4269 tabulis
728 4211 886 4270 exhibiti.
921 4215 965 4270 Et
986 4213 1163 4287 quomodo
1180 4213 1226 4270 sit
1240 4212 1480 4282 excerpendae

131 4300 315 4369 uniusque
338 4311 441 4356 mous
463 4299 520 4354 vel
542 4299 659 4367 cumali
681 4298 924 4369 logarithmue,
946 4301 1123 4374 quomodo
1146 4299 1458 4367 antilogarithmns,

234 4386 407 4457 quomodo
430 4384 580 4442 mensim
603 4385 775 4459 cujusque
797 4386 996 4456 logarithmi
1018 4390 1074 4446 vel
1096 4386 1365 4457 analoga-numi
1473 4457 1475 4461 ἢ

619 4485 723 4530 mous
745 4475 801 4530 vel
823 4476 980 4544 angulus.

122 4576 217 4628 Prima
229 4573 306 4634 hujus
320 4575 412 4637 capitia
427 4575 505 4622 verba
518 4572 635 4635 leguntur
648 4574 696 4624 vol.
711 4574 754 4624 vl.
772 4589 829 4639 pag.
845 4576 905 4626 bol.
925 4574 1018 4641 illaque
1030 4576 1093 4624 haec
1105 4576 1131 4623 ln
1143 4572 1312 4639 lindolphluis
1325 4571 1482 4640 sequnntur.)

227 4685 261 4744 lu
292 4685 340 4747 his
368 4687 480 4747 tabulis
510 4689 714 4748 aenonomieis
743 4674 954 4749 consulendum
983 4689 1038 4748 fuit
1066 4688 1202 4749 facilitati
1225 4685 1345 4760 calculi,
1376 4706 1428 4766 per
1450 4706 1482 4750 se

121 4779 194 4837 usis
216 4775 342 4853 operosi,
366 4775 518 4861 formaque
541 4776 661 4846 cauouis
683 4775 862 4843 mentuenda
885 4774 1003 4841 diuersa
1023 4783 1142 4863 propter
1164 4774 1242 4840 banc
1264 4791 1392 4841 cumam.
