3284 5520
647 319 690 373 Ex
709 316 937 389 Ephemeridibus
955 316 1076 389 Kepleri.

503 616 768 737 Ephesueris
800 616 859 714 ael
891 644 1062 714 anuum
1094 622 1210 715 1620.

254 795 364 862 illustri
388 796 418 860 rt
441 796 590 863 Generosa
614 799 643 863 u.
668 798 697 862 b.
720 796 832 863 loanni
855 796 986 878 tepere,
1010 795 1119 862 Baros!
1142 790 1364 870 llerebistosh
1386 792 1477 859 Serta

779 955 810 1016 S.
835 954 868 1014 P.
893 955 930 1017 D.

288 1112 380 1189 Coepi
402 1112 601 1188 superioribus
624 1115 708 1171 anuis
731 1113 760 1170 in
785 1111 939 1171 vestibulis
962 1110 1188 1189 Ephemeridum
1219 1108 1344 1169 lectores
1377 1102 1415 1164 (le
1436 1103 1529 1164 'labu-

182 1200 275 1260 larnm
304 1198 556 1276 Ruelolphinarum
586 1206 664 1258 statu
697 1201 833 1260 certiores
861 1197 982 1260 reddere
1012 1215 1175 1274 canamque
1203 1196 1350 1272 explicare
1380 1209 1531 1263 morarum,

183 1305 257 1365 quas
280 1286 322 1344 illi
346 1287 452 1347 crebris
475 1294 504 1346 et
526 1286 618 1346 literis
641 1298 671 1346 et
692 1288 818 1365 publicis
841 1289 957 1364 scriptis
980 1286 1177 1366 increpabant
1214 1284 1281 1343 Hac
1297 1283 1363 1342 vica
1385 1278 1440 1355 Ta,
1461 1276 1531 1337 Illu-

182 1376 250 1436 stris
272 1374 366 1452 Baro,
389 1373 547 1450 compello,
572 1377 693 1434 seorsim
716 1373 836 1451 quidem
859 1393 878 1435 a
900 1377 1019 1448 ceteris,
1043 1378 1113 1452 quia
1133 1376 1177 1434 sic
1198 1369 1330 1450 postulet
1351 1384 1400 1429 res
1421 1368 1487 1445 ipsa
1506 1376 1533 1427 et

182 1462 256 1523 liber
279 1469 356 1535 tuus,
380 1464 426 1521 cui
449 1461 551 1520 titulus
578 1461 738 1536 „Mirificus
760 1461 1015 1537 Logaritbmurum
1031 1460 1171 1536 Canou“;
1194 1458 1311 1536 publica
1334 1464 1444 1531 umen,
1466 1456 1534 1531 quia

185 1567 262 1627 quae
285 1558 381 1608 tecum
405 1548 531 1622 contero,
557 1549 607 1608 illa
630 1549 668 1607 ad
691 1552 821 1609 omnium
843 1551 984 1609 lectorum
1007 1551 1142 1609 notitiam
1164 1549 1319 1627 pertinent.

289 1634 376 1711 Quod
399 1639 487 1712 igitur
510 1640 599 1696 moris
622 1639 694 1696 meis
717 1655 830 1697 rursum
853 1656 928 1697 unus
951 1639 1075 1697 accessit
1097 1652 1208 1708 sunus,
1238 1639 1353 1711 praeter
1383 1628 1534 1707 generales

183 1723 259 1796 illas,
283 1741 359 1798 quae
382 1723 523 1783 hactenus
546 1742 592 1783 me
615 1725 822 1802 impedierunt,
845 1726 1008 1801 singulares
1031 1726 1120 1784 etiam
1143 1726 1172 1782 iu
1194 1723 1272 1780 hunc
1293 1735 1407 1779 anunm
1427 1732 1534 1777 causae
1602 1738 1619 1771 ·-

183 1819 397 1883 concurrerunt,
421 1829 543 1887 quarum
565 1811 681 1887 aliquas
704 1812 783 1871 tama
806 1813 925 1889 publica
946 1813 1085 1888 loquitur,
1109 1810 1190 1871 bella
1211 1816 1241 1869 et
1256 1815 1396 1881 cometas,
1419 1806 1535 1881 aliquas
1555 1820 1626 1862 a

184 1898 314 1977 praedixi
339 1908 390 1957 aut
413 1899 495 1971 tetigi
518 1901 547 1955 in
572 1898 725 1959 restibulis
749 1900 974 1976 Ephemcridum
997 1903 1026 1958 iu
1049 1917 1142 1959 annos
1169 1902 1249 1957 1617
1274 1902 1305 1955 ct
1329 1898 1426 1966 1619,
1460 1907 1630 1969 quaez

183 2002 260 2046 anno
287 1992 369 2044 1615
394 1985 576 2061 prodierunt:
600 1986 712 2046 scilicet
735 1986 892 2047 editionem
914 1987 1053 2047 librorum
1070 1985 1306 2047 VHarmoniess
1320 1979 1437 2053 Mundi,
1462 1994 1631 2057 quase

183 2072 249 2133 sola
272 2072 362 2132 editio
385 2070 433 2146 (ut
455 2089 513 2131 non
537 2072 723 2133 adnumerem
747 2074 968 2153 praecedentem
991 2073 1106 2133 illorum
1129 2068 1396 2147 elucubrationem)
1417 2084 1467 2127 ms
1487 2078 1633 2145 per-1

183 2177 291 2221 annum
313 2159 441 2219 solidum
464 2162 559 2220 tenuit
581 2168 769 2238 occupatnm;
793 2162 929 2222 absoluta
952 2171 1048 2221 tamen
1073 2171 1117 2221 est
1138 2162 1256 2221 favente
1278 2172 1415 2234 supremo
1437 2150 1632 2213 munds-rt

184 2250 273 2308 tetius
288 2247 457 2320 Hermesta,
481 2250 677 2325 nequicquam
700 2250 839 2310 fremente
864 2260 894 2309 et
916 2249 1096 2310 infrendente
1120 2258 1149 2308 et
1170 2245 1287 2306 horride
1308 2241 1470 2304 admodum
1491 2243 1632 2299 in·—

183 2343 372 2411 tcrstrepente
395 2335 519 2395 Bellona
542 2353 606 2395 cum
630 2337 813 2407 bombardis,
844 2339 922 2397 tubis
950 2346 980 2396 et
1011 2338 1208 2396 taratantariis
1229 2337 1306 2406 suis,
1335 2337 1369 2391 ut
1397 2332 1456 2389 nisi
1484 2340 1631 2389 aba!

185 2425 343 2483 etiamnum
367 2423 414 2482 vel
436 2423 508 2482 haec
532 2423 594 2482 dira
617 2424 764 2484 obsederit
787 2424 865 2482 domi
888 2425 1011 2497 lorisve,
1042 2425 1090 2483 rel
1112 2421 1329 2483 Mercurialium
1357 2420 1629 2494 tergiverser—-

184 2512 281 2571 tiones
304 2510 487 2570 destituerint
510 2506 554 2589 (ut
577 2511 684 2571 accidit
706 2515 734 2569 in
758 2511 850 2571 altera
879 2519 959 2588 parte
983 2511 1133 2589 Epitomes
1162 2528 1216 2570 sen
1244 2507 1377 2568 doctrina
1398 2505 1547 2577 meones,-
1588 2522 1626 2571 -·,

184 2600 213 2656 in
237 2614 296 2673 qua
319 2600 396 2674 typi,
427 2614 485 2656 non
509 2597 585 2657 ultra
608 2601 730 2675 primam
752 2602 890 2678 paginam
920 2601 1080 2677 progressi,
1112 2599 1342 2675 conquieverunt
1373 2589 1553 2670 hactenus)e
1577 2596 1622 2657 ἰ

184 2684 362 2763 exemplaria
391 2692 451 2742 tam
474 2684 717 2746 Harmonicorum
745 2705 833 2763 quam
857 2687 1058 2764 descriptionis
1082 2685 1267 2746 Cometarum
1297 2680 1388 2762 (quae
1413 2679 1479 2757 jam
1508 2682 1618 2736 ist-7³

185 2774 301 2832 tertium
325 2790 454 2832 mensem
478 2772 581 2833 haeret
603 2774 767 2851 Augustae)
791 2774 836 2834 bis
859 2774 1077 2834 autumnalibus
1107 2773 1244 2833 nundinis
1267 2768 1461 2829 Francolurto
1483 2765 1616 2825 ha--

183 2860 252 2919 bere
275 2861 389 2938 possint
417 2862 454 2932 ii,
486 2862 593 2935 quihus
621 2861 700 2922 eordi
731 2869 789 2935 est,
821 2878 909 2939 opera
937 2878 1075 2920 manuum
1098 2862 1155 2921 Dei
1182 2860 1287 2920 mantis
1308 2856 1421 2916 lumine
1442 2852 1612 2915 consu

183 2955 275 3007 strata
298 2948 424 3025 penitius
446 2949 560 3006 intueri.

287 3034 427 3112 Princeps
450 3052 519 3093 vero
543 3052 649 3107 causa,
678 3051 754 3112 quae
785 3036 987 3114 progressibus
1015 3036 1089 3094 meis
1112 3035 1140 3091 in
1165 3031 1323 3093 condendis
1347 3028 1459 3091 tabulis
1482 3028 1607 3088 horr>

184 3136 261 3179 anno
289 3123 468 3195 intercurrit,
504 3131 547 3181 est
579 3139 657 3197 nova
687 3122 774 3200 plane
805 3123 856 3182 sed
878 3124 948 3183 felix
972 3122 1124 3182 calamitas
1146 3120 1312 3181 tabularum
1334 3121 1427 3196 partis
1450 3136 1471 3177 a
1491 3125 1605 3175 me*

181 3209 244 3281 J'am
268 3207 377 3268 dudum
399 3210 557 3286 perlectae,
589 3209 663 3269 liber
685 3228 725 3270 sc.
751 3209 798 3269 illc
822 3219 906 3283 tuus,
929 3210 1055 3269 Illustris
1078 3210 1173 3282 Baro,
1203 3225 1289 3285 quem
1313 3206 1487 3280 Edimburgi
1508 3207 1582 3261 ist

185 3294 285 3356 Scotiu
309 3297 479 3374 impressum
503 3304 571 3356 ante
595 3314 688 3356 annos
713 3303 730 3358 5
754 3300 876 3375 primurn
900 3298 961 3356 vidi
981 3297 1092 3367 Prosae
1115 3304 1183 3356 ante
1205 3296 1364 3366 biennium,
1389 3292 1570 3369 perlegeroe

185 3390 364 3443 tamennon
395 3387 494 3461 potui,
526 3384 618 3444 donec
647 3387 787 3460 superiori
816 3402 908 3460 anno,
940 3392 1043 3445 nactus
1070 3382 1202 3444 libellum
1224 3382 1407 3458 Beujaminis
1430 3376 1558 3451 Ursini„

183 3473 239 3531 mei
264 3471 372 3530 dudum
397 3471 558 3541 domestici,
582 3490 658 3531 nunc
682 3475 840 3531 astronomi
863 3472 1003 3533 Marchici
1026 3476 1099 3548 (quo
1122 3470 1171 3531 ille
1195 3474 1236 3531 rei
1259 3487 1404 3530 summam
1427 3485 1466 3527 ex
1488 3476 1550 3527 tut>

183 3558 257 3617 libro
275 3561 493 3636 transscriptam
508 3559 605 3618 verbis
621 3561 801 3618 brevissimis
817 3554 1058 3643 comprehendit),
1083 3557 1153 3635 quid
1170 3561 1210 3618 rei
1226 3564 1304 3618 esset
1319 3572 1536 3633 cognoscerem.

183 3645 241 3704 Vix
264 3654 361 3705 autem
384 3663 443 3704 uno
466 3653 578 3705 tentato
602 3646 735 3723 exemplo
752 3647 928 3723 deprehendi
951 3664 1059 3725 magna
1080 3646 1287 3724 gratulatione,
1311 3642 1452 3721 generale
1475 3643 1537 3702 lac-

184 3741 246 3791 tum
269 3734 322 3791 abs
346 3742 374 3793 te
398 3736 565 3792 exercitium
589 3733 661 3792 illud
685 3752 885 3806 numerorum,
917 3736 1000 3811 cujus
1032 3751 1087 3810 ego
1116 3734 1291 3811 particulam
1316 3732 1456 3808 exiguam
1475 3730 1537 3805 jam

185 3837 204 3878 a
234 3820 333 3878 multis
365 3823 448 3878 annis
478 3822 509 3879 in
539 3838 594 3879 usu
625 3821 769 3881 habebam
799 3824 1023 3898 tabularumque
1052 3828 1163 3898 partem
1191 3822 1286 3882 lacere
1316 3835 1537 3897 proposueram,

183 3910 338 3984 praecipue
362 3910 391 3965 in
415 3910 532 3983 negotio
556 3908 747 3984 parallarium
771 3919 800 3969 et
822 3911 1023 3986 scrupulorum
1046 3910 1207 3968 durationis
1223 3918 1253 3968 et
1267 3924 1366 3966 morae
1390 3909 1419 3964 in
1443 3906 1539 3982 eclip-

182 3995 273 4067 s1bus,
297 3995 380 4070 cujus
402 3995 531 4054 methodi
555 3996 719 4073 exemplum
743 3996 817 4056 haec
840 4000 905 4074 ipsa
920 3997 1090 4073 Ephcmeris
1114 3996 1241 4056 exhibet.
1288 3994 1426 4054 Sciebam
1451 3995 1538 4068 equi·

184 4081 260 4155 dem,
285 4081 328 4140 illi
351 4099 433 4143 meac
457 4082 593 4141 methodo
617 4081 713 4142 locum
735 4102 794 4143 non
819 4102 892 4158 esse,
916 4086 970 4143 nisi
994 4086 1044 4144 ubi
1068 4101 1152 4143 arcus
1173 4085 1293 4143 arectis
1308 4080 1380 4139 nihil
1397 4080 1538 4141 sensibile

187 4168 343 4241 differrent,
367 4168 492 4227 utillud
516 4171 696 4245 ignorabam,
720 4189 756 4230 ex
779 4181 928 4232 secantem
952 4172 1119 4232 excessibus
1142 4171 1203 4230 fieri
1226 4185 1313 4249 posse
1335 4167 1537 4245 logarithmos,

185 4258 235 4332 qui
251 4256 420 4316 methodum
437 4256 511 4315 hanc
527 4259 723 4317 universalem
746 4259 854 4318 faciant
876 4277 927 4338 per
950 4276 1064 4319 omnem
1088 4275 1206 4316 arcuum
1221 4255 1446 4335 longitudinem.
1482 4254 1538 4315 Sa·

183 4345 304 4419 tegebat
327 4346 415 4420 igitur
438 4346 551 4403 animus
575 4354 642 4404 ante
667 4347 765 4404 omnia
789 4347 896 4420 videre,
920 4364 989 4405 num
1013 4348 1101 4406 etiam
1124 4347 1259 4420 exquisiti
1280 4352 1379 4404 essent
1394 4344 1424 4400 iu
1439 4339 1537 4403 Ursini

183 4428 284 4492 libello
307 4430 485 4507 logarithmi.
530 4429 608 4492 Usus
631 4434 720 4507 igitur
744 4450 833 4510 opera
855 4433 926 4493 ani
942 4433 1116 4511 Gringalleti
1131 4431 1272 4503 Sabaudi,
1297 4430 1450 4490 domestici
1471 4431 1537 4501 mei,

181 4517 256 4593 jussi
280 4518 464 4578 millesimam
486 4506 568 4578 siniss
591 4522 681 4578 totius
705 4521 827 4593 auferre,
851 4541 869 4580 a
891 4521 1007 4581 residuo
1030 4537 1143 4579 rursum
1159 4519 1343 4580 millesimam
1365 4516 1456 4594 idque
1471 4517 1537 4593 plus

191 4622 277 4681 quam
303 4607 347 4664 bis
370 4607 484 4678 millies,
509 4607 600 4666 donec
624 4607 660 4665 de
683 4609 749 4666 sinu
772 4616 834 4667 toto
858 4616 979 4668 restaret
993 4626 1060 4687 pars
1082 4606 1334 4679 decimacirciter;
1358 4607 1442 4665 sinus
1457 4622 1536 4677 nero,

190 4694 240 4768 qui
263 4695 409 4752 amisisset
430 4694 614 4754 millesimam
638 4696 736 4768 totius,
758 4695 966 4773 logarithmum
990 4697 1186 4755 curiosissime
1209 4694 1361 4764 constitui,
1395 4709 1479 4752 orsus
1501 4693 1536 4752 ab

188 4780 299 4841 unitate
322 4780 477 4844 divisionis
500 4782 588 4857 illius,
612 4798 672 4860 qua
685 4783 812 4844 Pitiseus
826 4784 916 4844 utitur
938 4785 1184 4859 numerosissima,
1208 4783 1316 4861 quippe
1333 4786 1372 4842 12
1389 4779 1535 4853 ordinum
