3284 5520
203 109 269 179 512
664 110 710 165 Ex
727 106 955 181 Ephenteridibus
973 107 1096 179 Kepleri.

204 285 284 363 quod
306 286 363 349 ltoc
385 282 509 367 insanos
529 308 685 368 προτερον,
708 288 759 365 qui
783 287 928 347 iunonem
950 286 1065 348 Domus
1088 285 1271 362 husmerae,
1302 303 1382 365 quae
1403 284 1461 348 ltot
1480 302 1545 347 anno

203 375 268 450 iuit,
290 392 348 435 non
370 376 497 453 respicit.

309 461 429 524 Scilicet
450 479 486 522 ex
510 478 568 537 quo
585 461 658 536 Diis,
682 461 850 521 hominibus
865 461 1017 539 stellisque
1033 461 1109 523 adeo
1132 463 1204 539 ipsis
1227 460 1459 539 triangulatione
1480 460 1546 522 vali·

204 547 324 610 dissime
347 551 515 611 laventibus
538 549 651 608 felicem
674 549 793 624 quidem
815 549 939 609 necdum
970 549 1113 610 deiectam
1141 556 1285 620 actam,
1317 547 1371 609 sed
1399 557 1500 609 tamen
1524 551 1549 607 in

203 638 318 719 senium
340 639 484 714 paulatim
507 635 711 709 declinantem,
734 636 855 696 lulciisti
877 637 1035 713 adoptione
1058 637 1274 697 consultissima
1299 635 1445 714 patruelis
1466 637 1550 696 lier-

204 721 375 799 dinandi,
400 723 572 784 Archiducis
596 725 740 797 niustriae,
765 722 857 783 Ducis
879 724 995 803 Scyriae
1018 733 1084 799 etc,
1108 727 1159 801 qui
1182 723 1319 784 diadema
1340 740 1422 784 nuuc
1436 723 1481 784 'l'e
1503 740 1551 783 ro·

202 809 280 871 lente
304 817 378 889 gerit
393 811 663 888 regniBohcmiac:
687 814 729 871 sic
751 811 947 871 roborandam
969 820 1050 871 ratus
1074 812 1205 872 arborem
1229 812 1427 885 Ausuiacam,
1451 814 1553 872 coccos

203 900 232 957 in
256 915 345 959 unum
368 899 462 976 (qood
485 901 514 957 in
538 899 728 976 Prognostico
752 901 849 976 tetigi)
871 902 960 959 ramis
983 907 1261 960 contraventurum
1288 902 1435 976 impetus,
1465 917 1501 960 ex
1521 915 1552 959 cc

203 1003 263 1046 non
286 995 398 1047 tantum
422 989 541 1046 Domini
564 986 707 1062 Majestas
730 1003 809 1046 nora
831 989 920 1046 sumit
943 989 1134 1060 incrementa,
1165 986 1218 1046 sed
1247 988 1335 1047 etiam
1359 987 1440 1046 servi
1463 985 1554 1047 studit

204 1073 349 1134 fortunam
372 1077 501 1135 sentiunt
523 1075 676 1147 mitiorem,
707 1073 828 1133 redditis
851 1076 929 1152 typis
953 1074 1082 1133 idoneis:
1115 1075 1167 1152 qui
1190 1074 1356 1133 stinctum
1378 1069 1554 1153 Tuumhye

203 1184 399 1237 portamuroc
433 1161 645 1238 quadamtenus
679 1168 943 1237 repraesentarent,
976 1164 1133 1239 praeterita
1164 1163 1253 1238 priori
1283 1159 1495 1237 Ephemerids,
1525 1169 1555 1220 ut

204 1266 281 1324 quae
304 1248 388 1326 lapsu
411 1252 549 1325 temporis
568 1249 632 1325 jam
654 1251 789 1322 senescit,
813 1250 841 1307 in
863 1248 1022 1308 secundam
1036 1249 1113 1308 hanc
1126 1251 1252 1326 primum
1267 1250 1398 1308 omnium
1414 1249 1554 1310 incubue-

203 1344 284 1411 runt,
317 1346 350 1395 nt
371 1345 586 1415 praeoccupato
610 1345 739 1413 tempore
762 1336 887 1412 plurium
910 1338 1012 1396 usibus
1033 1339 1186 1408 servirent,
1209 1352 1305 1412 eoque
1327 1343 1449 1413 patrato
1471 1353 1554 1414 opere

203 1424 260 1483 sub
284 1424 531 1501 Augustissimum
554 1424 652 1483 Tuum
674 1432 861 1501 conspectum
884 1426 1015 1497 veniunt,
1038 1421 1215 1500 gratulatum
1239 1422 1392 1500 Majestati
1415 1422 1501 1485 ‘l'uae
1522 1423 1555 1483 de

203 1510 280 1571 felici
303 1512 471 1588 adoptione,
495 1520 658 1588 rogantque
680 1514 771 1570 tensis
793 1512 938 1585 manibus,
961 1519 1002 1585 ut,
1026 1527 1113 1587 quem
1129 1510 1231 1570 vident
1251 1518 1416 1588 optantque
1439 1528 1555 1572 succes·

203 1600 278 1657 soris
303 1602 409 1658 virtute
426 1599 584 1672 defensum,
608 1599 695 1658 rebus
711 1598 802 1657 nihilo
819 1601 914 1658 miuus
929 1615 1083 1676 superesse
1098 1599 1269 1673 diutissime,
1293 1598 1430 1675 ejusdem
1449 1599 1556 1659 libera·

203 1683 286 1746 litate
310 1689 450 1763 provecti,
475 1688 563 1745 etiam
586 1688 729 1746 seniorem
751 1685 831 1746 illam
854 1685 1057 1762 Ephemerida,
1082 1702 1158 1761 quae
1179 1693 1210 1746 et
1231 1683 1449 1745 dedicationem
1471 1686 1504 1759 S,
1523 1685 1553 1746 c.

204 1772 356 1848 Majestati
372 1773 496 1833 Vestrae
518 1774 626 1833 lamam
649 1781 679 1833 et
699 1773 954 1833 fundamentomm
977 1772 1203 1850 explicationem
1223 1781 1253 1832 et
1275 1775 1498 1833 instructionem
1521 1772 1555 1833 dc

204 1876 285 1920 nora
307 1861 400 1920 iorma
422 1863 559 1933 continet,
583 1877 677 1937 eoque
701 1860 779 1937 apud
795 1860 943 1920 studiosos
958 1864 1028 1920 artis
1045 1867 1233 1920 exauctorata
1243 1870 1289 1920 est
1311 1862 1442 1935 minime,
1464 1864 1554 1938 primo

203 1964 321 2024 quoque
345 1958 474 2025 tempore
496 1957 713 2025 repraesentare
736 1949 852 2026 publice
875 1957 904 2009 et
926 1947 994 2007 huic
1016 1947 1152 2007 novellae
1174 1947 1335 2025 adjungere
1358 1949 1484 2024 possint

306 2058 397 2121 Hisce
413 2061 444 2122 S.
461 2060 495 2122 (i.
511 2057 561 2120 Μ*Ι
577 2061 631 2122 V⁸⁹
648 2061 832 2139 conjugique
849 2064 1000 2137 Augustae
1024 2063 1136 2137 totique
1159 2062 1268 2120 Domui
1292 2061 1468 2121 hustrlacae
1491 2060 1553 2121 ieli-

205 2150 354 2208 cisslmum
377 2152 526 2209 ineuntem
548 2167 656 2210 annum
678 2166 780 2227 precor
803 2166 906 2226 meque
926 2147 1086 2208 humillime
1109 2147 1290 2208 commendo.

721 2262 751 2325 S.
775 2262 808 2322 0.
831 2261 872 2322 Μ.
897 2262 934 2322 V.

991 2349 1224 2426 subjectissimus

1221 2434 1452 2495 Mathematicus

1169 2523 1309 2584 Joonnct
1331 2519 1512 2601 Kepplcrus

763 2616 971 2629 2—-

655 2769 1088 2851 LectoriS.

304 2906 377 2967 Dies
402 2904 479 2965 diem
503 2904 597 2966 docet.
635 2907 669 2965 In
688 2906 880 2984 Ephemoride
902 2904 1032 2966 nondum
1055 2906 1134 2967 edita
1155 2906 1244 2983 lrujm
1265 2908 1336 2966 anni
1361 2912 1447 2967 1617
1471 2923 1551 2968 secu·

201 3001 250 3053 tus
273 3011 339 3053 sum
362 2993 541 3072 hypotheses
563 2994 666 3054 Lunae
688 2994 827 3073 physicas
850 2997 1054 3070 geminamque
1077 2997 1214 3065 constitui
1238 2996 1486 3055 eccentricitatem
1506 3011 1551 3053 or·

201 3082 279 3141 bitae
302 3081 404 3140 Lunae
428 3099 446 3140 a
470 3089 568 3140 centro
589 3081 705 3157 Terrae,
730 3099 818 3141 unam
841 3099 859 3141 a
881 3083 961 3141 fibris
983 3081 1158 3158 pendentem
1182 3083 1362 3158 magneticis,
1387 3080 1552 3143 solutama

199 3169 344 3246 phasibus
368 3168 469 3227 Lunae
489 3169 623 3245 jurisque
645 3171 705 3243 sui,
729 3177 762 3229 ut
784 3178 829 3229 est
852 3171 880 3227 in
902 3169 1028 3245 planctis
1053 3172 1170 3244 ceteris,
1193 3169 1315 3229 alteram
1337 3168 1514 3247 pendentem
1535 3188 1552 3228 a

199 3257 293 3332 figura
324 3256 545 3315 illuminationis
575 3257 698 3333 ejusque
722 3261 941 3333 comparatione
965 3273 1029 3316 cunr
1053 3257 1133 3317 fibris
1156 3259 1344 3335 magneuria,
1376 3275 1455 3334 quse
1479 3273 1551 3334 quo·

201 3346 299 3404 tannis
323 3344 369 3402 bie
393 3346 483 3403 oritur
504 3361 676 3419 rursumque
700 3346 806 3417 interit,
831 3344 915 3421 cujus
937 3360 1101 3421 apogaeum
1124 3362 1190 3404 cum
1213 3347 1240 3402 in
1257 3345 1466 3421 conjunctione
1489 3361 1550 3405 cnm

200 3430 270 3491 Sole
294 3433 459 3504 evanescit,
493 3432 621 3491 vicissim
644 3433 673 3488 in
698 3434 882 3508 oppositione
914 3434 1035 3509 emergit
1066 3450 1159 3508 eaque
1182 3435 1295 3492 ratione
1316 3431 1356 3492 ad
1377 3432 1489 3510 phasea
1511 3439 1553 3493 est

200 3516 363 3594 alligatum.
394 3517 464 3578 Jam
488 3517 556 3577 dum
579 3517 688 3578 accedo
704 3519 742 3578 ad
758 3521 1003 3595 computationem
1021 3519 1222 3596 liphemeridis
1237 3518 1384 3580 secundae
1400 3522 1430 3578 in
1445 3537 1553 3580 annum

204 3610 305 3677 1618,
329 3623 416 3681 quam
440 3606 488 3665 hic
512 3609 589 3683 typis
612 3606 735 3666 exhibeo
758 3609 897 3683 primam,
923 3606 1024 3679 rideo,
1048 3624 1153 3666 musas
1175 3624 1257 3666 meas
1279 3607 1421 3685 physicas
1443 3606 1555 3668 illumi·

200 3696 348 3753 nationem
371 3710 429 3753 non
454 3693 556 3753 Lunae
577 3693 629 3753 sed
653 3695 745 3770 ipsius
764 3694 891 3754 Telluris
913 3695 1060 3753 insinuare
1084 3693 1209 3771 ideoque
1232 3694 1326 3754 dictas
1349 3694 1424 3754 duas
1447 3712 1563 3756 eccen-

199 3783 342 3840 tricitatcs
366 3781 503 3859 physicas
526 3783 588 3840 sine
611 3799 716 3858 magno
739 3781 923 3842 incommodo
947 3788 977 3841 et
998 3781 1204 3858 compendiose
1227 3784 1257 3840 in
1280 3799 1368 3842 unam
1391 3784 1552 3858 geometri·

199 3885 263 3928 cam
293 3868 412 3928 conflari
439 3885 542 3945 posse,
574 3868 657 3944 cujus
688 3871 726 3928 sit
756 3886 921 3946 apogaeum
943 3868 1108 3945 inaequalis
1131 3878 1245 3938 motus,
1276 3871 1479 3930 eccentricitas
1503 3887 1573 3946 per

199 3973 308 4015 annum
332 3955 497 4016 variabilis:
523 3973 610 4032 quam
634 3957 823 4033 computandi
846 3959 988 4016 rationem
1010 3959 1039 4014 in
1055 3956 1111 4017 hac
1133 3966 1251 4017 secutus
1272 3974 1346 4017 sum.
1395 3954 1425 4038 1)
1446 3956 1571 4034 Itaque
1599 3966 1629 3997 ²

198 4041 260 4102 fieri
290 4050 403 4119 potest,
438 4050 470 4102 ut
499 4060 557 4102 uno
590 4050 678 4119 atque
706 4044 798 4104 altero
821 4045 958 4121 scrupulo
988 4042 1140 4121 longitudo
1162 4044 1265 4103 Lunae
1286 4043 1339 4104 fiat
1360 4043 1422 4104 alia
1443 4045 1475 4103 in
1498 4045 1632 4104 taff

200 4148 288 4206 quam
312 4133 341 4188 in
364 4133 452 4208 priori
476 4129 581 4190 calculi
603 4134 726 4191 ratione.
767 4132 799 4210 2)
815 4132 987 4208 Apogaeam
1011 4134 1098 4191 otiam
1122 4139 1151 4192 et
1172 4134 1340 4209 petigaeam
1361 4133 1392 4190 in
1415 4131 1473 4192 hac
1496 4144 1634 4209 pol

198 4220 312 4277 steriori
335 4217 464 4294 intellige
487 4217 647 4278 secundum
670 4224 861 4296 compositam
886 4219 1139 4293 eccentricitstem,
1163 4223 1233 4296 quia
1251 4219 1414 4279 secundum
1436 4219 1637 4298 simpli!

197 4322 261 4365 cem
284 4305 410 4366 solutam
434 4305 519 4365 Luna
541 4322 675 4382 apogaea
697 4306 730 4366 111
752 4308 852 4367 crebro
877 4324 935 4366 ono
958 4306 1006 4366 die
1037 4307 1130 4368 aliter.
1178 4307 1210 4385 3)
1233 4307 1368 4383 Denique
1392 4310 1422 4366 iu
1443 4309 1639 4386 prioraaev

198 4409 263 4452 cum
286 4410 422 4470 sequerer
445 4393 686 4454 illuminationem
702 4393 813 4467 Lunae,
838 4403 957 4455 coactus
980 4412 1045 4454 sum
1061 4396 1252 4454 variationem
1267 4394 1469 4472 'lychonioam
1492 4391 1641 4454 norff

198 4480 323 4557 abipso
346 4489 454 4559 puncto
478 4482 672 4559 oppositionis
695 4484 838 4559 incipere,
868 4481 920 4542 sed
950 4500 968 4541 a
995 4491 1105 4557 puncto
1135 4482 1243 4560 aphelii
1277 4482 1405 4558 orbitae,
1435 4499 1492 4544 nec
1520 4477 1640 4541 uc

199 4568 407 4642 quadraturam
430 4568 531 4629 Lunae
554 4575 585 4628 et
606 4568 684 4629 Solis
707 4573 876 4644 terminate,
899 4567 950 4629 scd
974 4571 1003 4627 in
1023 4569 1144 4646 phasin,
1175 4587 1264 4647 quam
1286 4568 1479 4631 dichotomou
1501 4546 1638 4634 rufi
