3284 5520
227 322 292 386 174
735 318 871 388 Tycbonis
888 317 1099 389 Hyperaspistes

226 498 301 574 giori
326 496 500 558 deductione
524 499 689 558 confessum
710 515 897 575 nequaqnam
921 507 992 560 erat.
1030 498 1121 559 Velut
1143 497 1191 557 bic
1212 499 1242 555 in
1266 494 1359 556 altera
1380 504 1464 573 parte
1481 494 1590 556 dilem-

224 587 311 644 mstis
333 584 382 643 fit:
406 588 431 644 si
455 585 526 646 ELS
550 603 608 646 nou
632 588 727 646 estin
750 589 887 662 maximo,
910 604 979 664 ergo
995 586 1055 659 EL,
1078 585 1125 645 LS
1150 582 1196 644 vel
1219 590 1288 643 snut
1310 586 1339 641 in
1357 582 1473 645 duobus
1488 586 1588 643 maxi·

224 674 279 730 mis
307 670 355 732 rel
381 681 449 731 suut
474 675 503 730 iu
528 690 588 732 uno
615 675 752 733 maximo.
800 674 874 734 Ecce
902 682 1079 746 resumtum,
1114 670 1193 748 quod
1221 671 1437 744 remittebatur,
1472 672 1502 728 iu
1526 687 1587 730 uno

226 762 362 819 maximo.
401 760 476 818 Nam
500 761 571 835 quid
592 769 636 819 est
651 760 731 819 aliud
747 760 820 820 ELS
844 779 932 837 qnam
956 761 1015 836 EL,
1040 759 1095 832 LS,
1118 763 1144 819 si
1167 762 1196 816 in
1218 758 1244 816 L
1267 757 1348 818 nulla
1370 758 1422 818 fist
1445 757 1585 831 divulsio,

226 855 258 904 nt
280 846 327 905 hic
350 849 379 903 in
402 848 494 906 altera
518 847 693 907 dilemmatis
714 847 818 925 parte?
841 849 878 906 Et
908 851 993 925 primi
1024 847 1143 923 quidem
1164 847 1287 906 membri
1309 849 1432 906 remotio
1460 864 1497 905 er
1520 845 1585 922 Ty-

224 933 325 992 chonis
355 936 501 994 sententis
531 944 660 994 transeat
688 937 750 994 sine
781 937 939 1012 vituperio,
969 935 1090 994 secundi
1121 950 1190 994 vero
1220 934 1342 992 membri
1364 934 1501 993 refutatio
1525 949 1586 991 non

224 1028 269 1079 est
295 1023 404 1096 aptior,
435 1038 523 1096 quam
549 1025 641 1099 ipsius
668 1023 789 1081 membri
820 1023 902 1082 velut
924 1024 1129 1099 consequentis
1149 1022 1212 1096 jam
1233 1020 1322 1080 modo
1345 1028 1409 1081 erat
1430 1022 1584 1080 assumtio.

186 1108 190 1120 ’
224 1108 303 1167 Dicit
326 1111 419 1181 enirn,
443 1109 500 1168 hoc
522 1112 618 1187 posito
641 1116 809 1169 secuturum
831 1109 942 1185 aliquid
966 1109 1101 1183 absurdi,
1124 1126 1179 1169 nec
1199 1116 1297 1169 tamur
1320 1124 1441 1168 causam
1463 1106 1584 1181 indicat,

224 1212 275 1254 cnr
300 1199 338 1254 sit
363 1202 539 1256 secuturum.
573 1197 727 1272 -Injuriam
746 1197 880 1274 Tyoboui
903 1197 982 1272 lacit,
1006 1199 1218 1273 ineptissimam
1240 1195 1282 1254 illi
1306 1195 1429 1255 sormam
1451 1195 1584 1255 tribuens

224 1282 376 1359 arguendi.
583 1334 586 1339 .

329 1373 379 1428 22.
417 1369 471 1429 Vis
494 1372 567 1430 scire
582 1370 692 1447 Scipio,
716 1387 792 1446 quac
816 1389 906 1431 causa
928 1373 975 1444 sit,
999 1388 1057 1442 cur,
1082 1371 1108 1429 si
1123 1368 1183 1442 EL,
1206 1367 1253 1428 LS
1276 1368 1432 1432 collineent
1454 1369 1484 1426 iu
1508 1385 1584 1429 eun-

225 1456 289 1517 dem
317 1455 415 1516 locum
444 1458 609 1533 eclipticas,
639 1466 794 1535 propterea
816 1457 889 1517 ELS
919 1461 958 1518 sit
979 1459 1074 1535 portio
1097 1456 1242 1516 maximi?
1270 1457 1392 1517 Dicam:
1423 1459 1493 1534 qnia
1517 1473 1585 1516 cum

223 1545 282 1619 EL,
306 1544 353 1604 LS
377 1548 523 1604 communi
547 1548 670 1605 termino
694 1545 718 1603 L
741 1547 915 1622 copulentur
936 1549 1052 1621 sintque
1076 1543 1174 1604 circuli
1198 1547 1317 1603 maximi
1341 1544 1419 1603 ELT
1442 1544 1488 1615 (ut
1504 1542 1531 1602 Τ
1546 1546 1585 1602 sit

222 1634 251 1690 in
275 1634 418 1707 sectione)
443 1640 472 1693 et
494 1632 583 1700 LST,
615 1641 767 1692 transeunt
798 1636 885 1708 igitur
907 1650 1006 1693 eornm
1029 1633 1120 1708 plana
1140 1649 1192 1708 per
1215 1639 1344 1691 centrum
1369 1630 1413 1703 0,
1444 1640 1488 1691 ost
1512 1647 1584 1707 ergo

223 1719 345 1796 planum
368 1737 457 1778 unum
473 1717 588 1793 ELTO,
611 1720 733 1797 planum
757 1720 857 1778 itidem
875 1738 964 1779 uuum
979 1718 1092 1780 LSTO.
1131 1719 1202 1777 Tria
1224 1721 1312 1795 igitur
1327 1727 1437 1797 puncta
1451 1718 1486 1793 L,
1502 1717 1538 1791 Τ,
1556 1716 1583 1777 0

226 1810 325 1867 insunt
352 1809 543 1866 communitor
572 1809 600 1863 in
629 1816 769 1883 utroque,
801 1825 925 1884 cumque
956 1825 1070 1885 semper
1096 1809 1153 1866 tria
1181 1814 1291 1883 puncta
1317 1813 1428 1884 ponant
1450 1805 1583 1882 planum,

223 1897 370 1970 sequitur,
404 1902 527 1971 utraque
558 1893 609 1953 illa
641 1912 706 1953 cnm
729 1892 808 1953 LTO
839 1896 958 1973 planum
989 1912 1080 1954 uuum
1112 1893 1211 1953 circuli
1241 1896 1362 1953 maximi
1391 1894 1478 1953 nnius
1506 1910 1582 1953 esse.

222 1981 324 2041 Habes
348 1980 454 2041 claram
477 1999 547 2041 reru.

328 2067 405 2143 Quid
436 2078 468 2128 tu
502 2068 597 2129 vero?
630 2067 785 2128 Concludit
815 2070 913 2145 inquis
936 2068 985 2127 sol.
1012 2069 1082 2127 106.
1114 2066 1188 2128 haec
1215 2070 1305 2140 ratio,
1335 2065 1388 2128 sed
1410 2067 1530 2126 nonnisi
1552 2069 1583 2125 in

223 2155 324 2232 aliquo
347 2173 417 2215 casu
441 2164 471 2216 et
494 2155 593 2232 aliquo
616 2155 713 2215 niodo.
751 2155 815 2214 Irno
840 2172 908 2215 vero
932 2155 1079 2214 concludit
1101 2158 1130 2212 in
1154 2158 1233 2214 omni
1255 2173 1325 2215 casu
1342 2164 1371 2214 et
1387 2157 1465 2214 omni
1482 2153 1582 2226 modo,

222 2247 251 2301 in
283 2243 390 2320 qrribus
422 2242 479 2302 duo
511 2261 596 2302 arcus
620 2243 686 2316 EL,
720 2242 766 2301 LS
790 2246 935 2302 communi
964 2245 1087 2302 termino
1111 2241 1135 2299 L
1159 2243 1342 2320 copulantur.
1386 2241 1474 2301 Hane
1503 2243 1583 2301 enirn

222 2330 420 2391 conditionem
442 2333 591 2409 ponimns,
616 2348 681 2391 curn
705 2330 842 2405 dicimus,
866 2348 1066 2406 quaecunque
1088 2329 1149 2390 duo
1172 2347 1277 2390 cursus
1299 2333 1431 2390 mmeticr'
1451 2336 1581 2404 puncto,

223 2417 303 2495 quod
325 2420 425 2477 nescio
448 2436 485 2477 au
510 2430 542 2477 tu
565 2417 815 2478 animadverteris.
859 2418 897 2476 Et
920 2420 1040 2495 quinum
1063 2426 1131 2476 sunt
1153 2416 1196 2476 illi
1219 2434 1319 2491 casus,
1350 2419 1400 2493 qni
1423 2415 1520 2491 modi,
1551 2419 1580 2475 iu

223 2507 330 2582 quibus
353 2505 502 2565 concludit
525 2509 600 2565 ratio
623 2506 796 2583 Tychouis?
829 2504 921 2579 Cum,
945 2508 1057 2581 inquis,
1085 2512 1164 2565 totus
1186 2504 1238 2564 LS
1259 2512 1301 2564 est
1323 2506 1408 2564 ultra
1431 2503 1497 2563 LL.
1544 2503 1583 2562 St

222 2611 323 2653 omnes
357 2611 442 2652 casus
474 2592 572 2652 dixisti
601 2606 629 2653 et
658 2592 770 2669 aliquid
798 2593 935 2671 amplius,
969 2593 1048 2668 quod
1077 2599 1123 2650 est
1145 2591 1181 2651 de
1203 2595 1304 2652 nimio.
1351 2590 1477 2665 Omnes,
1509 2592 1582 2666 quia

223 2698 337 2756 semper
365 2684 567 2756 contiguorum
592 2681 656 2754 EL,
687 2680 733 2739 LS
764 2680 837 2740 alter
865 2688 944 2739 totos
973 2688 1017 2739 est
1049 2679 1125 2738 ultra
1156 2679 1288 2739 alterurn.
1334 2678 1476 2752 Nimium,
1510 2680 1582 2753 quia

222 2771 311 2828 etiam
335 2767 487 2844 disjunctis
510 2771 640 2828 terminis
664 2784 783 2827 arcuum
806 2767 920 2842 largiris
942 2766 1032 2840 idern,
1056 2773 1088 2824 ut
1110 2767 1136 2824 si
1160 2765 1209 2825 GE
1231 2774 1260 2825 et
1282 2764 1330 2825 LS
1353 2775 1476 2843 uterque
1500 2767 1530 2822 in
1552 2765 1581 2822 Τ

222 2856 388 2929 collineent,
414 2864 443 2915 st
466 2858 491 2915 si
514 2864 592 2915 totus
615 2855 662 2914 LS
686 2862 730 2913 cst
753 2855 829 2913 ultra
843 2854 901 2927 OE,
924 2853 1006 2912 nulla
1028 2862 1125 2913 tamen
1148 2855 1308 2913 necessitas
1332 2855 1429 2930 cogit,
1453 2850 1582 2912 cundem

222 2945 382 3003 maximum
414 2943 557 3003 ambobus
588 2951 734 3014 statuere,
765 2944 934 3017 quantisper
964 2958 1021 2999 non
1045 2944 1133 3000 etiarn
1156 2941 1228 2999 illud
1251 2941 1374 3000 alterum
1397 2940 1580 3016 adjungitur,

221 3040 267 3105 ut,
298 3033 323 3088 si
347 3030 398 3088 ΤΡ
429 3029 579 3105 ecliptica,
615 3047 680 3088 curu
711 3046 746 3087 ea
774 3038 896 3104 uterque
919 3045 971 3104 pro
995 3046 1026 3087 se
1050 3032 1079 3087 in
1101 3028 1127 3085 ’1
1151 3030 1338 3087 continuatus
1361 3029 1486 3087 eundem
1509 3027 1581 3086 lucit

219 3117 359 3192 angulum
383 3116 456 3175 sut>
481 3122 509 3175 ct
532 3116 617 3189 ETP,
650 3133 738 3191 quarn
762 3118 905 3174 rationem
927 3122 989 3174 tute
1012 3117 1074 3192 ipse
1097 3116 1186 3192 paulo
1210 3123 1278 3192 post
1299 3132 1440 3191 usurpas,
1471 3114 1580 3174 sedin

221 3205 282 3264 alia
304 3211 387 3281 parte
411 3203 595 3276 dilemmatis,
620 3220 707 3279 quarn
730 3201 894 3264 audiamus.

326 3293 376 3349 23.
428 3291 527 3366 Negas
561 3294 703 3351 rationem
736 3290 908 3350 concludere
943 3289 1121 3365 simpliciter.
1166 3289 1232 3348 Non
1263 3288 1398 3366 equidem
1429 3286 1582 3348 concludit

221 3379 402 3455 generalius,
430 3395 517 3454 quam
542 3380 615 3437 lcrre
638 3386 761 3456 possunt
783 3378 856 3437 haec
881 3378 985 3455 verba,
1007 3395 1206 3453 quaecunque
1230 3377 1291 3438 duo
1314 3394 1421 3435 curata
1443 3378 1580 3435 cometiae·

218 3474 344 3543 puncto.
396 3466 470 3525 Num
506 3469 556 3541 qui
588 3465 659 3524 dicit
687 3483 887 3541 quoecumque
913 3465 990 3536 duo,
1025 3467 1048 3522 is
1080 3466 1217 3523 assumtis
1245 3465 1295 3523 GE
1325 3481 1377 3540 pro
1410 3479 1468 3522 nuo
1497 3480 1579 3537 mou,

219 3553 267 3612 LS
290 3571 342 3630 pro
366 3552 474 3626 altero,
506 3560 627 3628 cogetur
649 3556 735 3613 etiam
759 3552 809 3611 BL
833 3569 883 3629 pro
906 3555 991 3610 tertio
1014 3570 1145 3624 sumere,
1180 3554 1205 3610 si
1228 3551 1358 3628 postulet
1380 3550 1579 3623 adversarius,

221 3648 250 3699 et
272 3644 315 3699 sic
338 3640 474 3717 copulare
503 3658 596 3699 arcus.
636 3640 682 3698 Tu
706 3657 775 3699 vcro
799 3641 853 3697 snb
879 3656 950 3698 voce
973 3641 1148 3714 simpliciter
1170 3639 1250 3697 tollis
1273 3639 1349 3699 bunc
1370 3639 1579 3698 necessitatem

220 3727 377 3804 copulandi
400 3744 493 3800 arcus,
518 3745 594 3803 quae
618 3726 735 3787 sublata
758 3735 878 3786 enervat
901 3729 961 3784 vim
984 3729 1201 3805 propositionis.

325 3817 376 3872 24.
411 3814 519 3873 Contra
534 3815 610 3873 hanc
634 3818 722 3890 igitur
742 3822 824 3873 tuam
846 3817 888 3872 sic
908 3813 1089 3873 debilitatam
1112 3815 1340 3891 propositionem
1365 3814 1481 3888 insurge
1503 3827 1579 3870 sane

221 3909 411 3976 argument03
445 3903 552 3960 bonurn
576 3901 605 3959 id
629 3910 688 3976 est,
718 3902 813 3960 solum
837 3900 991 3961 infelicitas
1014 3901 1066 3960 illa
1090 3904 1117 3958 in
1141 3900 1290 3960 referendo
1313 3899 1463 3976 displicet,
1495 3897 1580 3973 qnod

219 4005 273 4046 nec
295 3990 452 4064 perscribis
475 3990 566 4048 verba
589 3992 754 4048 neccssaria
777 3997 806 4049 et
829 3989 972 4048 admisces
995 4006 1052 4046 nou
1077 3989 1224 4064 superflua
1244 3995 1366 4060 tautum,
1391 3985 1443 4046 sed
1466 3986 1580 4044 obscu-

218 4077 314 4134 rantia
337 4079 397 4134 rim
420 4079 591 4152 argumenti.
639 4076 712 4135 Curn
735 4078 813 4136 enirn
837 4078 996 4152 incepisset
1018 4095 1055 4136 ee
1077 4077 1179 4136 eodem
1200 4083 1332 4151 puncto,
1363 4073 1434 4149 quid
1457 4075 1580 4131 attinuit

219 4161 361 4239 adjicere,
396 4172 483 4224 cetra
511 4165 660 4223 duculum
684 4164 814 4222 dotum?
848 4163 917 4222 Duo
940 4170 1008 4222 sunt
1031 4164 1107 4237 dati,
1143 4162 1277 4240 ecliptica
1300 4171 1330 4221 et
1351 4163 1402 4220 via
1425 4169 1576 4219 cornetae:

218 4259 358 4327 punctum
387 4253 491 4328 igitur,
527 4269 585 4327 quo
609 4251 645 4310 do
668 4251 814 4327 loqueris,
848 4258 893 4310 est
916 4252 945 4309 in
968 4267 1026 4310 uno
1051 4251 1202 4329 datorum,
1234 4252 1264 4307 in
1294 4249 1431 4326 ecliptica
1453 4247 1578 4319 scilicet,

219 4338 357 4413 quicquid
381 4347 531 4417 practerea
555 4339 728 4398 circulorum
751 4339 850 4413 detur,
874 4345 1053 4413 extra-quos
1076 4340 1114 4397 sit
1136 4338 1192 4397 boc
1214 4345 1363 4414 punctum,
1384 4336 1417 4395 id
1440 4334 1510 4395 nibil
1535 4334 1576 4393 ad

218 4441 278 4483 rem
302 4434 331 4486 ct
354 4426 440 4486 valde
464 4434 565 4486 contra
587 4444 646 4485 rem
671 4425 852 4500 clarandam3
876 4427 1013 4484 obscurat
1035 4428 1121 4485 enim.

323 4517 374 4574 25.
405 4513 463 4575 Sed
486 4515 574 4573 aliam
597 4514 687 4573 habet
709 4513 757 4573 hic
779 4520 876 4572 textus
897 4514 1075 4586 instantium,
1099 4512 1136 4570 ud
1160 4529 1248 4587 quam
1271 4512 1359 4570 etiarn
1382 4508 1483 4571 01101.
1502 4510 1576 4568 119.

218 4609 404 4677 provocatur.
452 4601 560 4661 Sensus
590 4600 638 4659 hic
666 4609 724 4675 cst,
756 4600 835 4660 rnalo
866 4602 943 4661 enim
970 4602 1044 4661 meis
1072 4600 1170 4659 verbis
1205 4601 1357 4658 brevitatis
1380 4615 1484 4658 causa:
1519 4613 1577 4657 nos

220 4687 337 4762 quidem
361 4689 396 4748 dc
420 4692 535 4765 punctis
559 4689 592 4761 E,
616 4687 650 4762 L,
675 4688 695 4747 S
719 4696 748 4748 et
771 4689 874 4748 ceteris
897 4689 958 4748 fieri
981 4689 1131 4760 certiores,
1166 4686 1245 4763 qnod
1269 4686 1438 4747 ordinentur
1460 4688 1490 4743 in
1513 4701 1576 4743 uno

218 4775 326 4835 circulo
357 4779 502 4853 maximo,
536 4783 568 4836 at
597 4776 633 4835 de
663 4775 735 4852 ipsis
766 4776 924 4852 interjectis
947 4775 1073 4837 mcubus
1096 4784 1190 4835 certos
1212 4790 1270 4835 non
1293 4791 1367 4835 osso.
1412 4774 1488 4835 Nam
1510 4772 1575 4863 fieri
