3284 5520
524 301 566 357 Ad
583 301 681 358 librum
698 303 735 359 11.
754 302 969 374 Anti-Tychouis
987 318 1046 372 cap.
1069 305 1109 360 18.
1432 304 1496 372 213

143 482 344 542 bauctorem
367 498 454 541 suum
476 488 646 559 retorqueo,
670 481 722 542 illa
743 490 810 543 sunt
834 482 869 544 de
892 483 995 542 schola
1025 485 1142 559 utique,
1169 485 1278 560 quippe
1307 500 1341 542 er
1366 481 1495 543 doctoris

142 584 197 636 ore,
221 584 240 625 e
262 570 413 647 scriptoris
436 569 550 629 calamo
572 572 697 648 primum
720 571 865 646 prolecta3
889 588 1040 647 nunquam
1062 578 1142 647 puto,
1167 575 1217 647 qui
1241 578 1404 647 equestrem
1427 571 1495 647 dig-

140 654 260 714 nitatem
282 659 358 732 gerit
380 655 491 729 solam,
526 658 555 715 in
587 657 664 718 bano
686 657 803 734 linguae
827 658 925 717 stilive
949 660 1201 735 intemperantiam
1232 676 1297 719 sese
1321 656 1491 735 profuderit.

143 741 238 816 Quare
261 761 343 804 meas
366 743 421 803 bas
443 746 618 804 retorsiones
642 749 785 821 equestris
808 745 880 805 ordo
908 744 1095 822 splendidus,
1131 754 1162 803 nt
1191 749 1240 821 qni
1265 745 1495 805 claramontium

142 844 195 887 uon
219 834 316 889 totum
339 831 396 890 sibi
419 831 557 903 vindicat,
581 831 618 889 nd
641 850 725 892 snam
749 831 921 905 dignitatem
945 833 1017 891 nibil
1043 835 1185 909 pertinere
1209 835 1380 893 meminerit.
1406 827 1451 912 ²⁰)

244 919 274 977 3.
311 918 408 978 Prima
430 917 564 997 Tychoni
588 919 726 994 objicitur
749 923 954 993 inconstantia,
979 938 1045 979 eum
1068 919 1155 995 hujus
1179 919 1243 979 iibri
1266 921 1408 995 principio
1425 936 1495 997 pro·

143 1004 255 1063 baverit
276 1022 314 1065 ex
336 1014 433 1066 motus
456 1015 587 1066 cometae
612 1006 767 1079 tarditate,
805 1016 947 1067 cometam
980 1009 1068 1066 inisse
1100 1025 1190 1083 supra
1221 1007 1351 1078 Lunam,
1390 1016 1495 1081 postea

145 1107 208 1150 vero
233 1090 438 1153 Rothmanuus
466 1092 570 1153 eodem
598 1097 760 1168 argumenti
784 1111 890 1169 genere
919 1113 954 1154 ex
983 1104 1079 1153 motus
1111 1102 1242 1153 cometae
1266 1094 1492 1170 Regiomontani

144 1175 298 1240 uelocitate
320 1181 466 1258 probaret,
489 1181 579 1239 luisse
602 1179 684 1240 illum
707 1181 781 1240 inira
804 1181 926 1255 Lunam,
951 1181 1053 1259 Tycbo
1070 1180 1249 1258 palinodiam
1272 1182 1416 1253 cecinerit,
1440 1198 1495 1240 ne·

144 1283 212 1339 gaus
236 1266 294 1327 boc
316 1284 410 1343 genas
432 1267 655 1344 argumentandi
679 1267 767 1327 ullius
790 1285 855 1328 osse
878 1271 1001 1328 roboris.

245 1356 275 1411 4.
300 1355 391 1431 Atqui
410 1355 474 1431 jam
496 1354 717 1432 supradictum,
741 1373 890 1430 nunquam
913 1355 1093 1432 Tyobonem,
1117 1373 1153 1413 ne
1177 1355 1295 1430 quidem
1317 1358 1391 1413 inter
1412 1356 1496 1413 initia

144 1441 234 1515 prima
247 1443 355 1519 operia,
377 1442 465 1502 robur
480 1441 741 1502 demonstrativum
764 1441 953 1519 adscripsisse
976 1445 1044 1502 huic
1067 1444 1308 1518 comprobationi,
1332 1441 1384 1500 sed
1400 1440 1495 1501 solum

144 1544 189 1602 pro
214 1537 390 1605 argumento
413 1529 557 1607 probabili
580 1529 661 1590 illam
684 1529 860 1591 venditasse.
905 1529 1029 1603 Quando
1053 1547 1122 1606 ergo
1146 1539 1247 1589 contra
1276 1528 1494 1587 Rothmannum

146 1615 261 1692 excipit,
286 1625 391 1691 ratum,
415 1634 447 1676 se
470 1616 525 1676 boe
549 1616 713 1678 velocitatis
735 1625 906 1694 argumento
930 1616 1128 1677 demonstrare
1150 1615 1318 1688 scientifice,
1343 1617 1391 1674 ubi
1408 1616 1495 1674 luerit

143 1710 264 1774 cometa,
289 1721 476 1780 nequaquam
498 1704 555 1763 sibi
579 1704 763 1763 contradixit.
810 1704 907 1780 Atque
932 1723 987 1780 ego
1012 1708 1082 1780 ipso,
1109 1707 1162 1763 etsi
1186 1703 1273 1762 valde
1297 1719 1418 1762 moveor
1440 1719 1496 1761 ve-

143 1789 259 1850 locitate
282 1801 414 1853 cometae
443 1790 690 1867 Regiomontani,
724 1801 757 1850 ut
790 1808 898 1868 negare
928 1810 986 1849 non
1015 1792 1160 1864 audeam,
1196 1808 1262 1849 eum
1294 1791 1348 1848 snb
1379 1789 1495 1848 Lunam

143 1878 265 1950 reuisee,
290 1896 348 1939 nou
371 1880 467 1939 ausim
489 1888 586 1938 tamen
609 1897 646 1938 ne
669 1880 812 1939 affirmare
836 1879 969 1955 quidem,
999 1880 1027 1937 id
1051 1882 1169 1938 omnino
1192 1879 1356 1937 necessario
1381 1876 1493 1935 confici,

141 1962 212 2023 llam
235 1981 304 2025 cunr
328 1968 416 2026 etiam
447 1967 476 2023 iu
507 1965 590 2026 coelo
613 1975 710 2026 motus
734 1984 810 2024 nunc
842 1966 1045 2040 intendantur,
1078 1983 1156 2025 nunc
1187 1968 1389 2036 remittantur,
1424 1963 1495 2040 quid

141 2053 251 2126 mbram,
279 2053 498 2113 extraordinarii
521 2052 646 2129 alicujus
678 2053 780 2114 sideris
803 2064 913 2113 motum
937 2053 1165 2113 extraordinario
1196 2053 1361 2113 uelocitatis
1384 2050 1495 2110 intendi

142 2138 268 2212 modulo,
294 2150 327 2199 ut
349 2142 485 2216 quaurvis
507 2157 595 2218 supra
618 2141 732 2201 Lunam
756 2144 807 2215 sit,
831 2140 918 2218 triplo
941 2150 1038 2200 tamen
1063 2150 1091 2200 et
1114 2140 1239 2218 amplius
1262 2142 1299 2198 sit
1322 2142 1387 2217 ipsa
1410 2138 1495 2198 Luna

143 2226 293 2285 velocior?
339 2226 455 2303 Quanto
479 2230 573 2303 magis
597 2227 644 2287 hic
666 2229 768 2306 Tycha
792 2246 943 2287 assensum
977 2229 1015 2286 ab
1039 2228 1095 2288 bae
1117 2227 1324 2306 probabilitate
1348 2226 1494 2286 retrahere

142 2312 249 2391 debuit,
272 2332 340 2373 curu
363 2315 449 2375 inerit
470 2316 526 2373 sibi
549 2318 683 2375 conscius
706 2315 854 2375 facultatis
871 2314 957 2391 longe
975 2318 1138 2387 exactioris,
1162 2313 1380 2373 demonstrandi
1396 2313 1495 2372 locum

143 2400 242 2460 rideris
276 2418 328 2478 per
359 2401 549 2478 parallares‘?
596 2402 642 2461 Ad
672 2405 837 2463 cautionem
870 2404 1005 2479 equidem
1039 2402 1094 2462 hoc
1128 2405 1272 2478 pertinet,
1310 2418 1381 2460 sane
1406 2418 1493 2477 quam

143 2491 350 2559 necessariam,
379 2506 429 2562 ne,
458 2491 482 2548 si
512 2490 629 2565 quando
654 2493 680 2547 in
705 2500 819 2550 cometa
842 2491 935 2550 veloci
960 2489 1039 2548 nulla
1061 2497 1216 2568 appareret
1238 2487 1415 2565 parallarris,
1444 2505 1494 2547 ra-

143 2576 232 2634 tiones
254 2575 389 2653 Tyclroui
414 2586 571 2655 usurpatae
595 2581 670 2636 inter
692 2596 723 2637 se
748 2579 948 2655 depugnarent
970 2595 1035 2637 cum
1059 2579 1185 2637 auctoris
1209 2576 1345 2649 ludibrio,
1369 2577 1394 2633 si
1418 2592 1493 2647 eam,

144 2680 213 2738 quae
236 2663 399 2741 probabilis
421 2664 526 2723 saltem
549 2672 606 2738 est,
632 2669 823 2725 concessisset
845 2665 1031 2724 Rothmanno
1056 2672 1087 2723 ut
1109 2666 1313 2723 neeessariam.

242 2752 272 2810 5.
312 2748 353 2811 Ut
375 2768 432 2811 non
458 2750 561 2822 dicam,
587 2752 665 2829 quod
689 2753 780 2813 videri
803 2754 904 2829 utique
928 2755 1021 2828 possit
1044 2752 1141 2825 alicui,
1165 2749 1405 2827 probabilitatem
1421 2765 1494 2808 con-

144 2839 271 2910 sectanti,
305 2846 435 2899 cometas
458 2856 493 2897 cr
517 2839 601 2899 tardo
618 2838 736 2917 quidem
760 2850 839 2899 motu
863 2839 1068 2916 supralnnares
1091 2847 1168 2899 recto
1194 2838 1319 2915 probari,
1345 2854 1381 2896 cx
1397 2837 1493 2896 veloci

145 2940 206 2986 rero
229 2941 290 2984 non
313 2943 409 3002 aeque
430 2926 613 2988 sublunares.
659 2928 728 2986 Fuit
755 2929 832 2987 enim
862 2926 941 2985 illins
972 2934 1105 2987 cometae
1136 2925 1364 3000 Regiomontani
1396 2932 1493 2982 motus

145 3010 224 3071 ralde
247 3013 431 3089 inaequalis,
455 3015 566 3090 quique
590 3016 703 3073 eratin
727 3015 823 3074 medio
847 3014 1068 3085 velocissimus,
1092 3015 1129 3073 ab
1153 3014 1236 3072 initio
1260 3011 1376 3084 tardus,
1408 3018 1438 3069 et
1460 3013 1491 3067 in

144 3098 193 3159 lue
216 3116 336 3176 quoque
359 3110 404 3159 est
424 3102 520 3160 lactus
541 3102 631 3180 paulo
655 3101 764 3162 tardior
787 3112 815 3162 et
840 3105 957 3161 omnino
982 3101 1173 3162 tardissimus.
1214 3099 1271 3175 Qui
1296 3101 1385 3175 igitur
1407 3099 1490 3157 initio

144 3194 167 3244 et
186 3186 246 3247 iiue
270 3187 462 3263 probabiliter
484 3205 572 3264 supra
592 3189 705 3249 Lunam
730 3189 855 3249 creditus
879 3198 939 3258 est,
973 3193 1001 3246 in
1026 3188 1123 3248 medio
1147 3204 1265 3263 quoque
1288 3204 1378 3262 supra
1399 3185 1490 3245 luisse

144 3273 230 3333 rideri
253 3282 370 3350 potest,
408 3293 444 3335 ne
467 3293 606 3351 cogamur
628 3278 828 3352 trajectionem
852 3275 1010 3336 concedere
1033 3285 1061 3334 et
1085 3293 1120 3335 err
1144 3274 1261 3333 aethere
1292 3277 1320 3330 in
1344 3274 1491 3347 regionem

143 3361 327 3421 sublunarem
350 3372 381 3421 ct
403 3365 552 3436 vicissim,
577 3364 656 3439 quod
679 3365 784 3440 refugit
807 3363 909 3440 Tycbo
933 3381 1002 3422 snas
1025 3365 1154 3421 rationes
1177 3369 1303 3431 secutus,
1339 3359 1409 3417 mihi
1433 3360 1489 3418 ab·

142 3447 255 3507 turdum
279 3466 338 3509 non
362 3457 415 3509 est.
454 3450 501 3508 lta
527 3468 584 3511 non
612 3454 754 3529 sequitur,
779 3450 858 3526 quod
886 3454 935 3526 qni
959 3453 1040 3528 prius
1063 3469 1098 3508 cx
1123 3449 1259 3508 tarditate
1284 3448 1381 3506 locum
1403 3464 1493 3522 sopra

142 3534 253 3595 bunum
277 3544 323 3595 eat
345 3537 537 3611 conjectatus,
560 3542 593 3612 is,
616 3541 642 3595 si
665 3545 769 3614 postea
792 3547 893 3615 neget,
925 3555 960 3597 ex
985 3539 1140 3597 velocitate
1163 3536 1350 3595 sublunarem
1373 3534 1490 3610 probari

141 3622 241 3693 lorum,
265 3631 422 3700 propterea
443 3625 500 3683 sibi
522 3627 578 3702 ipsi
601 3623 781 3685 contradicat
804 3638 856 3684 aut
878 3628 1051 3684 sententiam
1075 3634 1177 3683 mutet.

242 3711 273 3772 6.
310 3709 369 3771 Sed
392 3710 608 3771 Claramontius
632 3712 766 3771 omnibus
790 3713 887 3771 verbis
910 3712 978 3771 odia
1001 3712 1108 3789 illinit,
1147 3720 1179 3769 ut
1213 3726 1326 3769 venena
1357 3707 1491 3781 sagittis;

138 3797 331 3872 palinodiam
354 3800 395 3857 ait
427 3801 564 3858 orciniam
590 3799 767 3876 Tpeltonem.
814 3799 918 3873 Quid?
952 3802 975 3857 si
1006 3799 1189 3859 emendasset
1221 3800 1249 3854 in
1280 3794 1491 3873 posterioribus

138 3887 329 3963 senteutiam,
368 3886 459 3945 veluti
490 3888 574 3945 initio
604 3903 662 3945 non
687 3890 759 3946 satis
788 3904 965 3962 expensam,
995 3886 1073 3962 qnod
1102 3903 1159 3945 non
1191 3885 1259 3944 iecit
1287 3901 1342 3943 nec
1373 3898 1494 3940 necesse

139 3971 265 4031 babuit?
309 3972 387 4031 Num
410 3973 465 4032 hoc
490 3977 518 4031 in
541 3973 728 4051 philosophia
751 3974 877 4033 dedecus
901 3986 954 4046 cst,
980 3976 1075 4032 verbis
1100 3971 1351 4048 aequiparandum
1373 3968 1415 4026 illi
1439 3965 1494 4024 de-

139 4058 244 4127 decori,
269 4058 348 4136 quod
372 4059 570 4120 claramontio
591 4063 658 4135 jura
682 4064 779 4120 omnia
803 4064 968 4136 imponunt,
992 4070 1025 4119 ut
1048 4064 1097 4136 qni
1114 4059 1285 4137 Tycbonem
1309 4058 1416 4116 dubiae
1439 4071 1495 4112 ve-

138 4148 232 4205 ritatis
255 4155 285 4205 et
307 4145 376 4206 iidei
398 4158 428 4207 et
450 4146 634 4225 deceptorem
666 4151 924 4226 pronunciaverat,
953 4149 1015 4224 jam
1039 4148 1140 4206 dilutis
1169 4146 1337 4207 criminibus
1362 4157 1494 4202 veracem

138 4234 273 4307 laeam,
298 4234 422 4309 injuriae
446 4234 546 4295 illatae
570 4237 783 4295 contessionem
807 4237 900 4295 edat?

245 4324 273 4383 7.
311 4320 479 4381 Secundum
501 4324 608 4381 crimen
631 4326 770 4400 ingeritur
791 4322 945 4400 Tychoni,
978 4322 1057 4397 quod
1086 4326 1177 4397 praui
1200 4322 1373 4380 acrimonia
1395 4320 1495 4375 animi

136 4426 226 4483 saepe
247 4412 283 4465 ia
305 4411 492 4469 Aristotelem
516 4419 666 4486 crumpat.

245 4496 275 4555 8.
313 4494 402 4555 Nulla
431 4497 486 4555 luit
508 4497 641 4574 Tychoni
674 4516 719 4558 res
751 4515 816 4557 cum
842 4497 1000 4556 Aristotele
1033 4499 1115 4574 ipso,
1150 4494 1290 4570 quicquid
1326 4491 1494 4552 acerbitatis

137 4582 296 4643 eluentes
321 4581 470 4660 Tycbonis
493 4586 632 4658 oratione,
657 4603 722 4644 eum
746 4584 782 4643 de
803 4584 991 4660 philosophia
1015 4586 1110 4659 agitur
1126 4581 1323 4647 aristotelica,
1348 4586 1440 4637 totum
1463 4577 1494 4636 id

139 4673 170 4727 in
192 4671 310 4730 turbam
333 4670 468 4747 dirigitur
496 4679 674 4732 sectatorum
699 4672 885 4743 Aristotelis,
920 4673 970 4746 qui
999 4680 1100 4730 contra
1132 4687 1219 4745 qnam
1243 4666 1416 4727 Aristoteles
1449 4675 1494 4724 est

138 4756 245 4818 solitus
279 4760 309 4815 iu
341 4774 411 4819 euos
433 4768 633 4822 antecessores
659 4768 818 4835 contraque
842 4777 930 4836 quam
953 4761 1015 4836 ipse
1037 4759 1093 4819 sibi
1118 4758 1280 4833 arrogavit,
1307 4756 1442 4832 jurarunt
1464 4754 1494 4813 ia
