3284 5520
639 318 694 375 Seu
712 319 746 374 de
764 317 834 372 Nive
852 316 1009 385 sexangula
1438 322 1502 392 719

255 496 320 574 Qba
343 496 380 558 ds
401 514 432 556 re
456 514 521 556 cum
544 503 621 557 esset
643 495 716 554 mihi
737 502 832 555 sermo
856 508 922 555 oum
943 493 1072 571 quodum
1094 506 1196 572 nuper,
1218 499 1342 573 primum
1361 501 1504 561 internos

143 588 296 658 eosvenit,
320 601 439 645 causam
455 601 512 643 non
529 586 558 642 in
575 585 697 643 materie
713 582 920 661 quaerendam,
943 581 996 641 esd
1012 583 1040 639 in
1055 591 1171 659 agente.
1194 583 1320 645 Materia
1335 589 1416 651 enim,
1427 590 1503 648 nivis

146 681 194 734 set
216 689 324 750 vapor,
355 674 380 731 is
411 671 481 731 dum
512 673 602 730 oritur
623 686 660 730 ox
682 678 773 744 terra,
805 669 903 730 calore
924 668 1051 744 enodem
1074 687 1129 729 suo
1151 672 1317 746 subvectus,
1346 662 1404 733 uon
1427 675 1504 735 alius

144 777 236 836 quam
261 761 415 820 continuus
439 768 468 818 et
492 760 575 835 quasi
598 757 705 816 fluidus
729 764 786 816 est:
811 773 868 816 nou
891 758 979 833 igitur
1001 756 1154 817 distinctus
1176 761 1206 816 lu
1222 759 1387 837 singulares
1398 762 1504 839 hujus-

142 847 225 907 modi
248 845 390 906 stellulae.

254 932 394 1009 Quaeras,
419 930 496 991 unde
520 931 576 990 hoc
597 933 699 1002 sciam,
723 946 798 1003 cum,
821 931 846 987 si
870 928 937 988 talis
961 930 1049 988 etiarn
1071 932 1110 988 sit
1134 947 1234 1007 vapor,
1258 931 1287 989 id
1315 932 1409 992 oculis
1423 936 1501 993 cerni

144 1036 206 1080 non
229 1023 339 1098 possit,
368 1021 438 1096 quia
461 1034 556 1094 vapor
576 1017 761 1094 pelluciduei
794 1014 985 1092 Respondeo:
1015 1033 1108 1093 vapor
1135 1021 1234 1077 existit
1263 1038 1297 1078 er
1325 1020 1502 1082 revolutione

143 1107 277 1167 humoris
300 1108 490 1176 subterranei,
515 1106 593 1182 quod
617 1106 749 1180 arguitur
770 1121 804 1162 ex
828 1103 894 1179 ejus
915 1103 1035 1163 levitate
1058 1112 1088 1163 et
1109 1121 1242 1166 musaeu.
1274 1107 1308 1165 ln
1324 1108 1502 1168 resolutione

144 1210 217 1256 vero
239 1194 350 1269 figurae
373 1210 431 1253 uon
454 1192 565 1251 habeut
586 1191 690 1251 locum.
735 1190 770 1248 ld
793 1193 869 1249 euim
892 1191 982 1250 hahet
1003 1190 1125 1266 figuram
1149 1209 1184 1251 er
1206 1210 1253 1265 suf
1281 1193 1360 1269 quod
1382 1212 1414 1254 se
1438 1197 1502 1271 ipso

143 1285 326 1353 terminatur,
351 1298 416 1341 cum
439 1282 553 1340 termini
577 1278 700 1355 rigorum
723 1280 918 1352 constituant;
940 1295 1049 1355 vapor,
1078 1278 1256 1339 resolutione
1277 1281 1367 1360 laeta,
1388 1299 1425 1340 er
1448 1300 1502 1359 ge·

144 1371 265 1429 neribus
289 1369 472 1427 humidorum
496 1376 540 1425 eet
563 1374 592 1425 et
613 1365 686 1438 iiuit,
710 1365 766 1424 hoc
788 1374 832 1424 eet
854 1382 886 1423 sc
908 1366 973 1441 ipso
996 1382 1053 1423 nou
1077 1368 1256 1439 terminatur,
1280 1368 1390 1427 uuilsm
1415 1372 1501 1446 igitur

143 1456 268 1533 liguram
291 1459 404 1523 retinet,
428 1454 520 1513 donec
543 1453 737 1517 condensetur
758 1455 789 1510 in
811 1452 909 1511 nivern
932 1453 980 1511 rel
1002 1460 1124 1529 guttam.

247 1541 319 1601 Cum
343 1544 430 1618 igitur
453 1549 608 1614 constaret,
633 1557 751 1598 causam
775 1538 884 1597 inditae
899 1538 1011 1615 figurae
1024 1540 1204 1615 sexangulae
1220 1557 1285 1601 esse
1300 1559 1391 1617 penes
1406 1559 1499 1618 egeu-

141 1637 212 1701 tem,
235 1628 400 1688 dubitatum
415 1645 501 1705 porro
516 1629 583 1699 luit*
603 1626 751 1703 quodnam
774 1625 803 1684 id
820 1633 896 1686 esset
919 1643 1009 1702 agens
1033 1632 1061 1685 si
1084 1627 1233 1702 quomode
1248 1637 1357 1703 egeret,
1380 1642 1451 1687 uum
1466 1640 1497 1689 ut

140 1717 234 1775 turma
257 1719 353 1789 insita,
377 1733 414 1774 uu
439 1723 470 1773 ut
493 1713 621 1774 efficiens
637 1716 838 1785 extrinsecum,
860 1730 931 1772 num
953 1731 989 1772 er
1012 1717 1186 1774 necessitate
1209 1718 1349 1775 materies
1373 1717 1500 1777 officeret

141 1802 265 1879 figuram
288 1803 489 1879 sexangulam,
513 1819 550 1861 au
574 1819 610 1860 cx
633 1819 688 1860 sua
710 1808 822 1874 natura,
846 1809 918 1875 pate
940 1803 987 1859 cui
1011 1804 1182 1877 congenitus
1202 1804 1241 1861 sit
1260 1804 1308 1862 rel
1324 1804 1500 1882 archetypus

141 1889 378 1965 pulchritudinis,
406 1906 483 1967 quae
511 1881 556 1948 est
584 1891 614 1945 in
646 1888 825 1966 sexangulo,
857 1887 905 1946 vel
930 1887 997 1947 finis
1019 1889 1132 1962 notitia,
1156 1888 1193 1948 ad
1217 1907 1304 1966 quem
1327 1893 1385 1950 ista
1406 1893 1499 1952 torma

141 1976 309 2037 conducat?

245 2062 286 2124 Ut
307 2073 408 2141 pateat
430 2063 532 2123 harum
556 2065 759 2139 quaestionum
783 2061 947 2134 discrimen,
970 2069 1088 2121 utamur
1110 2063 1254 2139 exemplis
1269 2062 1426 2135 nobilibus,
1448 2063 1500 2124 sed

139 2152 318 2225 geometrice
350 2150 510 2228 descriptis.
555 2151 630 2210 Nam
662 2149 699 2209 ad
729 2151 931 2224 quaestionem
957 2158 1085 2208 nostram
1107 2151 1264 2225 plurimum
1287 2151 1375 2211 iaciat
1398 2168 1501 2211 ercur-

140 2252 191 2297 sue
214 2240 279 2298 iste.

246 2325 277 2385 Si
300 2342 336 2384 er
359 2328 517 2400 geometris
541 2340 675 2402 quaeres,
699 2340 758 2399 quo
782 2323 881 2381 ordine
903 2323 1005 2380 structi
1026 2324 1084 2380 sint
1103 2340 1191 2398 upum
1207 2322 1325 2397 alveoli,
1341 2324 1502 2400 responde·

142 2412 232 2485 hunt,
262 2412 362 2471 ordine
384 2413 554 2487 sexangulo.
600 2410 729 2487 Simplex
753 2417 798 2468 est
819 2410 970 2485 responsio
994 2426 1028 2468 ex
1052 2412 1158 2468 intuitu
1181 2409 1305 2487 simplici
1329 2413 1501 2471 foraminum

145 2515 200 2558 seu
215 2509 365 2575 portarum
381 2501 572 2574 laterumque,
596 2501 703 2574 quibus
719 2498 905 2557 efformautur
919 2495 1037 2554 alveoli.
1070 2496 1263 2556 Circumstant
1277 2515 1306 2558 rr.
1322 2497 1423 2557 alveos
1439 2502 1501 2557 ein-

141 2585 229 2660 gulos
252 2604 302 2645 sex
325 2584 386 2658 alii,
409 2587 532 2662 singulis
556 2585 694 2645 latoribus
717 2584 753 2644 ds
776 2582 948 2642 intermedio
971 2583 1077 2658 singuli
1100 2587 1355 2644 communicantes.
1389 2586 1430 2644 At
1451 2586 1501 2645 ubi

141 2672 250 2731 londos
273 2672 424 2732 alveorum
446 2674 535 2732 lucris
558 2671 779 2748 contemplatus,
803 2670 934 2746 singulos
957 2672 1039 2728 trinis
1062 2669 1157 2747 plsuie
1181 2674 1209 2728 in
1226 2672 1363 2731 obtusum
1378 2672 1501 2732 descen·

141 2760 209 2818 dere
239 2759 353 2818 ridebis
381 2759 531 2836 angulum.
578 2758 712 2817 Fundum
743 2759 819 2817 hunc
849 2759 989 2834 (carinam
1012 2761 1109 2833 potius
1132 2753 1295 2842 nuncupes)
1323 2777 1388 2818 cum
1420 2763 1498 2820 senis

143 2845 254 2906 alveoli
279 2847 417 2907 lateribus
442 2846 580 2924 copulant
601 2863 651 2904 sex
676 2845 725 2904 alii
741 2843 850 2920 anguli,
875 2853 933 2903 tres
953 2844 1071 2904 altiores
1088 2845 1207 2905 trilateri
1230 2847 1376 2924 planeque
1390 2847 1500 2907 similes

145 2934 205 2991 imo
229 2936 344 2993 carinae
364 2932 482 3010 angulo,
506 2943 563 2993 tres
578 2932 746 2992 humiliares
763 2932 950 3008 quadrilateri
966 2932 1116 3007 interjecti.
1139 2932 1295 2993 Praeterea
1311 2933 1501 2994 consideran·

144 3020 291 3094 domest,
315 3024 463 3096 geminum
486 3038 550 3080 esse
573 3020 754 3078 alveolorum
779 3018 919 3091 ordinem,
949 3022 1042 3095 portis
1065 3021 1177 3079 aversis
1200 3023 1229 3078 iu
1253 3023 1410 3095 contraris,
1443 3038 1500 3097 po·

140 3109 223 3167 sticis
246 3109 320 3168 inter
342 3124 374 3167 se
398 3110 543 3184 contiguis
566 3116 595 3167 ct
616 3108 742 3183 stipatis,
764 3104 880 3181 anguiis
904 3108 1065 3164 carinarum
1085 3108 1265 3182 singularum
1285 3107 1394 3167 ordinis
1413 3111 1500 3169 unius

142 3197 218 3253 inter
240 3195 366 3270 angulos
388 3203 447 3254 tres
470 3198 557 3254 trium
580 3197 741 3253 carinarum
765 3193 874 3251 ordinis
896 3195 1015 3252 alterius
1037 3196 1162 3264 insertis,
1190 3213 1227 3254 sa
1249 3204 1320 3267 arte,
1343 3203 1375 3254 ut
1397 3194 1500 3255 alveus

141 3281 267 3358 quilibet
289 3298 346 3340 uon
371 3289 483 3341 tantum
506 3298 559 3342 ser
582 3281 722 3340 lateribus
743 3281 935 3339 communicet
958 3296 1024 3339 cum
1046 3283 1125 3339 senis
1147 3279 1240 3341 alveis
1263 3286 1292 3340 in
1318 3281 1422 3341 eodem
1450 3300 1499 3341 or·

140 3369 209 3428 diue
233 3370 505 3442 circumstantibus,
540 3367 592 3427 sed
615 3370 702 3427 etiam
725 3368 807 3425 trinis
830 3370 859 3424 iu
882 3364 972 3425 tundo
995 3366 1091 3442 planis
1113 3384 1180 3428 cum
1202 3370 1295 3428 tribue
1317 3368 1384 3428 aliis
1405 3367 1499 3429 alveis

143 3470 180 3516 ex
204 3455 306 3515 ordine
329 3472 442 3518 everso.
476 3457 521 3515 Ita
543 3454 576 3513 fir
598 3463 631 3513 ut
652 3471 723 3530 apes
745 3454 878 3530 singulae
900 3469 1006 3513 novem
1029 3454 1157 3514 habeant
1181 3458 1302 3527 viciose,
1325 3474 1344 3514 a
1365 3456 1498 3531 qualibet

141 3559 202 3602 rno
225 3546 372 3602 communi
394 3546 505 3619 pariete
525 3540 688 3602 distinctae.
723 3540 816 3600 Plana
838 3543 999 3600 carinarum
1022 3544 1097 3601 trine
1120 3545 1217 3601 omnia
1239 3545 1314 3602 inter
1335 3560 1368 3602 se
1390 3543 1498 3603 similia

142 3640 221 3702 eunt,
245 3630 309 3705 ejus
331 3629 451 3706 ligurus,
476 3647 564 3706 quam
586 3637 752 3705 geometrae
774 3628 928 3688 rhombum
951 3628 1112 3706 appellante
1152 3628 1267 3704 Quibus
1291 3647 1346 3706 ego
1370 3629 1499 3689 rhombis

142 3717 312 3777 admonitus
340 3718 424 3794 coepi
451 3720 480 3775 in
502 3718 662 3793 geometria
685 3718 844 3791 inquirere,
876 3732 946 3774 num
968 3715 1047 3791 quod
1071 3733 1175 3792 corpus
1197 3711 1291 3776 simile
1314 3717 1498 3794 regularibus

141 3806 272 3880 quinque
296 3809 326 3865 et
348 3804 547 3864 Archimedeis
570 3801 788 3879 quatuordecim
812 3820 847 3861 ex
870 3802 999 3862 rhombis
1022 3806 1108 3862 moris
1131 3805 1268 3863 constitui
1283 3807 1390 3880 possitr
1412 3807 1496 3864 iure·

140 3894 232 3967 nique
255 3890 322 3964 dso,
346 3907 470 3967 quorurn
493 3889 616 3950 alterum
639 3897 794 3967 cognatum
817 3892 856 3947 eit
878 3890 953 3948 cubo
976 3899 1005 3949 et
1028 3890 1174 3965 octu'e‘dro,
1191 3890 1335 3967 reliquum
1351 3889 1498 3951 dodeeaii·

141 3977 193 4038 dro
217 3985 245 4036 et
267 3977 418 4038 icosaidro
442 3981 525 4053 (uam
548 3979 639 4037 cubus
661 3980 723 4053 ipsc
746 3978 822 4035 tertii
838 3978 931 4034 ricem
944 3979 1076 4050 sustinet,
1099 3986 1240 4054 cognatus
1256 3977 1372 4037 duobus
1388 3982 1497 4037 tetraii·

140 4065 201 4124 drie
224 4067 348 4125 invicem
371 4061 541 4146 coaptatis),
563 4067 687 4141 primum
711 4062 864 4123 duodecim
887 4063 1015 4123 rhombis
1038 4064 1191 4139 clauditur,
1221 4064 1342 4124 alterum
1367 4067 1495 4141 triginta.

139 4152 199 4213 Sed
221 4155 314 4229 primo
336 4152 411 4212 haec
432 4161 478 4212 eet
499 4154 661 4212 communis
683 4152 844 4227 proprietas
868 4167 933 4209 cum
957 4152 1049 4225 cubo,
1075 4151 1154 4228 quod
1176 4161 1208 4210 ut
1230 4151 1331 4228 angult
1356 4161 1424 4211 octo
1444 4170 1497 4211 cu·

141 4241 244 4299 horum
278 4248 447 4299 octonorum
479 4242 556 4298 eirca
582 4239 657 4298 idem
680 4246 819 4315 punctum
843 4241 971 4314 coaptati
996 4239 1091 4297 locum
1115 4256 1229 4298 omnem
1252 4239 1385 4315 explent,
1416 4239 1497 4298 nulio

140 4326 243 4386 relicto
273 4344 383 4401 vacuo,
416 4329 459 4385 sic
487 4326 630 4385 rhombici
659 4328 744 4401 primi
776 4326 872 4384 obtusi
904 4342 956 4384 seu
986 4325 1108 4385 trilateri
1135 4325 1234 4403 auguli
1264 4327 1396 4401 quaterni
1420 4325 1496 4386 idem

140 4419 291 4492 praestent
313 4423 342 4473 et
364 4413 551 4490 quadrilateri
575 4412 676 4488 anguli
698 4416 759 4471 seni
783 4412 923 4471 similiter.
955 4413 1059 4488 ltaque
1081 4414 1153 4470 strui
1176 4418 1274 4488 potest
1288 4411 1369 4472 locus
1384 4412 1496 4472 solidus

141 4518 179 4562 ex
201 4503 289 4560 meris
310 4501 392 4561 hisce
414 4502 551 4572 rhombis,
580 4502 624 4558 siu
647 4507 677 4557 ut
699 4516 814 4574 semper
837 4508 961 4575 quatuor
983 4499 1113 4574 trilateri,
1136 4508 1168 4558 ut
1190 4508 1219 4558 et
1241 4517 1293 4559 ser
1309 4498 1497 4575 quadrilateri

141 4589 243 4665 anguli
266 4587 304 4646 ad
327 4604 417 4647 unum
438 4596 468 4648 ct
490 4602 578 4646 unum
601 4594 740 4663 punctum
763 4596 942 4645 concurrant
988 4587 1025 4645 Et
1055 4595 1088 4645 ut
1115 4604 1227 4644 summa
1260 4586 1404 4662 quaedem
1427 4587 1495 4645 ilat:

141 4674 262 4751 quaudo
283 4674 365 4734 locus
387 4674 499 4734 solidus
521 4690 573 4751 per
599 4675 691 4733 euhoe
719 4673 859 4749 aequales
889 4674 990 4733 ordine
1016 4684 1096 4733 recto
1125 4674 1275 4751 impletur,
1308 4681 1378 4732 tanc
1406 4691 1496 4732 uuum

142 4763 249 4824 cubum
272 4764 444 4839 contingunt
466 4762 517 4822 elii
541 4768 581 4822 32
605 4761 720 4840 augulis
742 4760 865 4837 singulis
894 4768 923 4820 et
952 4768 1103 4839 praeterea
1125 4778 1176 4820 ecx
1200 4763 1363 4838 quaternis,
1396 4763 1496 4838 itaque
