3284 5520
121 299 123 305 ἲ
152 331 214 400 122
367 366 372 375 .
654 335 695 390 ne
713 333 935 390 comessamur
953 335 1004 390 111.
1096 376 1099 381 ,

148 512 325 591 9999911191,
350 514 378 570 19
396 519 544 572 auctorem
568 530 637 574 9999
653 530 747 589 99999
769 515 855 574 facile
871 514 1000 575 recidunt
1023 532 1058 575 ac
1085 517 1114 572 in
1137 514 1251 574 bostem
1265 506 1336 596 (¹⁸).
1377 511 1506 587 Utinam,

149 604 283 676 inquam,
318 602 409 660 vitam
438 618 473 660 err
505 607 576 661 voto
605 600 747 662 ccclesiae
776 605 806 660 in
835 619 908 677 9999
939 605 1098 678 transigere
1129 619 1182 679 per
1212 601 1312 661 orbem
1336 600 1506 660 universnm

149 688 258 764 1199991.
306 688 344 745 At
371 705 430 748 non
462 696 518 762 ert,
555 699 587 747 ut
617 689 673 747 sibi
698 689 783 748 valde
806 689 844 748 ab
866 689 923 748 hoc
945 699 1017 750 9919
1039 696 1172 750 metuant
1194 687 1343 764 astrologi.
1389 687 1506 748 Etenim

148 779 173 834 91
188 791 313 851 poenam
328 775 410 835 Dcus
428 775 578 835 hominum
594 777 704 834 meritis
719 776 883 850 meditatur,
903 777 966 851 iam
984 794 1042 837 non
1065 777 1191 854 amplius
1205 793 1296 852 penes
1310 776 1503 852 magistratus

148 872 192 924 est
223 861 292 921 belli
324 865 464 940 pacisque
497 865 656 923 arbitrium.
704 860 827 923 Ordinat
861 867 969 941 quippe
1002 865 1085 924 Dens
1115 863 1284 941 hujusmodi
1317 862 1435 935 media,
1472 870 1505 922 91

147 951 335 1026 magistratus
359 949 446 1010 officii
469 966 567 1024 99999,
593 949 672 1009 bello
689 949 815 1029 decreto,
838 950 890 1009 1191
908 954 1133 1012 instrumentum
1155 952 1212 1011 sibi
1234 953 1354 1026 suisque
1376 947 1504 1029 subditis

147 1039 281 1109 decretae
309 1055 422 1113 poenas
453 1037 579 1098 divinae.
625 1037 699 1096 Cum
728 1055 805 1097 anno
832 1038 913 1096 1569
942 1056 1043 1099 mense
1064 1038 1143 1098 Nor.
1173 1045 1288 1098 cometa
1312 1036 1447 1097 fulsisset
1474 1043 1503 1096 in

148 1126 335 1202 Serpentario
366 1127 517 1202 signisque
540 1125 698 1201 Sagittario
721 1134 750 1184 et
773 1125 964 1201 Capricorno,
998 1128 1168 1186 occasiones
1198 1132 1286 1185 natae
1308 1132 1395 1197 aaut,
1428 1141 1503 1200 quas

148 1213 288 1272 Solimum
314 1212 471 1271 Turcarum
501 1215 705 1289 imperatorem
728 1212 950 1272 exstimularnnt
972 1213 1009 1272 ad
1034 1213 1161 1290 Cyprum
1184 1211 1262 1273 bello
1286 1211 1501 1284 vindicandam,

147 1298 227 1377 quod
257 1298 367 1358 bellum
397 1317 473 1358 anno
504 1301 637 1376 sequenti
664 1302 755 1359 1610.
784 1307 898 1376 gestum
922 1308 974 1361 est.
1019 1300 1112 1360 Nemo
1135 1307 1180 1360 cst
1202 1305 1262 1358 tam
1284 1301 1420 1375 iniquus,
1453 1301 1502 1374 991

149 1394 246 1464 neget,
264 1386 360 1446 officio
375 1388 504 1447 functam
520 1387 651 1463 rempub.
687 1388 840 1472 Venetam,
859 1387 937 1462 qnod
953 1386 1023 1447 belli
1040 1388 1235 1447 conditionem
1250 1386 1287 1445 ad
1304 1386 1504 1446 defensionem

147 1474 259 1534 insulae
281 1474 384 1532 maluit
408 1474 554 1550 amplecti,
578 1492 667 1551 quam
688 1474 794 1551 legatis
810 1473 910 1534 Solimi
932 1476 1100 1550 petentibus
1123 1477 1196 1534 91199
1218 1475 1384 1533 certaminis
1407 1472 1503 1532 aleam

147 1561 272 1620 insulam
304 1560 473 1622 concedere.
521 1562 557 1620 lit
585 1569 682 1620 tamen
712 1562 826 1621 consilii
859 1561 1059 1621 honestissimi
1082 1564 1177 1622 exitus
1199 1561 1255 1620 1911
1276 1560 1394 1632 infelix,
1426 1563 1505 1620 caesi

146 1650 300 1721 exercitus,
324 1650 473 1726 impensae
488 1648 629 1728 perditae,
653 1648 749 1707 insula
765 1651 882 1718 amissa,
906 1649 1020 1708 incolas
1041 1648 1186 1720 trucidati,
1210 1649 1318 1723 abacti,
1341 1648 1503 1723 subjugati,

146 1737 249 1812 religio
281 1738 492 1811 contaminata,
528 1737 571 1794 ira
600 1734 700 1794 divina
729 1737 880 1795 insulanos
910 1742 1039 1811 urgente.
1087 1735 1261 1811 Quanquam
1285 1736 1315 1795 id
1338 1752 1375 1794 99
1400 1735 1504 1793 9191991

48 1858 51 1865 ·
145 1824 263 1900 quidem
286 1823 396 1882 Selimo
427 1824 482 1882 fuit
513 1825 647 1900 impune,
670 1839 747 1881 cum
777 1840 854 1882 anno
877 1825 1010 1899 sequenti
1037 1824 1129 1884 1511.
1162 1824 1200 1883 91)
1234 1825 1287 1896 119,
1321 1823 1430 1898 quibus
1454 1821 1503 1882 ille

52 1972 55 1976 1
146 1910 297 1971 brachium
327 1909 493 1970 absciderat
523 1911 625 1986 (regno
649 1909 737 1987 Cypri
760 1907 872 1987 erepto)
901 1909 1090 1969 nihilominus
1119 1911 1175 1970 sibi
1205 1911 1299 1970 barba
1328 1911 1367 1968 911
1390 1908 1505 1985 999199,

146 2004 283 2076 99999919
306 1999 432 2057 victoria
454 1997 555 2056 navali
578 1999 606 2053 in
629 1999 696 2056 sinu
720 1997 915 2074 Coryntbiaco
939 2003 968 2056 91
990 1996 1088 2057 deleta
1109 1998 1271 2057 'furcarum
1293 1996 1403 2070 classe,
1427 2014 1505 2073 9999

144 2102 202 2144 999
218 2087 260 2143 119
273 2082 412 2155 celeriter,
438 2092 470 2145 ut
489 2085 543 2160 pili
559 2085 668 2143 barbae
691 2081 781 2164 (quod
796 2086 907 2161 regium
923 2085 980 2144 boc
994 2083 1096 2144 Solimi
1119 2084 1338 2161 apophthegma
1351 2082 1506 2162 innuebat)

145 2174 260 2232 renasci
282 2174 377 2247 potuit
400 2166 468 2248 (¹⁷).
514 2171 597 2231 Haec
619 2171 759 2231 hactenns
783 2171 861 2232 dicta
884 2175 913 2229 19
936 2187 1089 2231 commune
1111 2179 1184 2249 puto
1207 2172 1356 2246 sufficere,
1390 2170 1443 2230 sed
1466 2173 1505 2233 ab

144 2270 312 2321 astronomo
342 2258 419 2319 solet
448 2261 611 2335 exspectari
641 2261 804 2318 accuratior
835 2258 991 2335 descriptio
1020 2260 1110 2318 totius
1140 2260 1332 2336 apparitionis
1360 2265 1504 2331 cometas,

144 2366 209 2408 eum
225 2354 343 2424 propter
365 2363 396 2405 99
413 2348 518 2422 ipsam,
543 2355 604 2405 tum
621 2348 707 2405 ctiam
731 2347 801 2422 quia
815 2353 934 2422 sperant
956 2345 1056 2422 aliqui,
1080 2363 1112 2405 99
1135 2346 1308 2424 specialium
1331 2347 1504 2422 apparenti-

87 2470 90 2475 ·
143 2453 225 2496 arum
238 2429 432 2510 explicatione
444 2436 544 2493 venire
555 2451 644 2510 99999
657 2433 696 2492 ad
706 2434 867 2509 singularia
883 2434 947 2508 ejus
958 2432 1131 2510 significata.
1166 2434 1296 2493 Primum
1308 2434 1504 2509 apparitionis

55 2563 58 2569 -
143 2531 258 2599 tempus
280 2521 412 2598 plerique
427 2523 457 2579 in
486 2517 590 2599 15125.
607 2520 687 2597 Sept.
712 2539 796 2581 mane
820 2520 965 2592 referunt;
988 2520 1041 2581 sed
1059 2521 1160 2580 scribit
1182 2520 1221 2579 ad
1243 2539 1289 2581 me
1305 2521 1503 2596 Brenggerus,

144 2628 179 2670 ex
202 2609 297 2668 relatu
312 2608 451 2668 Monacbi
474 2611 571 2667 visum
594 2625 660 2668 esse
683 2609 796 2684 9999991
820 2607 877 2666 (1191
905 2605 1006 2681 13123.
1024 2607 1105 2683 Sept.
1129 2613 1165 2678 (v.
1183 2630 1203 2664 s.
1222 2630 1247 2677 p.
1269 2618 1319 2672 10).
1356 2606 1504 2682 Equidem

143 2698 246 2758 videor
268 2699 460 2772 pronunciare
483 2713 578 2772 99999,
606 2691 711 2776 12122.
736 2695 816 2771 Sept.
839 2711 965 2770 9999999
986 2694 1116 2753 nondum
1139 2693 1264 2753 fulsisse
1308 2694 1403 2754 Curru
1426 2696 1504 2755 enim

142 2792 244 2845 vectus
266 2801 317 2863 per
339 2785 481 2860 insignem
504 2782 649 2842 editorum
672 2782 801 2841 locorum
824 2782 986 2858 planitiem,
1009 2784 1127 2841 memini
1150 2799 1196 2841 me
1218 2780 1324 2841 Ursam
1347 2783 1506 2842 comitibus

141 2878 319 2947 monstrare,
347 2872 416 2946 joco
439 2871 572 2946 adjecto,
601 2870 649 2928 hic
672 2872 759 2939 situm
784 2886 847 2929 9999
870 2886 985 2927 currum
1007 2886 1119 2941 meum,
1148 2885 1207 2945 quo
1230 2886 1380 2945 nunquam
1405 2867 1504 2930 adbuc

141 2961 245 3021 fuerim
264 2975 346 3017 usus.
386 2958 491 3033 Arguit
506 2964 604 3017 autern
626 2956 765 3029 analogia
787 2964 892 3028 motus,
916 2973 952 3013 ea
969 2973 1101 3032 vespera,
1126 2958 1152 3014 91
1166 2956 1304 3028 fulsisset,
1328 2972 1388 3014 non
1411 2955 1502 3033 longe

142 3048 179 3107 ab
204 3044 280 3106 Ursa
303 3046 492 3103 constitutum
515 3045 615 3114 fuisse,
642 3045 777 3102 nimirum
801 3046 876 3101 inter
898 3045 996 3118 capita
1019 3042 1210 3102 Geminorum
1233 3051 1263 3103 ct
1285 3041 1389 3113 Ursae,
1412 3043 1504 3119 99919

141 3140 216 3195 ante
232 3136 358 3209 priorem
379 3130 493 3207 pedem.
541 3129 653 3205 Quodsi
677 3133 765 3206 igitur
790 3146 912 3206 vespera
935 3129 993 3189 diei
1020 3127 1125 3210 13123.
1150 3130 1231 3205 Sept.
1259 3129 1380 3202 effulsit,
1416 3132 1504 3190 initio

140 3225 229 3298 igitur
250 3222 280 3277 in
304 3217 403 3278 decem
427 3218 537 3278 ultimis
559 3217 699 3293 gradibus
723 3217 826 3277 Cancri
851 3217 913 3275 1911.
953 3216 1021 3276 Vidi
1045 3217 1128 3275 illum
1155 3218 1257 3287 16116.
1283 3217 1388 3279 Octob.
1411 3219 1443 3275 in
1468 3213 1504 3276 2ο

140 3309 306 3385 Sagittarii,
335 3323 401 3365 cum
425 3306 475 3365 lat.
503 3301 536 3364 7⁰
558 3311 631 3381 sept.
678 3303 778 3364 899911
807 3304 869 3363 1199
892 3304 986 3363 nubili
1008 3304 1148 3364 continui.
1194 3305 1258 3362 Etsi
1280 3306 1369 3381 igitar
1392 3302 1503 3366 diutins

139 3396 269 3466 fulserit,
292 3410 396 3469 parum
418 3399 516 3452 tamen
540 3399 593 3450 991
615 3391 686 3449 nihil
710 3393 867 3467 processit,
898 3394 957 3450 imo
981 3390 1042 3450 fleri
1066 3392 1162 3466 potnit
1183 3390 1380 3466 retrogradus.
1427 3391 1504 3451 Nam

141 3504 159 3543 a
178 3485 226 3541 19.
250 3485 280 3539 19
304 3478 476 3541 2609191).
500 3481 559 3540 1999
583 3477 686 3538 eodem
709 3479 775 3538 loco
798 3477 958 3537 secundum
982 3477 1195 3554 longitudinem
1217 3478 1320 3537 baesit.
1359 3479 1503 3539 Emensus

140 3573 230 3647 igitur
256 3576 301 3629 est
327 3567 417 3643 panio
439 3567 505 3643 plus
530 3585 618 3641 quam
641 3567 757 3626 tertiam
780 3565 893 3624 zodiaci
916 3572 1030 3641 partem
1053 3564 1212 3624 secundnm
1235 3564 1452 3639 longitudinem
1475 3573 1504 3627 ot

140 3657 269 3718 ordinem
300 3656 457 3731 signorum.
504 3654 586 3713 Loca
612 3654 688 3711 initii
716 3660 746 3712 et
776 3653 841 3711 finis
864 3654 991 3727 insignia
1014 3659 1081 3712 sunt
1104 3652 1309 3725 congressibus
1332 3652 1453 3712 Saturni
1476 3660 1505 3712 91

144 3745 241 3806 19919.
280 3743 356 3801 Nam
372 3741 428 3801 line
445 3740 548 3800 Cancri
572 3740 619 3799 vel
634 3742 718 3798 initio
735 3740 843 3799 Leonis
864 3740 1013 3816 congressi
1036 3746 1106 3798 sunt
1123 3741 1216 3797 1563.
1241 3757 1339 3800 mense
1355 3741 1504 3816 Augusto,

144 3837 172 3892 19
197 3834 225 3890 8.
248 3845 320 3889 9999
343 3827 435 3905 gradu
458 3827 612 3904 Sagittarii
635 3826 712 3887 idem
735 3843 911 3902 congressus
935 3825 1022 3886 rediit
1048 3827 1139 3884 1603.
1164 3819 1320 3887 Decembri
1343 3844 1455 3887 mense.

244 3917 323 3990 Vidi,
348 3917 407 3991 qni,
433 3932 498 3974 cum
521 3922 617 3975 ortum
639 3915 704 3990 ejus
727 3913 765 3972 ad
783 3917 833 3973 26.
851 3913 932 3989 8991.
955 3913 1113 3983 retulisset,
1137 3930 1196 3988 quo
1221 3914 1267 3973 die
1290 3916 1321 3972 in
1345 3910 1380 3973 8⁰
1395 3914 1506 3975 Leonis

138 4009 208 4078 fuit,
232 4004 316 4062 illum
340 4020 374 4062 cx
398 4019 557 4078 congressu
581 4001 658 4061 Solis
682 4008 711 4060 91
734 4001 848 4073 Μ99119,
871 4003 1037 4076 999919999
1061 3999 1207 4059 Mercurio
1230 3999 1505 4079 199199999919911

142 4090 348 4176 1112119111
378 4089 482 4150 eodem
511 4091 540 4147 in
568 4088 661 4164 gradu
686 4089 819 4163 accidit),
850 4089 981 4163 genitum
1005 4087 1123 4148 diceret.
1170 4087 1217 4146 lta
1239 4087 1324 4147 facile
1348 4089 1507 4148 invitamur

139 4181 336 4242 allusionibus
353 4178 637 4237 circumstantiarum
654 4174 692 4234 ad
709 4175 858 4251 dogmata.
896 4175 1034 4251 Tempus,
1060 4191 1118 4249 quo
1134 4176 1259 4249 primum
1283 4183 1365 4234 ortus
1381 4184 1505 4248 9999919,

140 4270 295 4345 insignitur
327 4267 514 4340 aequinoctio
548 4262 710 4322 autumnali
741 4273 771 4322 91
802 4264 987 4338 99999111999
1016 4261 1104 4321 19919
1136 4270 1166 4321 91
1193 4261 1272 4322 89119
1302 4264 1333 4320 19
1363 4265 1507 4341 principio

142 4357 250 4417 Arietis
275 4359 304 4413 et
328 4351 444 4424 Librae,
468 4353 510 4411 919
532 4359 562 4410 91
584 4349 731 4424 triangulo
757 4349 876 4408 Saturni
899 4356 929 4409 et
950 4350 1064 4409 Μ99119.
1103 4349 1177 4407 Fine
1200 4351 1394 4428 apparitionis
1418 4353 1508 4411 etiam

141 4443 221 4502 Mars
244 4440 318 4501 Jovi
341 4439 546 4517 opponebatur
567 4439 698 4516 praecise
720 4439 751 4494 in
777 4437 1043 4511 aequinoctialibus
1066 4437 1191 4512 punctis.

246 4527 374 4600 Semita,
404 4544 454 4603 per
476 4543 564 4600 quarn
587 4525 701 4584 delatus
725 4525 780 4581 1911
804 4531 932 4596 cometa,
961 4541 1049 4599 quarn
1073 4524 1209 4599 proxima
1232 4522 1358 4582 circulus
1380 4541 1507 4599 magnus

140 4632 175 4674 ex
197 4613 244 4671 his
269 4614 366 4673 Terris
389 4615 541 4692 apparuit3
571 4613 681 4671 ultimis
705 4621 801 4669 tamen
825 4610 929 4669 diebus
951 4611 1140 4670 vehementer
1164 4610 1377 4669 incurvabatur
1399 4627 1505 4671 versus

139 4701 317 4776 eclipticam.
361 4700 433 4760 Plus
457 4703 534 4759 enim
556 4716 659 4760 999999
682 4697 848 4775 eclipticam
871 4697 1015 4769 deorsum,
1040 4714 1135 4773 quam
1153 4696 1316 4758 secundnm
1339 4697 1507 4777 eclipticam

139 4804 257 4867 prorsus
285 4791 397 4849 moveri
419 4789 587 4868 potabatur.
