3284 5520
168 1589 229 1708 IN
280 1590 558 1710 LIBELLUM
608 1591 872 1710 SLEIDANI
921 1593 996 1710 illi
1049 1591 1318 1733 QUATUOR

510 1859 512 1863 ,
562 1755 921 1877 llONARCHHS.

505 1956 717 2031 (Scriptum
743 1972 841 2015 enno
871 1958 980 2030 ibeo.)

684 2159 796 2173 m

162 2315 235 2379 Cum
264 2325 432 2379 antecessor
461 2336 543 2380 meus
567 2318 705 2379 hierenus
727 2319 876 2396 professus
898 2321 952 2392 eit,
987 2317 1135 2379 Ordinerii
1157 2315 1240 2376 illem
1261 2316 1423 2381 lectionem

56 2407 214 2465 restaurari
241 2405 406 2466 voluerunt
451 2407 563 2466 Verum
593 2423 629 2467 eu
658 2410 724 2483 ipso
754 2413 883 2484 tempore
912 2407 1086 2466 necessariis
1117 2403 1154 2464 de
1177 2406 1275 2465 causis
1299 2421 1422 2481 peregre

56 2491 204 2568 proiectus
227 2500 257 2555 et
279 2493 421 2554 hectenue
442 2495 564 2555 fortuito
588 2493 723 2554 detentus
746 2494 798 2554 lui.
836 2494 967 2555 Primum
991 2501 1090 2554 eutem
1113 2501 1202 2569 utque
1219 2491 1293 2552 redii
1308 2499 1422 2569 etpost

57 2581 191 2655 exposite
215 2597 313 2639 moree
337 2579 513 2641 documento
534 2585 563 2639 iu
587 2580 716 2640 officium
739 2584 889 2640 institutus
905 2599 985 2654 sum,
1009 2581 1165 2656 repetitum
1187 2580 1243 2639 luit
1264 2578 1346 2639 illud
1368 2578 1423 2640 de·

57 2674 169 2729 cretum
190 2674 219 2727 et
242 2668 319 2728 duee
341 2668 482 2729 lectiones
506 2669 576 2729 milri
599 2668 771 2740 mundulos,
805 2685 880 2745 quoe
902 2671 996 2745 primo
1018 2684 1137 2744 quoque
1162 2676 1293 2743 tempure
1316 2670 1423 2744 euspi-

58 2770 148 2812 cerer.
193 2754 272 2814 lilud
294 2754 435 2830 additum,
460 2764 492 2814 ot
514 2755 649 2817 alacriter
671 2772 830 2836 pergerem.
871 2753 979 2831 Utique
1001 2753 1208 2831 compendium
1231 2754 1421 2814 historiarum

56 2841 191 2916 legentes
212 2841 419 2920 compendiose
441 2842 634 2920 procedemus
657 2860 777 2905 neeesse
801 2850 855 2915 ert,
878 2841 968 2919 idque
990 2859 1026 2903 eo
1049 2844 1161 2917 megie,
1183 2859 1244 2918 quo
1266 2844 1423 2917 pauciores

56 2927 147 2988 hores
169 2928 326 2991 hebemus:
351 2929 428 2990 unde
451 2946 510 2988 nou
533 2938 578 2990 est
594 2929 823 3007 exspectandum
837 2930 959 3007 longum
975 2931 1167 3007 prooemium.
1205 2929 1322 2990 Passim
1339 2945 1423 2989 cum·

59 3015 263 3077 mundationes
285 3017 473 3077 historiarum
495 3020 709 3094 reperiuntur„

164 3103 213 3163 De
239 3112 372 3165 encore
417 3101 634 3186 (Cogitandum
660 3105 717 3164 luit
743 3103 782 3164 de
811 3097 1013 3184 compendio.)
1058 3102 1243 3178 Scripserunt
1265 3102 1323 3163 hec
1345 3111 1423 3163 tem-

59 3197 175 3265 pestate
199 3191 380 3252 unirerseies
403 3193 541 3254 historias
556 3201 585 3255 et
601 3190 775 3268 compendio
791 3191 946 3264 botherus,
971 3190 1067 3262 (letio,
1091 3188 1247 3267 Phiiippus
1263 3190 1429 3265 Procerus,

60 3277 234 3350 Dresserus,
266 3278 430 3339 Sleidunus.
470 3280 564 3339 'Hunc
592 3279 792 3356 praetulerunt
824 3279 856 3355 1)
878 3280 949 3355 quie
971 3286 1017 3338 eet
1039 3277 1197 3339 historicus
1219 3286 1250 3337 et
1271 3286 1360 3338 notus
1383 3279 1422 3339 ob

60 3362 246 3438 Germanice,
270 3369 357 3427 ceteri
380 3367 423 3426 nii
446 3376 596 3446 praeterere
618 3369 647 3426 in
671 3366 728 3427 hoo
750 3383 856 3442 genere
877 3365 1044 3440 ediderunt,
1074 3364 1107 3439 2)
1129 3366 1201 3440 quie
1224 3383 1294 3442 pree
1317 3368 1422 3425 ceteris

60 3451 188 3528 eleganti
212 3454 281 3515 stilo
305 3456 412 3529 utitur;
436 3450 472 3535 3)
489 3457 560 3530 quie
581 3471 636 3515 nec
658 3455 745 3515 nimie
767 3454 874 3527 ureris,
897 3461 931 3513 ut
945 3452 1091 3513 liutherus
1115 3459 1144 3511 et
1166 3451 1294 3513 tubellee
1316 3452 1422 3530 rlrytlr-

59 3541 155 3600 micee
177 3544 344 3617 germanico
367 3541 522 3615 idiomate,
546 3559 623 3617 quoe
646 3550 760 3618 prester
782 3539 990 3616 chronologice
1012 3539 1054 3601 nil
1077 3540 1236 3613 continent,
1259 3556 1314 3600 nec
1335 3541 1422 3599 nimis

59 3626 177 3703 longus,
201 3635 234 3687 ut
249 3627 404 3706 Philippus
418 3630 566 3690 Peucerue
589 3636 619 3689 et
633 3629 807 3702 Dreeeeror3
835 3623 871 3709 4)
887 3631 959 3704 uuio
974 3627 1084 3702 ubique
1100 3626 1130 3686 id
1145 3628 1216 3703 egit,
1240 3627 1320 3703 quod
1334 3645 1423 3705 pree·

62 3716 182 3791 cipuum
211 3722 270 3788 est,
301 3733 343 3775 eo.
368 3723 401 3774 ut
422 3716 548 3793 digitum
571 3715 609 3777 ed
632 3724 732 3777 uestro
754 3723 887 3792 tempore
908 3713 1057 3787 intendet,
1086 3712 1124 3773 ud
1147 3712 1227 3790 quod
1249 3717 1339 3775 ueteri
1361 3730 1421 3776 nou

60 3810 252 3878 respexerunt
275 3805 473 3864 immerentes.
663 3856 666 3860 ,

166 3888 237 3951 Vite
259 3893 388 3953 auctoris
403 3894 484 3968 operi
500 3889 740 3952 Germanicorum
756 3896 801 3948 est
815 3887 958 3965 prestre,
980 3904 1088 3964 genere
1102 3886 1212 3949 nobilis
1225 3887 1290 3961 init,
1310 3888 1422 3963 jurium

59 3974 227 4050 studiosus,
250 3976 354 4038 eeiiuit
376 3979 483 4040 multus
506 3978 640 4053 linguae,
663 3976 702 4036 ud
723 3976 861 4037 historiae
884 3975 1046 4038 conductus
1069 3977 1233 4053 principum
1255 3974 1420 4052 stipendiis
1538 4038 1547 4055 „
1590 3974 1599 3991 “

62 4062 157 4122 Notus
181 4063 287 4125 Cereio
311 4066 349 4125 V.
373 4065 604 4144 imperatore-⁵)

168 4305 191 4372 ⁶)
208 4309 280 4359 Libri
292 4315 343 4359 tres
362 4310 403 4358 Je.
417 4307 532 4359 Sleldent
552 4308 600 4368 ,de
617 4312 727 4375 quotuor
739 4305 844 4355 summis
856 4306 987 4370 imperils'¹
1007 4305 1111 4368 eeepiue
1126 4304 1187 4352 editi
1200 4309 1259 4353 eunt
1270 4298 1362 4354 reeulie
1375 4303 1424 4353 XV

62 4381 87 4425 et
99 4377 172 4433 xvt.
203 4378 288 4428 Editio
302 4379 477 4441 Lugdunensis
497 4393 543 4437 ,ex
557 4379 659 4427 oidelne
671 4376 847 4426 Eizerlrieue“
868 4372 949 4440 (enno
965 4372 1047 4439 1624)
1065 4375 1128 4423 heeo
1146 4374 1223 4423 hebet
1242 4374 1272 4422 de
1291 4375 1345 4423 rite
1357 4371 1423 4423 ster-

63 4447 136 4498 deni:
159 4449 306 4511 »decennem
326 4464 342 4497 e
359 4449 443 4514 petris
462 4447 607 4497 Sieidunum
626 4445 758 4512 (oppidulo
771 4445 913 4494 Julireeenel
926 4444 1067 4505 Schielden,
1087 4449 1139 4494 net.
1151 4456 1216 4494 enno
1232 4445 1311 4508 1506)
1330 4457 1422 4505 eogno-

63 4519 195 4584 mtnetum‚
214 4521 331 4569 Lutetiee
348 4521 422 4568 bonis
442 4517 583 4580 disciplinis
601 4517 730 4567 excultum
748 4517 848 4581 excepit
865 4517 1010 4575 Argentine,
1028 4516 1073 4562 ubi
1092 4515 1183 4574 dignus
1199 4515 1361 4576 eethebttue,
1382 4515 1423 4562 eui

62 4586 125 4636 lieet
134 4591 267 4653 peregrino
279 4603 318 4638 ros
336 4591 411 4653 longe
429 4589 534 4637 maximi
551 4590 673 4638 momenti
684 4585 857 4650 procurendee
870 4587 1092 4635 committerentur.
1124 4586 1212 4648 iteque
1224 4588 1277 4632 tum
1290 4585 1317 4632 in
1331 4583 1425 4644 rugire

63 4662 191 4709 cummuni
204 4661 408 4722 Proteetentinm,
426 4673 491 4723 qnue
503 4664 602 4717 recent,
620 4659 729 4719 nomine,
742 4657 895 4721 legationem
909 4656 980 4723 otpiit,
994 4660 1048 4703 tum
1061 4656 1136 4703 etiem
1148 4655 1264 4703 interfuit
1276 4654 1422 4705 Tridentino

64 4727 245 4792 eonciliebulo,
263 4731 375 4780 civitatis
392 4728 582 4789 Argentluensie
599 4730 711 4791 legetue3
730 4728 757 4774 in
777 4739 826 4789 quo
843 4729 952 4789 utroque
970 4737 1080 4790 munere,
1098 4726 1213 4788 quemvis
1231 4725 1424 4773 difficultatibus

62 4797 147 4866 pleno,
161 4798 237 4849 telem
250 4813 276 4850 ee
288 4801 424 4865 preeetitit,
435 4805 465 4848 ut
476 4812 591 4860 ruegrrem
602 4799 635 4847 eb
646 4799 687 4860 lle,
699 4810 716 4845 e
726 4797 819 4862 quibus
832 4795 923 4847 miens
935 4800 995 4857 eret,
1005 4793 1110 4847 leudem
1117 4797 1261 4860 reperierit
1279 4794 1330 4845 seo
1340 4799 1422 4843 eeter-
