3284 5520
222 325 287 395 786
572 325 605 381 ln
622 324 744 383 Sleidani
761 324 858 387 librum
875 326 910 385 da
927 332 1047 397 quatuor
1062 326 1228 385 Monarchiis

221 506 325 580 ficetis,
348 506 501 582 imperinm
515 504 612 566 Medis
627 503 775 565 ademtum
790 522 808 564 a
823 503 996 583 Babyloniis
1011 522 1183 582 recuperare
1197 505 1303 580 voluit,
1318 502 1432 565 Medus
1448 508 1478 562 et
1493 495 1573 582 ipsa)

221 592 308 653 Hunc
329 590 480 653 Ninivitas
502 590 539 655 de
562 591 680 652 auxiliis
702 593 826 665 adeunt,
855 594 983 653 secuturi
1004 596 1106 668 utique
1128 601 1227 671 partes
1250 595 1362 671 ipsius,
1387 593 1414 651 si
1438 607 1493 667 per
1514 607 1573 649 eum

220 688 321 740 contra
336 678 533 757 Babylonium
556 679 786 742 defenderentur.
824 678 868 739 Ex
883 680 976 740 altera
989 689 1072 759 parte
1087 680 1271 759 Babylonius
1285 680 1462 757 Euphratis,
1485 674 1574 753 Tigris

221 777 251 829 et
273 766 424 846 Hydaspis
447 768 563 828 accolas
585 776 678 827 armat
701 768 860 843 urbemque
882 764 1006 841 Ninum,
1029 771 1198 845 priusquam
1222 768 1352 829 Deieces
1375 764 1490 826 auxilia
1512 767 1574 823 mit·

221 862 313 927 teret,
345 866 508 932 expugnat,
537 852 641 915 exinde
665 857 783 914 obviarn
807 855 912 914 Deioci
934 873 1107 933 progressus
1130 858 1232 934 copias
1255 856 1320 932 ejus
1345 854 1446 914 fundit
1469 855 1574 929 ipsum-

221 960 278 1019 que
301 945 329 999 in
352 943 453 1019 lugam
473 943 591 1019 conjicit
606 960 682 1002 anno
701 950 750 1003 1⁶2.
773 944 855 1019 regni
870 943 924 1015 sui,
948 960 1025 1003 antro
1045 962 1082 1002 m.
1098 960 1124 1003 c.
1142 946 1225 1004 ³300
1247 952 1327 1022 inam
1344 940 1510 1001 Eusebiani
1524 957 1574 997 nn·

221 1032 292 1089 meri
313 1046 373 1089 non
392 1038 461 1089 sunt
476 1028 647 1110 certissimi),
670 1028 839 1090 Herodotus
862 1028 965 1090 eadem
988 1031 1047 1092 lere
1070 1030 1106 1091 de
1121 1030 1272 1104 Phanoria,
1296 1028 1361 1089 illio
1378 1030 1512 1102 Deionis,
1532 1044 1575 1087 re-

221 1124 330 1190 censet,
354 1134 471 1177 caesunr
495 1136 561 1177 cnm
584 1120 713 1179 exercitu
736 1116 773 1177 ad
795 1116 913 1177 Ninum.

324 1204 465 1264 Deiocem
488 1204 631 1265 Judithac
661 1204 736 1265 liber
764 1206 896 1265 nominat
919 1201 1094 1283 Arphaxad,
1127 1201 1278 1281 dignitatis
1301 1212 1334 1262 ut
1358 1204 1467 1279 opinor
1489 1218 1576 1261 roca·

220 1290 309 1367 bulo,
340 1300 374 1350 ut
395 1292 525 1364 Pharao,
550 1292 659 1365 Callia,
693 1290 850 1365 Sullanus,
883 1309 950 1351 nam
973 1294 1082 1370 primus
1106 1292 1294 1370 Assyriorum
1315 1308 1387 1369 rex,
1420 1308 1459 1350 ex
1482 1286 1576 1349 Media

221 1396 349 1455 qnoque,
373 1380 504 1439 Arbaces
528 1379 632 1439 dicitur
655 1390 684 1438 et
707 1379 825 1455 quidem
842 1380 984 1458 Astyagis
1003 1379 1061 1439 dux
1078 1383 1221 1441 exereitus
1236 1376 1407 1455 Harpagus,
1432 1395 1511 1455 quae
1525 1379 1576 1435 tria

222 1467 314 1526 uerba
336 1465 459 1527 eandem
483 1468 615 1526 obtinent
637 1469 760 1527 iormam
782 1467 939 1526 literarum.

324 1554 371 1614 Ab
394 1571 431 1615 ea
453 1556 577 1615 victoria
591 1552 772 1615 Nebulassar
795 1556 923 1614 animum
946 1551 983 1614 ad
1007 1562 1135 1615 veterem
1152 1550 1302 1634 Assyriaci
1326 1552 1413 1628 regni
1436 1549 1572 1628 amplitu-

221 1638 318 1700 dinem
348 1650 437 1717 atque
467 1638 542 1701 adeo
573 1639 611 1701 ad
640 1643 718 1702 orbis
741 1643 892 1721 imperium
915 1640 1025 1718 adjecit
1046 1644 1205 1718 statimque
1228 1641 1265 1700 ad
1289 1639 1448 1717 uolgatam
1470 1638 1573 1698 lamam

220 1729 274 1787 toti
292 1724 434 1788 occidenti
451 1728 628 1789 deditionem
643 1727 826 1789 attributum
841 1730 979 1805 imperat,
1002 1733 1118 1789 nemina
1133 1738 1230 1789 tamen
1246 1736 1306 1789 tam
1322 1727 1459 1788 insolens
1474 1735 1574 1803 postu·

219 1814 312 1874 latum
327 1814 507 1891 admittente,
523 1834 600 1876 anno
616 1815 708 1875 altero
725 1818 870 1893 ingentem
887 1824 1054 1877 contraeas
1070 1819 1228 1877 exercitum
1243 1815 1332 1889 ducit,
1349 1818 1379 1873 ri
1396 1824 1572 1887 extorsnrm,

218 1898 299 1978 quod
321 1904 487 1963 minianen
511 1911 633 1980 poterat.
679 1904 747 1962 Dux
778 1903 973 1980 expeditionis
995 1900 1170 1965 Holoiernes
1194 1902 1346 1983 Ciliciam,
1374 1900 1572 1973 Phoeniciam,

220 1988 344 2066 Syriam,
369 1988 549 2063 Idumaeam,
572 1990 772 2051 Palaestinam
794 1991 873 2053 felici
896 2008 1034 2051 successu
1057 1993 1183 2068 subegit,
1206 1990 1340 2050 adfines
1363 1986 1504 2050 Judaeae
1524 2006 1572 2049 aa·

220 2076 305 2135 cedit
352 2074 483 2155 (interea
505 2078 668 2157 cyaxares,
700 2078 773 2138 lusis
797 2080 944 2156 Assyriis,
973 2076 1081 2138 Ninum
1112 2077 1228 2139 obsidet
1258 2087 1288 2137 et
1310 2076 1443 2155 Scythae
1473 2093 1572 2153 anper·

221 2166 358 2239 veniunt,
380 2167 424 2224 sic
444 2167 562 2242 gemina
584 2165 667 2225 clade
683 2165 863 2225 Nabulassar
885 2165 989 2227 eodem
1012 2175 1142 2242 tempore
1166 2176 1290 2225 rexatus
1311 2165 1367 2224 luit
1389 2173 1421 2224 ct
1436 2162 1571 2236 domitus,

218 2260 252 2310 nt
273 2267 360 2327 porro
384 2248 568 2331 quiesceret.)
613 2252 683 2312 Erat
711 2269 746 2312 eo
769 2261 899 2331 tempore
922 2270 974 2330 per
995 2254 1072 2330 regis
1094 2252 1198 2313 Josiae
1220 2254 1377 2330 pueritiam
1401 2254 1484 2327 regni
1506 2268 1572 2329 pro·

218 2345 311 2398 tector
325 2336 494 2412 Hechelias,
519 2339 642 2399 Eliacim
666 2342 730 2399 sive
752 2336 882 2416 Jojacim
904 2340 1042 2401 sacerdos
1065 2357 1209 2401 consensu
1229 2338 1331 2418 populi
1346 2339 1470 2411 electus,
1492 2338 1572 2415 cnjus

219 2424 405 2503 prouidentia
419 2427 537 2500 iactum,
562 2439 594 2487 ut
610 2427 702 2487 hostis
718 2427 903 2504 intelligeret,
926 2436 1046 2506 paratos
1062 2445 1127 2489 esse
1142 2425 1275 2488 Judaeos
1292 2425 1405 2487 bellurn
1419 2424 1571 2486 defendere

216 2510 340 2572 illatum.
378 2512 444 2574 Hoc
467 2515 556 2591 igitur
578 2513 666 2574 modo
690 2516 788 2574 evenit
809 2513 970 2589 Hololemi,
995 2514 1074 2592 quod
1098 2515 1173 2575 libro
1200 2512 1305 2576 Judith
1332 2514 1452 2591 legitur,
1476 2522 1510 2573 nt
1532 2530 1570 2573 aa

220 2598 382 2661 amuliere
405 2609 587 2661 truncaretur
608 2610 697 2678 atque
721 2604 864 2662 exercitus
887 2602 1072 2663 dilaberetur.
1112 2602 1185 2663 Post
1208 2620 1283 2679 quae
1298 2599 1404 2662 Josias
1428 2617 1507 2660 anno
1523 2606 1571 2661 20.

217 2690 324 2748 aetatis
347 2689 441 2747 sactus
463 2690 544 2765 regni
568 2705 696 2765 compos,
719 2698 834 2765 gaium
857 2707 888 2749 sa
911 2690 1041 2750 ostendit
1063 2707 1133 2766 erga
1158 2690 1265 2771 Deum,
1290 2699 1321 2750 et
1344 2706 1413 2749 cum
1436 2695 1572 2767 speraret,

217 2792 249 2835 re
278 2773 335 2834 hoc
362 2792 459 2835 rerum
484 2782 562 2836 statu
590 2794 693 2854 paoem
716 2776 903 2853 aequissimis
926 2777 1143 2838 conditionibus
1166 2780 1407 2855 impetraturum,
1437 2779 1466 2835 in
1490 2774 1572 2837 tidem

216 2861 376 2940 Babylonii
398 2880 464 2923 seso
487 2859 575 2923 dedit.

322 2947 564 3023 Psammetichus,
589 2968 639 3010 rer
662 2948 800 3028 Aegypti,
823 2967 860 3009 ea
882 2958 1056 3028 tempestate
1079 2952 1205 3010 Azotum
1229 2948 1333 3028 Syriae
1357 2950 1462 3011 urbem
1484 2950 1573 3028 perti·

216 3038 373 3097 nacissime
396 3054 448 3113 per
469 3045 546 3096 totos
571 3044 610 3097 20
635 3056 728 3097 annos
751 3037 882 3111 obsidet,
912 3057 1001 3114 quam
1029 3037 1146 3098 tandem
1170 3040 1256 3114 cepit.
1303 3036 1439 3114 Cumque
1461 3036 1571 3098 dicatur

217 3125 325 3200 aliquis
348 3122 581 3184 Psammetichus
603 3125 720 3202 Scythis
742 3127 771 3183 in
794 3123 880 3203 Syria
894 3124 1046 3185 Palestina
1068 3128 1227 3185 occurrisse
1250 3141 1360 3201 cosque
1385 3127 1524 3202 precihus
1546 3135 1572 3184 et

216 3211 385 3271 muneribus
409 3212 585 3285 cohibuisse,
610 3212 766 3272 verisimile
786 3221 838 3284 est,
862 3222 929 3290 post
944 3231 1043 3272 eornm
1059 3213 1220 3289 digressum
1238 3215 1371 3289 coepisse
1388 3213 1570 3274 obsidionem

219 3299 316 3370 Anoti,
341 3303 540 3359 continuatam
556 3319 574 3358 a
588 3299 677 3361 Nece.
715 3300 748 3359 Ei
772 3307 886 3359 mortuo
910 3319 937 3361 a.
955 3305 1038 3361 3328
1063 3318 1140 3361 anno
1164 3317 1222 3360 uno
1245 3308 1313 3377 post
1329 3300 1475 3361 Deiecem
1498 3300 1570 3360 lilius

218 3382 349 3446 succedit
371 3386 476 3461 Necus,
502 3387 604 3446 Deioci
627 3386 784 3447 Phraortes
808 3388 836 3444 in
859 3386 968 3449 Media.

322 3474 392 3531 Erat
407 3493 443 3534 ea
457 3482 630 3551 tempestate
646 3492 754 3551 magna
770 3475 898 3552 Aegypti
912 3478 1053 3553 potentia,
1069 3473 1144 3535 adeo
1162 3473 1288 3551 quidem,
1310 3483 1343 3534 ut
1358 3492 1429 3533 eum
1444 3474 1506 3535 Jer.
1524 3480 1569 3534 46.

217 3575 282 3616 cum
313 3558 480 3638 Babylonio
512 3572 668 3639 comparet.
716 3562 873 3622 Successor
904 3565 1003 3638 itaque
1025 3562 1232 3622 Psammetichi
1254 3562 1352 3621 Necus
1384 3564 1470 3621 initio
1494 3564 1570 3639 regni

217 3643 254 3705 ad
285 3648 431 3707 mirabilia
455 3667 613 3709 conuersus
636 3667 726 3725 opera
747 3652 872 3726 primum
893 3649 1003 3709 lessam
1026 3651 1064 3708 ab
1088 3650 1189 3725 Aegeo
1212 3652 1285 3709 mari
1308 3651 1337 3707 in
1360 3646 1456 3710 Rubri
1479 3653 1570 3708 sinum

214 3731 375 3793 Arabicum
399 3734 509 3795 dictum
532 3736 636 3796 ducere
660 3739 794 3796 instituit.
832 3734 912 3810 Post,
937 3736 1055 3797 oraculo
1079 3737 1242 3811 deterritus,
1266 3738 1492 3812 navigationem
1514 3739 1570 3813 pri·

217 3837 281 3878 mus
304 3824 433 3881 omnium
455 3826 582 3884 institnit
605 3826 710 3883 circum
735 3840 849 3884 omnem
873 3825 1010 3884 Africam.
1057 3823 1193 3900 Denique
1220 3826 1381 3901 potentiam
1412 3843 1498 3883 suam
1521 3824 1569 3883 de-

214 3917 427 3969 monstraturus
452 3915 558 3971 extcris
582 3911 754 3987 hostemque
777 3929 920 3988 quaerens
940 3911 1060 3989 dignum
1075 3929 1131 3971 sna
1145 3911 1356 3988 magnitudine,
1381 3914 1447 3973 sire
1463 3913 1569 3971 ulturus

215 3994 422 4056 contumeliam
453 4016 511 4058 non
543 4003 583 4058 ita
613 3999 723 4076 pridem
751 4000 862 4058 illatam
886 4002 963 4076 patri
985 4017 1039 4059 suo
1062 4018 1080 4059 a
1102 4000 1319 4073 Nabulassare,
1353 4015 1422 4057 cum
1447 4001 1569 4059 exercitu

214 4082 277 4142 abit
299 4085 327 4140 in
346 4082 534 4146 Chaldaeam.
573 4084 683 4157 Josias,
707 4085 889 4147 ludaeorum
912 4104 970 4159 ren,
994 4087 1111 4162 cognito
1136 4086 1200 4161 ejus
1223 4085 1346 4146 consilio
1362 4103 1432 4145 cum
1447 4103 1485 4147 eo
1502 4096 1570 4146 tem·

213 4184 283 4245 pore
318 4174 488 4247 persisteret
518 4176 546 4231 in
577 4175 706 4233 amicitia
736 4173 893 4252 Babylonii
920 4191 1033 4250 suaque
1062 4174 1172 4250 pietate
1203 4183 1233 4232 et
1262 4173 1408 4250 maj0rum
1434 4170 1570 4250 exemplis

212 4256 324 4331 fideret,
351 4259 518 4338 Aegyptum
543 4262 665 4320 transitu
689 4260 843 4338 prohibere
866 4264 987 4335 statuit,
1011 4260 1063 4321 sed
1081 4264 1176 4320 victus
1192 4262 1221 4318 in
1237 4258 1398 4338 Maggedo,
1422 4262 1570 4339 imperium

215 4361 280 4403 cnm
305 4347 367 4405 vita
390 4349 495 4407 amisit.
542 4346 676 4407 Meminit
697 4348 786 4425 hujus
809 4364 925 4426 pugnae
948 4348 1118 4409 Herodotus
1141 4346 1191 4407 lib.
1217 4357 1245 4409 2.
1270 4347 1425 4427 additque,
1448 4350 1570 4426 potitum

213 4430 327 4491 Netum
350 4432 516 4509 posthanc
539 4436 691 4495 victoriam
716 4434 830 4514 Cadyti,
854 4453 978 4511 magnae
1001 4436 1104 4514 Syriae
1127 4434 1209 4497 urbe.
1239 4433 1321 4517 (Puit
1335 4434 1466 4511 Pharao,
1492 4448 1523 4497 nt
1544 4445 1570 4495 et

211 4516 314 4596 Syriae
337 4538 435 4596 reges,
471 4531 501 4584 et
524 4523 643 4582 ultimus
665 4522 848 4583 Nabulassar
877 4524 904 4580 in
928 4522 1076 4583 Reblatha
1098 4524 1127 4580 in
1151 4531 1228 4583 terra
1251 4521 1360 4595 Emah,
1394 4525 1470 4585 sorte
1493 4524 1569 4599 regia

211 4608 302 4664 totius
325 4605 455 4690 Syriae).
503 4610 546 4669 Ex
575 4627 610 4670 eo
641 4607 763 4685 colligo,
799 4629 835 4671 ea
869 4610 1053 4686 expeditione
1088 4611 1155 4688 plus
1183 4626 1242 4671 non
1270 4612 1361 4671 inisse
1389 4615 1570 4689 praestitum.

211 4690 290 4752 Satis
313 4711 342 4755 n.
366 4696 420 4754 luit
444 4695 645 4770 Nebulassari,
668 4697 741 4756 fines
763 4715 833 4757 suos
857 4699 885 4755 in
909 4716 1047 4774 praesens
1071 4700 1113 4757 ita
1135 4696 1303 4771 defendere,
1328 4705 1362 4758 ut
1383 4698 1485 4761 Necus
1508 4699 1570 4759 diu·

210 4782 351 4842 turnitate
373 4780 527 4861 frangatur
550 4785 728 4861 domumque
751 4786 844 4847 redire
866 4793 997 4863 cogatur.
1036 4783 1110 4845 Cum
1133 4784 1222 4865 igitur
1243 4786 1345 4847 rtatim
1365 4796 1439 4864 post
1453 4794 1569 4851 mosten
