3284 5520
149 325 214 397 276
647 324 792 397 appendix
809 325 1021 397 Hyperaspistis.

149 505 348 582 trajectoriam
375 512 492 566 rectam.
536 505 575 564 Et
603 522 672 566 vero
698 507 776 564 nosti
806 503 901 582 legem
931 503 1173 582 philosophandi,
1203 503 1337 569 Platoni,
1353 507 1507 585 probatam

148 595 252 668 unice,
284 591 322 664 εἰς
344 589 374 654 ἑν
395 617 443 654 και
465 590 511 653 e'ar
533 596 646 665 πολλα,
676 614 780 654 torreor
803 600 895 654 διωκω
918 598 1093 667 accomoda,
1120 588 1178 668 μετ’
1204 591 1292 673 ι’χνιον
1313 587 1392 657 dara
1413 599 1506 657 deora.

251 678 375 740 Sarsi:
399 698 478 756 quae
500 680 583 741 nobis
606 681 757 741 catholicis
779 682 868 740 nulla
890 683 1011 740 ratione
1031 684 1265 756 permittuntur.

254 766 493 845 Kepplerus:
516 767 644 829 Pravam
668 768 716 828 vel
739 768 904 845 querelam,
927 771 953 826 si
976 776 1070 841 recte,
1094 767 1143 828 vel
1165 771 1348 842 servitutem,
1371 770 1397 827 si
1421 768 1508 829 male.

148 854 287 914 Miseram
318 859 376 915 imo
408 854 605 915 conditionem
634 873 729 916 rerum
752 859 874 932 tempori
898 855 1111 930 subjectarum,
1143 873 1217 930 quae
1240 855 1355 915 divellit
1378 858 1455 916 inter
1476 873 1508 916 se

149 942 337 1003 cohaerentia
359 945 535 1019 penitusque
559 952 693 1003 connata.
731 942 806 1002 Nem
831 943 975 1002 catholico
999 953 1076 1003 ccrte
1092 943 1263 1020 Copernico,
1287 961 1353 1003 cum
1369 943 1409 1003 ad
1424 943 1505 1003 Pau·

150 1029 211 1089 lum
226 1030 283 1090 111.
308 1032 454 1104 scriberet,
478 1030 617 1107 mihique,
641 1049 706 1091 cum
730 1049 807 1090 anno
826 1036 918 1090 11104.
942 1039 971 1091 01
997 1036 1089 1091 1605.
1114 1033 1251 1103 imitarer,
1275 1032 1365 1091 nulia
1388 1033 1509 1092 ratione

147 1118 415 1179 interdicebantur.
460 1117 518 1179 Sed
542 1119 647 1179 doecat
670 1137 752 1178 suam
776 1119 901 1178 Perillus
924 1120 1036 1195 mugire
1060 1119 1177 1180 bovem.
1222 1119 1260 1179 Et
1281 1120 1339 1178 nisi
1361 1137 1410 1180 me
1432 1118 1508 1179 lallit

148 1208 242 1264 omnis
271 1207 454 1282 conjectura,
484 1206 621 1267 formidat
651 1205 743 1266 Sileni
770 1206 910 1279 frontem,
944 1224 1031 1282 quam
1063 1209 1157 1283 pinxit
1190 1207 1256 1285 ipsa
1283 1207 1375 1267 minio
1406 1208 1508 1283 inepta

148 1293 243 1370 Aegle
267 1296 305 1365 (s.
329 1315 350 1351 s.
369 1315 394 1363 p.
416 1297 489 1366 158).

252 1378 371 1439 Sarsi:
403 1380 470 1457 Epo
499 1384 594 1457 ipitur
623 1383 797 1456 opinionem
824 1380 926 1454 illam,
960 1398 1055 1456 quam
1081 1382 1131 1457 pie
1153 1398 1190 1439 aa
1211 1386 1316 1439 sancte
1339 1382 1422 1439 teceri
1444 1396 1508 1440 non

146 1467 255 1541 liceret,
277 1485 335 1544 pro
356 1469 446 1527 nulla
468 1467 640 1528 habendam
662 1467 823 1528 deseram.

250 1553 492 1633 Kepplerns:
516 1554 589 1627 Mihi
612 1573 650 1615 nc
667 1555 767 1628 libeat,
792 1554 870 1631 quod
884 1556 949 1631 jurc
965 1570 1023 1613 non
1039 1552 1116 1627 licet,
1139 1571 1196 1612 neu
1213 1555 1374 1630 contingat,
1399 1560 1433 1613 ut
1449 1570 1507 1617 uon

146 1641 273 1701 babeam
295 1661 347 1720 pro
372 1642 463 1718 nullo,
487 1642 565 1720 quod
590 1642 695 1702 ducam
717 1642 885 1703 babendum
907 1660 959 1719 pro
982 1641 1073 1702 nullo.
1111 1640 1180 1700 'libi
1203 1659 1272 1702 vero
1286 1639 1378 1716 Sarsi,
1402 1644 1427 1701 si
1449 1658 1508 1718 qua

145 1728 262 1788 videtur
284 1730 380 1790 inesse
403 1733 584 1791 concinnitas
606 1732 636 1788 in
660 1731 826 1806 trajectoria
849 1738 936 1803 recta,
961 1746 1051 1789 causa
1073 1727 1155 1787 nulla
1170 1735 1225 1802 est,
1248 1732 1319 1806 quin
1342 1746 1379 1788 ea
1402 1730 1507 1789 fruaris

146 1819 235 1877 etiam
259 1818 288 1875 in
311 1825 471 1894 systemate
493 1818 644 1896 Tychonis
666 1816 789 1878 luxatili.
829 1816 915 1893 Quod
939 1820 1016 1876 enim
1038 1835 1058 1877 s
1079 1832 1125 1876 me
1148 1816 1223 1875 inita
1246 1826 1299 1891 est,
1323 1824 1353 1876 te
1377 1832 1507 1890 censore,

146 1904 314 1980 trajectoria
336 1912 416 1964 recta
437 1913 519 1964 motu
542 1905 664 1979 Terrae,
695 1906 797 1965 lulciot
824 1922 887 1964 eam
915 1921 1008 1980 aeque
1031 1904 1150 1963 firmiter
1172 1902 1275 1982 Tycha
1300 1912 1384 1963 motu
1407 1912 1507 1982 syste-

144 1994 254 2050 matieo
278 1994 532 2066 concomitantiae,
556 1995 606 2068 qui
629 1995 723 2069 rapiat
745 1995 838 2070 ipsam
862 1995 950 2052 etiam
972 1992 1169 2067 traJectoriam
1192 1993 1384 2067 rectilineum,
1408 1994 1435 2049 si
1461 1993 1507 2051 cui

147 2077 185 2137 ad
209 2080 266 2137 ista
290 2078 434 2139 credenda
456 2081 544 2140 robur
567 2087 597 2139 ct
619 2098 670 2141 aes
693 2080 795 2158 triplex
820 2080 895 2139 circa
909 2086 1021 2156 pectus.
1058 2077 1135 2139 Vide
1151 2078 1368 2139 conclusionem
1386 2077 1506 2158 Hyper·

145 2166 265 2243 aspistis
288 2175 317 2225 et
340 2165 378 2226 ad
401 2166 452 2226 lib.
475 2167 516 2228 11.
540 2184 604 2245 esp.
628 2171 679 2227 20.
702 2185 781 2227 num.
806 2171 857 2227 21.

250 2254 389 2313 Attamen
412 2254 527 2315 videtur
549 2272 676 2332 aequum
697 2254 847 2332 postulare
863 2253 1016 2315 Gelilnens
1039 2251 1081 2313 101
1097 2254 1153 2313 dir
1177 2261 1221 2327 at,
1244 2254 1326 2329 prod
1342 2271 1405 2331 pro
1418 2254 1506 2315 assito

143 2339 317 2400 habendum
338 2350 439 2419 putas,
463 2343 600 2403 destruas
622 2351 658 2403 ut
679 2343 861 2420 impossibile
879 2349 972 2418 utque
984 2342 1105 2419 salsitas
1121 2342 1233 2400 taliam
1244 2343 1505 2417 propositionem,

145 2447 225 2505 quae
246 2427 420 2490 declaratae
441 2437 514 2490 sunt
534 2449 710 2507 rcprrpaare
732 2430 847 2492 Sacrae
869 2430 1063 2507 Scripturas,
1087 2427 1324 2504 demonstretur,
1348 2432 1376 2488 si
1396 2436 1505 2504 potest,

145 2520 237 2576 etiam
260 2517 432 2577 rationibus
453 2519 660 2578 naturalibus.

251 2606 301 2663 12.
339 2603 482 2665 Revertor
505 2605 543 2665 ad
566 2605 747 2681 Galilaeum,
775 2608 827 2683 qui
848 2605 898 2663 101.
923 2606 972 2663 36.
996 2603 1130 2681 Tychoni
1154 2603 1257 2662 tribuit
1279 2603 1506 2678 aequivocatio·

144 2704 220 2763 nem,
245 2698 278 2749 nt
299 2691 439 2769 appellat,
463 2692 542 2770 quod
564 2710 617 2770 pro
640 2693 744 2755 eodem
766 2699 900 2769 usurpet,
924 2692 979 2751 sub
1002 2688 1110 2750 circulo
1133 2706 1239 2768 magno
1263 2688 1397 2749 incedere
1422 2697 1453 2749 et
1475 2692 1504 2747 ln

145 2774 288 2837 directum
303 2780 445 2840 incedere.
483 2781 605 2854 Dubito,
629 2784 739 2842 satisne
756 2798 904 2855 assequar,
923 2778 993 2856 quid
1008 2780 1119 2836 crimini
1135 2777 1227 2836 detur.
1265 2776 1355 2837 Nulla
1369 2774 1504 2855 Tyeboni

142 2864 199 2923 luit
230 2869 405 2939 necessitas,
444 2876 476 2927 ut
510 2867 632 2929 diceret:
671 2871 783 2942 omnia,
812 2876 888 2944 quas
921 2870 949 2924 in
983 2867 1124 2926 directum
1157 2863 1308 2938 incedant,
1339 2863 1436 2924 videri
1470 2881 1504 2925 ex

146 2953 281 3012 omnibus
303 2954 412 3015 Terrae
441 2954 514 3014 locis
543 2957 598 3015 sub
628 2956 732 3015 eodem
760 2953 867 3015 circulo
890 2971 1007 3030 magno.
1052 2952 1119 3011 Hoc
1142 2969 1212 3014 sana
1234 2952 1341 3012 laisum
1365 2958 1447 3012 esset
1469 2950 1504 3013 da

143 3039 189 3111 iis,
213 3043 264 3116 qui
287 3043 329 3101 sie
352 3041 490 3101 incedunt
514 3045 611 3103 vicina
634 3044 741 3104 'larris
786 3042 848 3102 Nee
868 3041 926 3100 hoc
948 3040 998 3101 ille
1021 3040 1124 3114 voluit,
1148 3058 1192 3112 es,
1217 3057 1293 3115 quae
1316 3039 1371 3099 sub
1394 3039 1504 3100 circulo

143 3143 249 3203 magno
274 3127 408 3188 incedere
431 3129 580 3204 videntur,
616 3149 682 3191 vere
710 3129 845 3190 circulari
867 3131 978 3189 moveri
1000 3136 1091 3189 motu.
1137 3125 1227 3187 Nulla
1249 3126 1305 3186 hoc
1326 3128 1504 3187 necessitate

144 3211 401 3275 demonstrationis
429 3220 512 3294 sequi
540 3218 627 3291 dixit,
657 3218 854 3295 conjecturam
883 3215 987 3277 saltem
1012 3214 1192 3295 probabilem
1215 3216 1349 3292 putavit,
1380 3217 1404 3275 si
1430 3213 1504 3275 illud

142 3301 190 3377 sit,
214 3309 244 3362 et
266 3302 322 3363 boo
345 3322 418 3363 esse.
463 3305 540 3365 Vide
564 3306 602 3364 ad
623 3307 676 3366 lib.
698 3306 723 3365 1.
748 3323 811 3383 cap.
836 3307 865 3364 4.

249 3397 298 3452 13.
337 3392 402 3451 Fol.
429 3393 479 3455 81.
502 3396 551 3452 88.
575 3392 678 3471 'l‘ycho
702 3393 865 3465 adducitur,
888 3391 1075 3452 subscribens
1097 3389 1260 3467 Haggeeio,
1285 3390 1501 3465 argumentanti

142 3479 302 3553 apuritate
325 3478 444 3539 luminis
467 3480 505 3539 ad
528 3479 723 3540 conditionem
747 3480 905 3540 coelestem
926 3478 1060 3540 lucentis.
1098 3477 1176 3538 Sane
1200 3479 1370 3554 quantisper
1392 3479 1424 3534 in
1446 3475 1502 3536 hae

143 3566 280 3640 opinione
297 3585 406 3640 sumus,
423 3568 520 3627 lumen
537 3570 666 3653 corporis
681 3586 745 3628 esse
760 3570 919 3645 proprium,
938 3568 1106 3644 conjectura
1121 3564 1278 3625 laudabilis
1294 3571 1346 3626 est.
1386 3561 1501 3638 Quodsi

141 3657 291 3726 patescat,
321 3653 418 3713 lumen
449 3655 520 3714 illud
542 3654 615 3714 nihil
638 3655 718 3714 aliud
741 3674 805 3715 esse
829 3672 917 3731 quam
940 3654 1253 3732 resplendesceutiam,
1286 3650 1430 3728 quicquid
1452 3668 1503 3731 per

142 3747 344 3814 argumentum
366 3742 423 3800 hoe
445 3743 499 3801 luit
522 3746 710 3820 acquisitum,
742 3741 772 3800 id
796 3744 926 3801 vindicat
948 3744 1005 3801 sibi
1028 3741 1097 3814 Sol,
1127 3748 1267 3816 tanquam
1298 3741 1363 3798 lons
1390 3742 1503 3817 primns

143 3828 238 3885 omnis
261 3827 555 3906 resplendesceutiae.
592 3831 657 3890 Non
682 3839 815 3891 versatur
836 3830 939 3908 'l'ycho
963 3833 992 3888 in
1008 3829 1112 3888 iisdem
1128 3846 1192 3888 curn
1209 3826 1344 3887 Galilaeo
1361 3830 1503 3888 terminis.

143 3911 249 3990 Itaque
273 3919 332 3974 vim
355 3918 466 3993 patitur
488 3917 591 3995 Γ1310110
613 3919 664 3978 101.
691 3925 747 3992 90,
778 3918 847 3976 dum
869 3917 1023 3978 Galilaeus
1046 3927 1075 3976 et
1097 3914 1228 3988 Sarsius,
1260 3914 1406 3974 luctantes
1429 3917 1503 3975 inter

142 4018 183 4076 se,
206 4002 263 4061 sibi
286 4003 458 4081 'Pythonem
482 4005 659 4082 compellunt
683 4008 775 4065 crines
798 4023 869 4064 suos
893 4005 1086 4066 commodare.

249 4093 298 4151 14.
330 4090 426 4167 Quam
448 4093 499 4153 sol.
518 4101 589 4154 111.
613 4092 766 4154 Galilaeae
789 4094 885 4169 rejicit
905 4093 1196 4171 argumentationem,
1220 4086 1257 4150 e'a
1270 4088 1423 4168 Tychonis
1442 4094 1500 4149 est:

139 4174 236 4235 nullos
260 4195 324 4238 esse
349 4180 492 4241 coelestes
516 4183 601 4242 orbes
623 4181 833 4258 superficiebus
857 4181 1024 4254 distinctos,
1056 4197 1092 4240 eo
1120 4178 1199 4255 quod
1223 4176 1322 4237 nullae
1345 4178 1405 4236 sint
1427 4174 1501 4235 stel-

138 4263 233 4329 larum
255 4266 461 4344 retractiones,
491 4271 547 4328 nisi
577 4277 690 4329 tantum
718 4268 879 4328 minutulas
903 4271 979 4329 circa
1001 4271 1097 4345 ipsum
1120 4267 1313 4326 horizontem.
1360 4263 1501 4341 Perpere-

137 4351 288 4414 diculares
309 4355 459 4431 sphaeris,
484 4358 579 4432 inquit
601 4357 770 4432 Galilaeus,
792 4361 977 4434 perueniant
998 4356 1041 4415 ad
1067 4356 1194 4415 Terram
1216 4353 1308 4428 radii,
1331 4349 1501 4429 perpendi·

138 4441 256 4499 celares
278 4460 347 4503 rero
368 4462 433 4504 non
454 4446 682 4522 resrirspurrtur.
720 4444 761 4503 At
783 4462 800 4503 0
825 4443 967 4519 Galilaea,
991 4447 1017 4503 si
1032 4451 1100 4503 sunt
1116 4443 1210 4515 orbes,
1236 4448 1351 4517 oportet
1365 4456 1417 4499 eos
1433 4451 1498 4494 csse

138 4532 323 4591 eceentricos.
362 4530 442 4591 Nulli
464 4534 554 4609 igitur
576 4534 606 4591 in
629 4533 749 4594 Terram
772 4534 893 4592 veniunt
912 4531 986 4592 radii
1001 4530 1256 4608 perpendiculares
1271 4524 1415 4600 sphaeris,
1442 4523 1499 4581 nisi

137 4625 250 4676 tentum
274 4621 304 4676 in
326 4636 459 4697 apogaeo
484 4627 512 4680 et
534 4623 682 4698 perigaeo.
720 4619 811 4680 Valet
833 4622 920 4697 igitur
943 4628 1155 4697 argumentum,
1179 4626 1208 4677 te
1232 4629 1290 4672 non
1315 4613 1421 4689 invito,
1446 4612 1499 4689 qui

138 4710 169 4765 at
190 4705 252 4782 ipss
274 4706 386 4766 solidos
408 4725 499 4784 negas
523 4708 608 4768 orbes
629 4708 680 4768 iol.
708 4714 778 4767 129.

245 4793 294 4855 15.
332 4795 469 4875 Inprimis
497 4795 639 4859 adversus
660 4795 870 4874 Hyperaspisti
891 4811 957 4857 meo
980 4794 1182 4856 videturesse
1205 4787 1288 4850 locus
1310 4786 1382 4850 lolio
1407 4784 1499 4851 (iali-
