3284 5520
553 326 555 331 ·
615 306 621 311 ’
664 312 836 371 Prooemium
854 310 984 371 Editoris.
1434 320 1499 388 311

141 499 170 555 et
197 498 233 555 ni
261 486 381 555 omino
409 493 545 554 existimo
573 490 657 555 nulia
686 492 747 554 alia
775 495 839 568 via,
875 495 932 554 nisi
955 492 1138 555 derivatione
1161 513 1197 556 ex
1219 496 1312 558 iorma
1334 498 1500 579 Neperiena

138 584 245 661 prima,
270 588 304 642 ut
318 597 374 659 ego
387 580 437 642 bie
450 582 516 657 ieci,
538 583 653 660 possint
670 584 823 643 constitui:
847 581 934 643 valde
950 582 1067 658 haereo,
1092 583 1162 662 quid
1177 585 1216 643 ait
1230 586 1300 645 milri
1316 587 1499 664 sequendum

139 670 167 728 in
190 666 402 748 Rudolpbinis.
439 668 478 730 Et
500 669 602 731 videor
623 671 809 746 acquiescere
833 669 938 730 debere
956 670 1020 747 jam
1044 673 1217 731 constitutis.
1256 672 1331 732 Nam
1354 691 1413 734 non
1436 680 1499 735 tota

139 754 399 835 Logaritbmorum
429 755 562 817 doctrina
600 765 645 817 est
675 756 746 815 mibi
780 759 808 814 in
838 759 1002 835 praeceptis
1034 756 1288 836 Rudolpbinarum
1325 764 1500 839 necessaria,

140 851 168 905 ct
191 845 260 921 ipsa
281 845 520 922 praeceptionum
543 843 762 920 singularitate,
792 861 843 922 per
864 863 896 905 so
919 846 1101 920 necessaria,
1124 854 1222 923 partes
1245 847 1500 926 Logaritbmoruur

141 931 329 1011 applicantur
359 933 455 1009 magis
486 930 700 1008 particulariter
730 930 902 1007 tolliturque
932 932 1083 991 fastidium
1114 937 1283 995 cautionum
1313 936 1500 997 Corsicarum

141 1027 173 1078 nt
189 1018 360 1096 plurimum.
397 1019 531 1079 'l'entebo
548 1025 655 1092 tamen,
679 1020 703 1078 si
727 1020 837 1095 possim
852 1018 1083 1096 Heptacosiada,
1107 1029 1220 1098 partem
1236 1022 1498 1100 Redolpbinamm,

142 1124 177 1169 ea
200 1107 263 1169 tais
283 1105 482 1184 Logaritbmis
504 1107 660 1167 reformare
683 1107 803 1166 minimo
827 1123 891 1167 cum
914 1106 1027 1169 labore.

247 1218 335 1282 Vale.
379 1220 497 1282 Dabam
519 1218 614 1280 Lincii
636 1218 674 1281 ad
696 1219 867 1281 Danubium
891 1222 920 1280 4.
945 1220 1018 1282 Dec.
1042 1221 1111 1280 anni
1136 1221 1230 1281 162³.

718 1330 827 1393 Excell.
851 1332 935 1394 Tuae

961 1434 1118 1497 Studiosus

1165 1524 1222 1586 Jo.
1247 1525 1454 1603 Keplerue,

1215 1610 1417 1663 Mathematicus.

244 1716 281 1779 P.
305 1714 336 1777 S.
382 1714 591 1794 premerides
614 1717 732 1777 omnino
755 1715 910 1791 continu03
939 1720 971 1774 at
992 1720 1157 1792 temporum
1180 1716 1350 1778 difficultate
1373 1721 1500 1779 circum-

144 1810 248 1867 ventus
277 1803 363 1864 edere
392 1820 450 1864 non
474 1821 603 1880 possum.
649 1802 683 1862 ln
707 1802 904 1880 Rudolpbinis
929 1801 1015 1863 video
1038 1813 1164 1880 portum.
1209 1804 1240 1864 Si
1266 1805 1375 1865 Caesar
1396 1824 1500 1883 pacem

144 1892 254 1957 babeat
274 1894 339 1969 (qui
362 1890 499 1968 equidem
522 1891 625 1968 lupum
647 1892 766 1951 auribus
789 1899 887 1951 tenere
912 1888 1041 1966 videtur)
1064 1891 1147 1951 brevi
1171 1892 1266 1952 lucem
1290 1892 1441 1953 videbunt.

246 2002 345 2063 Quibus
362 2002 493 2067 respondit
505 2003 624 2067 Briggius
641 2000 698 2051 loco
712 2003 837 2053 Giintheri
855 2016 919 2050 anuo
936 2004 1012 2068 1625,
1032 2005 1103 2064 cujus
1121 2004 1293 2067 responsionis
1306 2008 1426 2067 majorem
1439 2020 1498 2071 par-

143 2078 190 2123 tem
207 2073 385 2137 praemisimus
402 2070 455 2122 rol.
472 2072 507 2123 11.
525 2089 552 2137 p.
565 2074 617 2123 400
631 2087 650 2123 a.
671 2078 696 2121 et
713 2071 764 2124 vol.
783 2071 828 2122 iv.
848 2088 874 2136 p.
894 2075 945 2122 eos
965 2087 998 2124 as.
1035 2072 1107 2134 Quae
1126 2074 1175 2121 lruc
1192 2074 1327 2139 pertinent,
1346 2074 1409 2124 baec
1427 2083 1499 2125 eunt:

245 2170 361 2231 Literas
388 2177 473 2243 tuas,
509 2169 677 2229 clarissime
699 2168 844 2245 Kepiere.
877 2187 952 2244 qnae
980 2173 1075 2231 amico
1104 2189 1169 2230 meo
1201 2188 1314 2230 summo
1345 2172 1499 2234 lidmundo

143 2256 292 2331 Gentem,
325 2258 531 2317 Astronomiae
559 2258 587 2315 in
611 2256 743 2332 eollegio
767 2254 975 2316 Gresbamensi
996 2256 1157 2317 Professori
1189 2256 1358 2318 doctissimo
1382 2260 1499 2335 dedisti,

142 2346 345 2406 lubentissime
374 2347 494 2421 aspexi,
526 2343 605 2420 quod
634 2352 663 2404 et
685 2347 713 2401 in
738 2345 773 2402 iis
797 2346 981 2405 occasionem
1006 2346 1075 2403 milri
1100 2344 1199 2403 datam
1223 2345 1375 2421 videbam,
1408 2347 1446 2407 ad
1471 2356 1498 2407 te

143 2430 304 2506 scribendi,
338 2440 367 2492 et
396 2448 478 2507 spem
507 2432 629 2503 laetam,
660 2448 748 2508 posse
771 2430 820 2491 vel
843 2432 922 2492 bisce
945 2433 1126 2508 temporibus
1148 2432 1299 2491 turbarum
1321 2433 1498 2511 plenissimis

143 2537 223 2582 meas
254 2518 293 2579 ad
324 2525 353 2579 ie
380 2516 482 2578 literas
510 2519 638 2595 perlerri.
684 2518 721 2577 Et
751 2521 887 2594 quamvis
915 2518 982 2579 lites
1004 2523 1135 2579 forenses
1158 2519 1316 2578 admodum
1340 2519 1498 2598 defugiam,

145 2626 163 2667 a
190 2606 301 2684 quibua
331 2608 447 2665 animus
478 2623 560 2666 meus
591 2623 706 2681 semper
738 2609 865 2665 maxime
896 2607 1061 2677 abborruit,
1097 2613 1166 2665 tuae
1199 2616 1297 2666 tamen
1328 2610 1404 2669 istac
1432 2608 1500 2671 lites

143 2693 306 2767 literariae,
343 2710 420 2769 quae
450 2710 506 2751 non
537 2694 641 2753 victori
667 2692 777 2763 solum,
810 2693 862 2752 sed
891 2702 920 2752 et
950 2696 1028 2753 victo
1052 2696 1208 2769 ingenuam
1232 2712 1330 2754 secum
1353 2696 1448 2755 ierunt
1470 2703 1500 2758 et

144 2781 325 2860 voluptatem
354 2786 384 2839 et
414 2777 585 2852 utilitatem,
618 2779 707 2855 longe
729 2779 801 2838 mibi
824 2781 1007 2856 gratissimae
1030 2781 1157 2841 luerunt.
1202 2781 1236 2838 In
1260 2783 1367 2857 quibus
1390 2793 1423 2843 ut
1446 2785 1500 2843 tibi

143 2868 259 2929 lacilius
274 2876 305 2929 et
318 2867 435 2945 plenius
450 2867 659 2941 satisfacerem,
679 2866 785 2926 librum
801 2884 897 2927 meum
913 2867 948 2928 de
965 2867 1021 2928 boe
1037 2871 1101 2945 ipso
1117 2878 1289 2945 argumento
1305 2874 1499 2947 conscriptum

145 2954 180 3016 ad
207 2962 239 3016 te
267 2972 329 3015 nna
351 2971 418 3015 cnm
439 2953 487 3014 bis
508 2954 601 3015 literis
624 2954 796 3014 mittendum
820 2956 930 3013 censui.
976 2954 1067 3031 Cujus
1089 2957 1183 3033 prima
1205 2955 1305 3016 decem
1329 2960 1438 3034 capita,
1474 2962 1499 3018 si

145 3060 178 3103 ea
196 3040 298 3120 legere
321 3040 459 3119 dignatus
481 3042 584 3115 fueris,
613 3042 784 3116 ostendunt,
821 3050 849 3102 et
871 3060 959 3119 quem
980 3042 1100 3102 modum
1123 3050 1241 3104 secutus
1264 3045 1319 3102 sim
1343 3046 1371 3102 in
1395 3045 1499 3104 borum

144 3147 328 3192 numerorum
351 3131 539 3201 inventione,
566 3136 596 3188 et
618 3147 694 3205 quae
717 3146 763 3189 me
787 3146 876 3189 causa
899 3132 1011 3206 coegit,
1040 3130 1094 3190 bos
1117 3130 1308 3207 logeritbmos
1332 3131 1390 3191 iliis
1412 3149 1500 3210 prae·

144 3234 268 3295 ponere,
299 3233 375 3293 qnos
406 3216 593 3277 Clarissimus
619 3217 758 3277 Inventor
786 3219 867 3292 priua
899 3216 1087 3293 vulgaverat,
1123 3218 1208 3294 cujus
1237 3221 1408 3279 mutationis
1437 3222 1500 3297 ipse

143 3307 274 3383 inprimis
288 3311 375 3364 autor
390 3310 420 3363 et
433 3321 538 3363 suasor
552 3305 671 3365 exstitit.
708 3302 744 3363 In
761 3305 867 3378 quibus
884 3306 933 3363 vix
951 3321 1070 3380 possum
1094 3303 1184 3364 aliam
1199 3304 1315 3381 culpam
1329 3324 1500 3382 agnoscere,

143 3400 257 3469 praeter
277 3394 400 3451 nimiam
416 3390 607 3467 diligentiam,
631 3398 660 3449 et
675 3391 755 3466 quod
778 3393 850 3450 meis
865 3393 1010 3450 sumtibus
1032 3400 1127 3451 totum
1144 3409 1218 3468 opus
1241 3400 1270 3450 et
1285 3393 1500 3453 absolvendum

144 3488 171 3539 ei
197 3478 424 3556 imprimendum
456 3480 565 3538 curavi.
612 3475 725 3552 Quodsi
755 3478 828 3536 lorte
860 3480 1025 3552 existimes,
1062 3481 1111 3537 vix
1139 3496 1228 3555 posse
1258 3496 1394 3539 numeros
1424 3481 1500 3541 adeo

144 3569 301 3627 immensos
334 3568 409 3624 inter
438 3582 470 3625 se
501 3581 660 3641 congruere
689 3572 718 3625 et
747 3567 926 3639 consentire,
959 3568 1129 3641 praesertim
1158 3583 1223 3625 cum
1247 3583 1265 3625 a
1287 3568 1345 3626 tuis
1367 3567 1500 3627 nonnihil

143 3653 297 3716 maedant:
326 3651 447 3712 consule
476 3668 587 3728 quaeso
611 3660 701 3728 capnt
723 3653 802 3710 24⁰¹²¹
825 3661 854 3711 et
876 3653 922 3713 lac
943 3653 1105 3730 periculum
1129 3654 1158 3710 ln
1180 3653 1284 3712 borum
1307 3655 1421 3732 aliquo,
1452 3654 1500 3716 vel

144 3743 166 3801 ei
188 3747 279 3802 vacet
300 3757 383 3801 sume
406 3756 557 3800 nnmemm
580 3739 719 3815 aliquem,
743 3742 793 3815 qui
815 3738 912 3815 plures
935 3740 1026 3800 babet
1048 3739 1199 3814 divisores,
1223 3750 1295 3818 puta
1313 3742 1500 3802 Platonicum

144 3828 225 3889 illum
252 3828 284 3886 in
314 3829 416 3903 quinto
448 3825 485 3887 da
513 3827 628 3903 legibus
653 3826 755 3897 5040,
790 3826 838 3885 vel
868 3827 957 3886 elium
986 3827 1146 3902 quemlibet
1168 3847 1187 3887 a
1209 3828 1342 3906 pluribus
1373 3832 1500 3890 numeris

143 3917 241 3994 primia
270 3916 408 3976 cendone
437 3914 573 3989 laetum,
596 3922 629 3972 ut
654 3913 774 3985 18480,
806 3913 889 3988 cujus
917 3913 1062 3975 divisores
1092 3925 1161 3974 sunt
1184 3924 1267 3975 octo:
1298 3925 1327 3976 et
1350 3919 1376 3975 si
1407 3919 1500 3992 ipsius

144 4002 255 4063 dividui
284 4001 478 4078 logaritbmus
501 4000 645 4078 discrepet
674 4000 712 4058 ab
740 4009 899 4076 aggregato
921 4001 1162 4078 legaritbmorum
1186 4003 1321 4064 divisoris
1344 4004 1502 4079 cujuslibet

144 4099 169 4150 et
191 4090 292 4167 quoti,
327 4099 486 4165 antequam
514 4087 552 4146 ad
581 4087 714 4146 ultimam
742 4096 842 4146 notam
873 4087 1031 4148 deventum
1053 4091 1157 4164 luerit,
1187 4089 1295 4151 alicubi
1318 4108 1336 4148 a
1358 4109 1405 4151 me
1436 4089 1501 4150 cal·

144 4196 208 4254 pam
242 4174 401 4235 admissam
431 4191 590 4251 agnoscere
621 4191 679 4232 non
710 4174 865 4250 gravabor.
919 4176 1017 4252 Atque
1047 4177 1121 4237 baec
1153 4195 1204 4256 pro
1235 4197 1281 4239 me
1314 4180 1378 4255 ipso
1409 4181 1501 4237 meis-

144 4281 198 4341 que
230 4261 430 4339 Logaritbmis
464 4260 588 4322 dicenda
619 4261 719 4321 habui.
766 4261 800 4319 ln
830 4270 880 4321 tue
915 4270 1013 4322 autem
1048 4263 1115 4333 illo,
1139 4281 1226 4339 quem
1258 4281 1352 4342 nuper
1381 4263 1500 4324 edidisti

145 4351 178 4412 de
194 4349 405 4426 Logaritbmie,
426 4349 501 4409 libro
524 4366 654 4426 agnosco
670 4365 792 4407 acrrmen
816 4357 897 4407 tuum
913 4356 942 4408 et
963 4349 1052 4409 laudo
1068 4349 1257 4409 industriam:
1280 4351 1332 4411 sed
1355 4353 1379 4409 si
1402 4369 1500 4412 meum

144 4436 262 4499 nodum
285 4443 403 4497 secutus
426 4437 576 4497 Inventori
600 4435 809 4495 Mercbistonio
834 4436 1045 4509 auscultaseea,
1078 4437 1183 4497 melina
1213 4438 1410 4499 consuluisses
1433 4456 1501 4498 mea

147 4529 282 4604 opinione
305 4541 406 4584 eorum
430 4523 606 4597 commodis,
631 4523 680 4599 qui
704 4520 960 4597 Logariibmornm
984 4540 1038 4582 usn
1061 4523 1250 4584 delectantur.
1296 4525 1330 4583 In
1353 4543 1420 4586 meo
1441 4530 1500 4586 isto

147 4611 227 4687 libro,
251 4627 339 4687 quem
364 4611 402 4671 ad
425 4619 453 4671 te
474 4614 567 4687 mitto,
591 4608 736 4687 quaedam
758 4609 859 4681 babes,
883 4627 960 4686 quae
983 4619 1015 4669 ut
1036 4613 1172 4673 existimo
1196 4615 1245 4672 vix
1267 4613 1339 4674 alibi
1360 4615 1498 4695 reperies.

251 4698 359 4766 Reliqua
376 4697 493 4763 leguntur
509 4698 573 4749 loeis
591 4710 666 4765 snpra
684 4696 777 4745 altatis.

693 4850 953 4873 -n-n———q
