3284 5520
145 343 211 413 724
772 341 871 396 Sirena

145 524 266 599 quinam
288 520 336 579 hic
358 521 521 595 ingressus,
545 522 596 598 qui
618 521 733 600 exitus,
755 535 832 595 quae
855 519 1020 594 angustiae,
1044 534 1121 593 quae
1143 519 1224 580 lucta
1247 523 1279 579 in
1302 523 1511 598 patentissimis

145 612 221 669 atiris
250 605 383 684 eampis?
422 606 618 679 Concessero,
650 609 724 667 inter
754 605 916 666 cadendum
945 622 981 665 ex
1003 603 1065 664 alto
1087 624 1140 683 per
1163 608 1306 683 vapidum
1331 614 1432 670 a'e'rem
1452 609 1509 670 lieri

144 696 276 771 aliquam
300 694 338 755 ad
362 693 448 753 villos
463 697 679 771 appositionem
694 713 713 753 a
728 693 965 769 contingentibus
990 695 1158 769 vaporibus.
1196 696 1238 754 At
1253 712 1348 771 qnare
1364 715 1417 756 sex
1432 697 1509 776 locis,

146 782 296 860 quodnam
318 784 426 841 senarii
448 781 646 859 principium?
670 783 737 858 quia
761 778 938 857 capitellum,
962 788 1031 839 ante
1054 796 1143 855 quam
1167 781 1295 858 caderet,
1320 786 1352 842 in
1376 801 1428 844 sex
1449 783 1509 844 eih-

144 872 240 948 gtavit
263 886 372 929 cornua
394 867 523 945 frigida?
548 866 632 943 Quae
655 886 744 928 causa
767 877 898 928 statuens
921 869 951 924 in
974 866 1027 926 illa
1049 862 1203 945 superficie
1221 869 1368 947 jamjam
1383 870 1507 932 conden-

145 957 239 1017 sanda
261 973 312 1016 sex
334 964 452 1033 puncta,
476 955 615 1032 adquae
638 959 700 1017 seni
724 958 832 1016 eireum
855 953 929 1015 radii
954 954 1188 1015 connectantur?

251 1043 324 1102 Cum
347 1046 446 1119 itaque
470 1059 561 1102 causa
584 1052 718 1116 externa,
751 1045 859 1119 trigas,
883 1041 957 1101 haee
980 1041 1094 1103 eltieare
1117 1051 1261 1119 nequeat,
1285 1045 1434 1103 internam
1456 1043 1508 1103 ali-

144 1148 234 1208 quam
266 1148 331 1193 esse
360 1147 480 1190 neeesse
511 1138 556 1191 est
588 1135 764 1208 vaporisque
796 1129 844 1190 vei
873 1130 1010 1188 comitem
1041 1129 1088 1189 vel
1118 1129 1178 1190 alio
1206 1147 1398 1210 quocumque
1424 1131 1507 1192 mom

143 1234 301 1295 propriam.

250 1305 291 1363 ht
313 1303 388 1365 haec
409 1303 636 1380 perpendentem
660 1305 750 1363 subiit
773 1303 943 1375 admiratio,
967 1321 1018 1362 cur
1039 1302 1113 1363 radii
1136 1321 1195 1364 non
1217 1307 1320 1380 potius
1343 1307 1374 1364 in
1396 1322 1506 1366 omnem

147 1393 290 1452 ambitum
313 1392 497 1468 sphaericum
521 1391 736 1468 disponantur?
768 1391 827 1449 Cur
849 1393 874 1448 si
897 1392 1027 1451 internus
1050 1389 1129 1450 calor
1153 1401 1197 1450 est
1220 1391 1311 1468 hujus
1334 1394 1376 1453 rei
1399 1403 1507 1473 auctor,

144 1482 174 1537 in
196 1479 287 1556 plana
308 1478 511 1538 tantummodo
534 1478 686 1556 superficie
710 1486 854 1556 operatur,
878 1480 929 1553 qui
952 1478 1143 1555 undiquaque
1165 1479 1333 1555 aequaliter
1355 1497 1388 1541 se
1411 1480 1505 1555 habet,

144 1584 203 1626 uon
227 1583 296 1626 vero
320 1568 349 1622 in
372 1566 437 1626 sola
459 1565 548 1643 plana
571 1566 723 1642 superlicio
747 1567 865 1641 vaporis
889 1564 988 1624 inest?
1313 1590 1317 1596 ·

250 1653 329 1712 Dum
353 1656 382 1711 in
405 1653 451 1711 his
474 1654 569 1714 luctor
590 1652 847 1726 meditationibus,
872 1652 941 1710 dum
964 1654 1038 1711 ratio
1061 1651 1194 1728 postulat
1215 1652 1316 1712 radios
1341 1657 1371 1711 in
1394 1673 1506 1714 omnem

145 1741 286 1800 ambitum
312 1739 493 1814 distributos,
518 1740 627 1814 incidit,
652 1740 731 1816 quod
755 1740 829 1798 alias
852 1758 942 1817 saepe
966 1756 1030 1797 eum
1054 1739 1246 1798 admiratione
1267 1745 1414 1816 spectavi,
1438 1744 1505 1803 stel-

144 1827 222 1886 lulas
245 1827 414 1903 hujusmodi
437 1845 494 1886 non
517 1830 611 1904 primo
634 1830 733 1887 statim
756 1844 841 1887 casus
864 1836 1011 1885 momento
1034 1829 1124 1886 sterni
1145 1844 1233 1903 super
1255 1827 1429 1904 planitiem,
1458 1829 1504 1889 aed

145 1914 296 1992 particulis
318 1913 467 1972 nonnullis
490 1914 632 1974 sublimes
653 1916 755 1986 teneri,
779 1914 904 1991 denique
927 1915 1066 1990 temporis
1089 1930 1170 1972 mora
1193 1915 1348 1975 subsidere
1365 1918 1396 1974 in
1413 1916 1504 1994 plani-

118 2004 121 2009 '
144 2004 223 2060 tiam.
271 2001 311 2059 Er
336 2001 387 2061 illa
410 2003 641 2072 ratiocinatione,
667 2001 758 2060 veluti
781 2009 873 2076 patre,
897 2011 927 2060 et
947 2019 983 2061 ax
1004 2000 1060 2060 hac
1076 2003 1267 2077 experientia,
1285 2002 1387 2063 'veluti
1405 2012 1501 2077 maur,

144 2096 216 2148 nata
238 2096 282 2146 est
304 2087 375 2147 mihi
400 2091 498 2164 opinio
522 2091 587 2163 ista,
611 2088 744 2148 stellatas
768 2091 840 2146 istas
863 2091 937 2147 inter
960 2088 1121 2147 cadendum
1141 2091 1223 2147 trinis
1239 2098 1378 2149 constare
1397 2092 1503 2151 villosis

146 2175 303 2248 diametris,
329 2175 504 2235 decussatim
527 2177 564 2234 ad
589 2193 678 2234 unum
702 2184 842 2252 punctum
865 2177 1019 2253 coaptatis,
1043 2193 1095 2234 sex
1111 2179 1347 2236 extremitatibus
1364 2181 1394 2236 in
1410 2181 1503 2239 orbem

144 2261 309 2338 aequaliter
331 2261 502 2336 distributis,
527 2266 568 2322 ita
591 2272 623 2321 ut
645 2264 739 2322 tribus
761 2271 874 2322 tantum
892 2264 1004 2321 villosis
1020 2262 1109 2321 radiis
1124 2263 1263 2337 incidant,
1287 2264 1411 2340 reliquis
1429 2269 1503 2325 trinis

144 2350 207 2426 (qui
241 2358 309 2408 sunt
339 2350 527 2409 incidentium
559 2352 684 2429 oppositi
717 2353 746 2407 in
776 2350 878 2409 iisdem
904 2352 991 2409 rectis
1013 2346 1191 2427 diametris),
1222 2352 1251 2407 in
1276 2352 1399 2412 sublimi
1422 2360 1501 2426 stent,

144 2436 239 2496 donee
261 2436 344 2495 flexis
368 2438 412 2508 iis,
438 2438 544 2513 quibus
566 2437 684 2497 stellula
706 2438 912 2510 sustinebatur,
936 2436 1040 2512 reliqui
1057 2437 1357 2498 hactenussublimes
1380 2443 1411 2499 in
1437 2458 1502 2501 ean·

143 2523 209 2584 dem
231 2521 383 2599 planitiem
407 2541 472 2583 eum
495 2526 640 2601 prioribus
664 2524 842 2584 intermediis
864 2524 938 2582 locis
962 2523 1099 2584 defluant.

248 2609 346 2686 Hujus
377 2613 523 2688 opinionis
551 2614 611 2670 rim
639 2628 800 2688 prosequar
827 2628 879 2688 per
901 2619 1012 2686 totum,
1044 2620 1148 2688 postea
1172 2610 1289 2671 demum
1313 2631 1352 2672 an
1378 2631 1450 2674 vera
1470 2616 1503 2673 sit

142 2698 327 2771 examinabo,
350 2716 387 2757 ne
410 2698 542 2758 fortassis
565 2703 730 2777 importuna
754 2701 893 2758 vanitatis
917 2698 1044 2758 detectio
1067 2716 1113 2758 ma
1135 2697 1300 2774 prohibeat,
1326 2701 1409 2777 qnod
1424 2704 1501 2761 ineh-

142 2785 193 2858 tui,
218 2785 310 2844 rerba
332 2785 368 2845 de
391 2802 421 2844 re
444 2785 534 2844 Nihili
558 2788 662 2846 lacere.

246 2869 312 2931 Hoc
335 2874 423 2949 igitur
446 2875 475 2930 in
498 2890 588 2932 causa
611 2874 739 2949 positam
763 2881 835 2943 esto,
860 2888 1053 2947 quaeeunque
1075 2888 1166 2932 causa
1189 2875 1228 2931 sit
1250 2872 1359 2933 horum
1382 2893 1437 2935 sex
1458 2894 1500 2935 ra·

142 2957 264 3032 diorum,
288 2976 353 3018 eam
377 2959 506 3035 undique
530 2960 692 3036 aequaliter
714 2959 809 3018 tusam
833 2976 896 3017 esse
921 2961 948 3016 in
972 2976 1072 3017 omnes
1095 2959 1216 3035 plagas,
1241 2971 1273 3018 ut
1296 2963 1324 3019 si
1347 2963 1442 3040 trigas
1463 2973 1502 3024 est

142 3061 231 3104 causa
255 3063 355 3104 senum
379 3046 539 3119 radiorum,
570 3049 660 3121 trigas
685 3049 772 3122 igitur
794 3046 926 3120 singulas
950 3049 1067 3123 vaporis
1090 3047 1291 3122 portiunculas
1317 3050 1500 3111 circumstare

141 3131 314 3211 aequaliter,
338 3144 388 3192 arrt
411 3135 584 3209 aequalibus
609 3143 685 3194 corte
710 3134 871 3192 intervallis
895 3133 1033 3208 undique,
1056 3136 1100 3191 sin
1122 3133 1201 3192 calor
1216 3136 1360 3210 internus,
1386 3147 1417 3197 et
1432 3138 1500 3198 hunc

143 3221 171 3277 in
195 3237 296 3278 omnes
319 3221 460 3296 sphaerae
483 3223 587 3298 plagas
611 3241 646 3280 ex
671 3238 728 3278 uno
754 3229 782 3280 ct
805 3221 907 3278 eodem
932 3230 1029 3279 centro
1054 3224 1174 3296 operari.

247 3307 287 3364 At
309 3310 351 3367 sic
374 3308 502 3366 nondum
528 3310 668 3380 discussa,
692 3309 742 3366 sod
767 3308 907 3388 translata
930 3316 975 3365 cst
989 3311 1134 3382 quaestio.
1173 3307 1248 3366 Nam
1264 3309 1400 3369 nondum
1417 3320 1500 3388 patet,

141 3410 230 3468 quare
262 3411 319 3451 nou
352 3397 479 3471 quinque
512 3397 557 3455 vel
588 3404 716 3473 septem,
749 3395 799 3452 sed
831 3397 947 3452 ornuino
976 3413 1027 3453 sex
1051 3395 1147 3453 villosi
1171 3395 1245 3453 radii
1270 3407 1448 3473 coaptentur
1470 3416 1498 3457 er

140 3481 244 3541 codem
267 3482 389 3541 centro?

243 3569 328 3626 Etsi
351 3587 475 3644 quaeras
500 3589 516 3626 a
540 3572 712 3643 geometris,
746 3586 872 3643 quanam
906 3572 933 3625 in
958 3568 1050 3644 figura
1074 3580 1130 3627 tres
1154 3569 1287 3628 diametri
1313 3589 1380 3631 sese
1406 3573 1499 3632 ortho-

142 3653 286 3730 gonaliter
309 3674 361 3714 seu
386 3660 413 3713 in
438 3660 529 3714 torma
553 3659 645 3713 crucis
670 3656 793 3731 duplicis
817 3659 845 3712 in
870 3656 971 3714 eodem
995 3665 1093 3714 centro
1117 3667 1229 3730 secent,
1255 3660 1279 3714 is
1303 3660 1498 3736 respondebit,

142 3742 171 3797 in
196 3742 349 3815 oeta'e'dro,
384 3746 521 3802 connexis
545 3743 661 3817 angellis
692 3746 844 3818 oppositis.
891 3742 1056 3801 Oetaodron
1081 3746 1157 3801 enim
1181 3743 1271 3803 habet
1294 3763 1347 3804 sex
1372 3748 1499 3822 angulos.

142 3827 239 3902 Quare
263 3831 352 3904 igitur
375 3830 414 3903 fit,
440 3838 471 3887 ut
495 3833 544 3887 uix
568 3833 642 3889 inter
662 3832 834 3900 cadendum,
859 3834 1028 3905 priusquam
1046 3832 1255 3906 complanetur,
1280 3835 1376 3892 trihus
1394 3836 1500 3894 villosis

140 3915 289 3974 diametris
324 3935 355 3975 se
389 3918 514 3975 invicem
550 3917 779 3989 orthogonaliter
812 3920 979 3976 secantibus
1015 3921 1144 3975 imitetur
1177 3920 1272 3994 ipsum
1303 3943 1337 3980 ro
1370 3927 1500 3982 caeteros

142 4003 284 4075 octaedri,
316 4012 350 4061 ut
377 4007 401 4062 si
430 4003 576 4062 radiorum
601 4013 730 4063 extrema
753 4007 852 4064 vicina
873 4007 960 4064 rectis
985 4005 1127 4063 duodenis
1151 4017 1325 4081 connectas,
1360 4012 1499 4087 integrum

140 4090 269 4148 octaedri
294 4107 399 4165 corpus
424 4093 689 4167 repracserrtassis‘l

244 4178 327 4249 Quae
358 4195 451 4237 causa
477 4180 579 4254 igitur,
611 4179 690 4254 quod
714 4182 741 4235 in
766 4179 901 4238 hostros
926 4179 1048 4238 villosos
1072 4179 1169 4238 radios
1191 4182 1290 4255 potius
1317 4181 1351 4240 fit
1375 4182 1500 4240 conden-

139 4267 224 4337 satio,
249 4283 337 4340 quam
362 4268 389 4322 in
413 4266 533 4341 globum
557 4266 725 4341 integrum?

243 4352 368 4410 Possum
393 4353 511 4428 quidem
536 4353 629 4411 dicere
653 4355 771 4411 modum
796 4371 894 4411 unum.
920 4371 978 4428 quo
995 4355 1053 4412 ista
1069 4353 1140 4412 liant
1154 4352 1299 4412 materiali
1317 4359 1499 4427 necessitate,

142 4438 193 4498 sed
218 4441 241 4496 is
266 4443 388 4497 assumit
412 4440 533 4515 aliquid,
558 4440 637 4514 quod
661 4459 773 4499 rursum
798 4440 864 4515 plus
880 4439 969 4499 habet
985 4440 1194 4514 admirationis,
1219 4458 1308 4515 quam
1325 4442 1383 4502 hoc
1401 4446 1499 4520 ipsum,

142 4525 221 4601 quod
242 4526 304 4601 jam
328 4535 390 4585 erat
414 4527 680 4586 demonstrantium.
720 4528 823 4585 Dicam
841 4537 946 4600 tamen,
971 4530 995 4585 si
1011 4528 1083 4586 torte
1104 4546 1140 4587 ex
1156 4532 1378 4603 comparatione
1395 4532 1499 4590 multo·

140 4631 203 4670 rum
229 4613 367 4672 salsorum
392 4614 524 4674 eliciatur
548 4617 664 4673 veritas.
713 4615 781 4673 iloto
805 4623 837 4673 ut
860 4632 961 4690 vapor,
987 4614 1105 4691 quando
1129 4617 1252 4690 primam
1275 4616 1371 4693 frigus
1395 4621 1501 4677 irruens

141 4702 288 4772 sentiscit,
314 4701 484 4776 coaguletur
507 4705 534 4758 in
559 4702 730 4779 sphaerulas
754 4711 850 4762 certae
874 4703 1056 4777 quantitatis.
1103 4701 1170 4760 Hoc
1193 4710 1238 4761 est
1261 4713 1500 4765 consentaneum.

137 4784 213 4845 Nam
238 4796 272 4846 ut
294 4789 322 4846 in
346 4806 425 4864 aqua
447 4797 532 4866 gutta
554 4792 705 4849 minimum
727 4789 860 4849 naturale
884 4797 930 4849 est
952 4788 988 4849 de
1013 4788 1113 4865 fluido,
1137 4798 1303 4867 propterea,
1329 4792 1411 4868 quod
1426 4809 1501 4870 aqua
