3284 5520
621 329 782 402 premeris
799 330 834 388 ad
852 345 952 388 anuum
972 330 1049 390 1825.
1449 342 1514 413 549

154 511 253 575 probat
271 510 428 571 Honoratus,
448 511 537 560 delude
556 512 657 560 disserit
675 510 706 559 de
723 511 906 561 semidiametro
920 512 1007 560 Lunae
1025 514 1050 559 et
1068 513 1179 575 umbrae,
1197 517 1222 563 et
1234 515 1319 566 Lunes
1332 516 1448 584 Solisque
1466 536 1512 585 pe-

155 581 266 644 raliaxi,
290 595 387 646 semper
410 585 478 630 stane
500 595 546 646 pro
566 580 674 646 lieplero
693 585 780 630 contra
798 582 978 646 Lansbergium
997 586 1022 630 et
1038 581 1215 644 Hortensium,
1238 587 1354 637 minusue
1371 605 1429 639 vero
1448 590 1514 641 Solis

154 652 301 714 paralluin
321 649 501 700 horizontalem
519 665 534 698 a
553 650 660 716 lieplero
678 650 804 716 proditam
823 651 848 701 1¹
865 653 892 701 iu
909 650 935 701 0‘
955 650 1006 703 15⁰
1023 650 1081 715 plus
1099 655 1192 706 minue.

266 740 445 804 Disputationc
464 741 525 806 vii,
552 743 578 788 iu
604 753 656 804 qua
673 738 804 788 Hortensii
829 738 949 801 ,crmlla“
977 740 1093 788 adversus
1112 739 1256 802 Tycbonem
1280 747 1440 796 revincuntur
1458 747 1513 813 (cir.

156 808 211 860 vol.
232 808 277 860 VI.
295 825 322 874 p.
343 809 421 876 111.),
440 812 529 859 iterum
550 810 662 858 defendit
680 810 829 858 Horroccius
849 809 992 876 lieplerum,
1010 811 1145 859 interulis
1164 812 1263 865 dicens:
1286 812 1434 882 Keplerum
1452 832 1514 885 pro·

152 882 229 939 xime
247 884 404 953 aggrederis
423 892 571 955 optasque,
598 893 628 941 ut
645 884 689 939 illc
706 884 735 938 in
753 883 886 940 vestibulo
907 885 1027 940 veritatis
1046 886 1210 943 constitutos
1230 890 1343 944 eandem
1361 908 1423 947 cum
1440 900 1514 950 vete-

152 963 233 1018 ribus
251 964 389 1032 ingressus
410 974 484 1022 esset
501 966 570 1020 viem
590 964 830 1021 adinveniendum
849 965 920 1020 Solis
939 964 1095 1021 distantiam
1115 973 1166 1022 etc.
1204 966 1340 1038 Keplerus
1362 978 1467 1029 tantum
1485 973 1513 1029 iu

152 1040 294 1097 vestibulo
314 1042 434 1099 veritatis
453 1044 637 1098 constitutus?
668 1043 798 1097 Miserum
816 1058 846 1098 re
865 1057 929 1096 vera
947 1042 1095 1112 homiuem,
1121 1062 1202 1115 quem
1220 1047 1249 1102 in
1267 1048 1349 1120 adyta
1366 1051 1514 1107 secretiora

153 1122 361 1177 Urauometriae
381 1130 487 1178 vestrae
504 1123 667 1176 intraturum
684 1127 857 1189 praematura
868 1127 954 1174 morte
965 1119 1137 1178 retinuerunt
1148 1121 1205 1180 iata
1217 1127 1366 1183 severiora!
1384 1128 1421 1184 At
1433 1130 1514 1184 crede

152 1200 222 1255 mihi
247 1200 391 1270 Hortensi,
416 1217 556 1268 nunquam
573 1200 709 1269 Kepierus
735 1200 763 1253 iu
790 1198 925 1254 vestibulo
942 1200 1064 1255 scutatis
1082 1202 1196 1269 mansit,
1222 1203 1275 1261 nisi
1292 1205 1363 1262 forte
1379 1213 1412 1261 ut
1428 1208 1515 1262 Laue-

152 1279 249 1349 bergio
272 1281 345 1336 iores
372 1281 498 1351 aperiret.
534 1279 609 1334 Nihil
633 1278 695 1333 novi
720 1277 812 1333 docuit
835 1278 1024 1333 Urauomctria
1046 1279 1223 1350 Lansborgii,
1250 1283 1324 1352 quod
1351 1299 1406 1339 non
1433 1284 1515 1340 luerit

151 1356 275 1427 Keplero
295 1367 459 1429 surreptum.
496 1358 675 1427 Praecipuum
699 1355 781 1424 hujus
800 1356 891 1423 operis
910 1354 1043 1411 emblema
1060 1364 1089 1412 et
1106 1357 1231 1427 gloriatio
1250 1368 1293 1417 est
1311 1360 1448 1426 ,definitio
1466 1376 1513 1431 pa·

151 1434 269 1491 rallaris
289 1437 393 1507 Solis¹‘;
417 1445 528 1508 praeter
551 1435 604 1489 hoc
622 1434 712 1489 omnia
730 1432 852 1503 vulgaria
870 1440 934 1489 eunt
953 1442 980 1490 et
997 1435 1100 1504 passim
1116 1437 1205 1494 obvia.
1242 1440 1279 1494 At
1297 1439 1331 1494 de
1350 1438 1401 1494 hac
1419 1439 1513 1510 singu-

151 1515 207 1570 lari
224 1515 381 1572 inventione
399 1517 439 1571 sic
458 1515 563 1570 exultat
580 1511 778 1580 Lausbergiue:
802 1510 862 1565 Hoc
887 1511 1049 1568 elementum
1074 1514 1108 1568 ab
1127 1514 1205 1571 nobis
1224 1517 1340 1586 primum
1358 1527 1401 1576 est
1418 1521 1512 1577 iuven-

150 1602 212 1650 tum
231 1603 283 1652 etc.
319 1595 356 1651 At
373 1596 501 1666 quoniam
519 1593 589 1649 tanti
607 1592 673 1648 iacit
691 1591 828 1645 inventum
846 1589 914 1644 adeo
932 1591 1115 1661 praeclarum,
1139 1608 1256 1662 aequum
1269 1597 1377 1669 Judico,
1395 1598 1513 1669 primum

151 1673 214 1740 qius
237 1673 379 1728 authorem
404 1673 497 1729 debita
521 1672 608 1742 gloria
631 1685 686 1724 uon
710 1666 840 1723 fraudari.
876 1668 930 1724 Est
952 1676 1042 1724 autem
1068 1668 1107 1739 is,
1134 1679 1350 1732 astronomorum
1375 1679 1512 1748 princepe,

150 1752 298 1821 Keplerus,
317 1753 371 1821 qui,
389 1750 454 1805 licet
471 1753 499 1805 in
518 1750 651 1806 vestibulo
667 1749 724 1816 jam
743 1747 779 1802 sit
797 1747 970 1816 constitutus,
989 1754 1080 1802 umen
1100 1750 1223 1807 trinnis
1234 1759 1298 1808 autc
1311 1755 1411 1810 editam
1425 1756 1511 1812 Lans-

151 1831 239 1900 bcrgii
259 1831 475 1887 Uranometriem
492 1831 545 1885 hoc
564 1832 703 1884 inventum
723 1827 791 1882 setis
809 1834 904 1897 aperte
922 1826 1023 1883 docuit.
1061 1829 1124 1894 (cir.
1143 1834 1194 1884 voi.
1213 1835 1258 1888 vi.
1275 1850 1302 1900 p.
1321 1834 1398 1903 498.)

258 1911 311 1965 Sed
330 1910 365 1965 ad
385 1918 414 1963 te
431 1908 514 1964 redeo
533 1906 672 1973 Hortensi,
692 1904 738 1973 qui
756 1920 851 1974 negas,
871 1904 1018 1974 Keplerum
1037 1905 1194 1963 diemntiam
1207 1924 1283 1964 suam
1296 1911 1366 1967 Solis
1378 1912 1511 1968 hacteuus

148 1988 357 2043 demonstrasse
377 1989 417 2056 (v.
436 2006 457 2043 s.
477 2006 502 2054 p.
522 1985 598 2052 545.)
613 2026 620 2039 .
634 2024 686 2039 ...
723 1983 776 2039 Ubi
795 1997 858 2038 vero
877 1987 925 2036 tua
942 1983 1030 2037 fides?
1055 1984 1166 2054 chleri
1185 1989 1383 2057 speculationes
1401 1993 1510 2046 harmo-

148 2066 235 2134 nicas,
255 2081 324 2136 quus
339 2071 370 2121 tu
388 2064 534 2119 sanitatem
553 2063 685 2134 appellas,
704 2077 793 2131 neque
806 2076 857 2133 ego
870 2062 949 2116 nimis
962 2062 1084 2133 aestimo,
1104 2080 1165 2118 cum
1177 2065 1268 2135 sciam,
1287 2083 1380 2124 eurum
1392 2068 1511 2140 pulchri-

146 2144 272 2199 tudinem
299 2160 358 2199 esse
386 2143 519 2199 duntaxat
545 2142 714 2198 arbitrariam
739 2140 896 2210 nullumque
923 2138 1031 2195 adferre
1057 2143 1294 2202 necessitudinem.
1331 2148 1427 2219 Neque
1451 2150 1511 2220 ipse

146 2221 288 2290 Keplerus
312 2223 384 2277 tenti
408 2238 455 2277 eas
478 2222 558 2290 iacit,
584 2229 686 2274 utnon
705 2224 811 2287 peteret
830 2218 864 2271 ab
883 2215 1118 2275 observationibus
1136 2219 1266 2291 suffragia
1285 2225 1413 2296 certiora,
1439 2241 1510 2297 quae

147 2312 311 2375 argumenta
329 2305 418 2360 miuus
437 2303 551 2360 candide
569 2300 722 2356 dissimules
742 2307 769 2354 et
786 2298 902 2354 lectores
919 2299 960 2353 vis
978 2300 1103 2368 credere,
1127 2308 1237 2371 praeter
1253 2304 1371 2361 incertus
1387 2307 1510 2376 spema-

146 2386 240 2439 ta'oaca
262 2381 331 2436 nihil
352 2382 468 2453 habere,
495 2399 548 2452 quo
572 2382 642 2436 Solis
665 2380 819 2450 parallaxiu
843 2379 1018 2436 demonstret.
1056 2382 1122 2436 Cum
1147 2383 1297 2439 canusiae
1320 2384 1509 2442 demonstrent

146 2459 362 2529 observationes,
381 2459 452 2517 Solis
470 2461 621 2532 parallaxiu
640 2459 717 2514 nulla
734 2465 794 2513 arte
812 2459 931 2512 humana
948 2458 1051 2529 percipi
1069 2475 1160 2530 posse,
1178 2477 1233 2516 nou
1250 2463 1318 2518 adeo
1337 2462 1510 2532 insignisset

144 2540 275 2609 aarum,
300 2546 331 2593 ut
352 2538 401 2594 tibi
424 2540 545 2605 ridetur,
570 2539 734 2608 conjecturis
761 2536 947 2608 probabilibus
972 2537 1040 2592 illud
1059 2541 1164 2611 venari,
1190 2543 1263 2611 quod
1280 2541 1448 2613 impossibile
1466 2551 1509 2598 est

144 2615 260 2670 aliunde
279 2618 419 2686 consequi.

557 2880 743 2984 preueris
769 2880 811 2960 ad
838 2904 956 2962 anuum
987 2881 1088 2964 1625.

254 3029 356 3088 Annus
379 3029 426 3089 hic
450 3033 531 3090 1625
556 3039 681 3107 quatuor
702 3031 791 3091 habet
814 3032 948 3111 eclipses,
971 3032 1084 3093 tSolis
1100 3032 1280 3110 totidemque
1295 3035 1407 3112 Lunae,
1428 3056 1504 3114 qna-

144 3135 212 3177 rum
235 3116 379 3177 calculum
403 3117 597 3192 consulemus,
622 3136 641 3179 a
662 3119 809 3179 solaribus
832 3119 1009 3196 incipiendo.

657 3228 696 3283 Ira
709 3230 812 3297 prima
1161 3230 1201 3286 Ia
1217 3232 1346 3288 meando.

143 3313 265 3381 Tempus
288 3313 405 3368 medium
424 3329 472 3369 seu
491 3314 633 3384 aequabile
650 3314 875 3382 Uraniburgicum

617 3385 644 3441 8.
663 3386 745 3441 Mart.
767 3385 795 3441 h.
816 3386 841 3441 8.
860 3384 957 3440 1‘3'o“
995 3428 1002 3442 .
1042 3430 1049 3442 .
1089 3386 1205 3457 i.Sept.
1226 3387 1254 3443 h.
1276 3388 1302 3443 9.
1320 3390 1362 3444 411
1381 3391 1433 3442 4ῑι”

142 3475 229 3522 Locus
241 3476 320 3522 centri
331 3472 374 3542 Θ,
387 3478 433 3524 sub
446 3489 497 3540 quo
509 3478 532 3523 Α
544 3478 571 3525 in
585 3477 654 3526 disco
664 3479 754 3526 Terrae
772 3478 820 3528 18ο
838 3475 881 3527 30’
901 3477 953 3527 15”
973 3483 1002 3536 )(
1045 3516 1233 3532 .....
1270 3479 1300 3529 9⁰
1320 3479 1362 3530 18¹
1380 3480 1433 3529 25¹¹
1452 3483 1485 3546 ¹¹?

145 3545 231 3592 Locus
249 3544 359 3606 uodi‘&
381 3551 450 3594 motu
468 3547 596 3611 aequabili
641 3586 648 3599 .
687 3587 694 3601 .
733 3587 739 3600 .
777 3550 821 3600 24.
846 3549 889 3598 39.
909 3551 943 3597 28
964 3554 992 3605 )(
1050 3587 1057 3602 .
1096 3587 1103 3600 .
1141 3587 1149 3602 .
1204 3550 1234 3612 Ω,
1256 3552 1298 3603 15.
1320 3552 1360 3602 18.
1381 3553 1467 3616 30111)

458 3614 579 3665 Reductlo
640 3657 647 3670 .
685 3658 692 3672 .
730 3654 736 3666 .
860 3623 882 3669 1.
903 3620 935 3669 st
955 3621 1004 3668 edd
1006 3657 1235 3672 ......
1335 3624 1359 3673 1.
1379 3624 1412 3671 34
1432 3623 1491 3674 aad.

142 3684 227 3733 Locus
246 3682 386 3733 cumbrae
410 3686 434 3748 J)
456 3687 482 3734 in
502 3686 579 3751 disco,
598 3691 734 3752 requisitus
784 3691 825 3741 18.
845 3691 887 3741 31.
907 3692 940 3739 52
962 3695 991 3747 )(
1050 3730 1056 3742 .
1096 3729 1102 3741 .
1139 3729 1146 3743 .
1185 3729 1191 3742 .
1231 3729 1236 3741 .
1273 3695 1297 3741 9.
1319 3694 1361 3744 19.
1381 3695 1414 3742 59
1434 3694 1467 3756 Ιψ

354 3755 434 3803 Arcus
452 3757 518 3804 inter
536 3763 620 3805 centra
680 3799 687 3813 .
726 3800 734 3815 ,
841 3761 882 3809 34.
921 3762 1011 3825 3sept
1014 3799 1232 3814 ......
1316 3765 1359 3817 32.
1379 3765 1413 3813 38
1425 3767 1500 3812 austr.

460 3827 693 3890 Ampliatus,AC,
732 3871 739 3885 ,
846 3832 888 3878 34.
907 3832 940 3880 31
1317 3835 1361 3885 33.
1398 3837 1414 3883 9

140 3892 255 3955 Tempus
273 3893 440 3943 anomalicum
458 3896 544 3943 Lunae
597 3937 604 3949 .
643 3899 666 3950 d.
687 3904 729 3952 11.
749 3901 774 3951 b.
794 3903 818 3950 5.
838 3902 880 3951 58.
901 3902 934 3949 52
998 3940 1005 3953 .
1044 3941 1050 3953 .
1089 3902 1139 3953 .‹l.
1161 3906 1187 3955 0.
1208 3903 1233 3954 b.
1255 3903 1296 3954 13.
1316 3906 1350 3953 54

140 3961 286 4012 Parallaxis
305 3965 341 4028 J),
360 3978 404 4013 esu
416 3966 599 4014 semidiameier
612 3969 684 4036 disci,
703 3971 755 4036 All,
774 3968 818 4017 Aa
838 3973 880 4021 63.
901 3973 934 4020 10
999 4008 1272 4023 .......
1315 3976 1359 4025 58.
1378 3975 1412 4023 23

351 4034 540 4083 semidiameter
558 4037 645 4086 Lunae
682 4080 688 4093 .
728 4079 734 4093 .
772 4078 779 4091 .
835 4042 931 4091 18.14
995 4079 1272 4095 .......
1316 4046 1358 4094 15.
1394 4044 1411 4092 0

441 4105 1411 4165 ,Solis....15.20.......1o.8

247 4172 364 4223 semissis
382 4176 520 4238 parsllnuis
539 4175 605 4225 Solis
852 4183 879 4233 0.
898 4184 933 4231 30

247 4242 439 4294 Semldirsmeter
456 4246 567 4307 luminis,
587 4261 630 4295 seu
649 4251 701 4315 AB,
719 4251 764 4299 ΑΕ
839 4252 935 4303 9514
1349 4290 1357 4305 .

335 4349 347 4373 „
454 4317 695 4383 psuumbrae,Bbl,
717 4319 883 4372 eviscere.
919 4325 935 4372 4
998 4358 1272 4375 .......
1315 4327 1358 4377 30.
1377 4325 1411 4374 38

335 4419 347 4442 „
455 4386 558 4433 umbrae
576 4387 693 4440 Lunae.
731 4429 738 4442 .
776 4429 782 4442 .
854 4394 880 4441 0.
900 4394 942 4444 54.
985 4395 1063 4442 Arcus
1082 4395 1108 4441 iu
1126 4390 1160 4461 Θ
1179 4394 1294 4442 residuus
1331 4397 1356 4447 0.
1393 4396 1410 4444 8

139 4456 178 4503 lix
198 4453 241 4503 Ac
259 4461 285 4503 et
303 4454 346 4504 AB
365 4452 465 4503 elicitur
483 4453 524 4504 Bo
541 4457 582 4504 uel
600 4455 641 4506 GE
686 4499 692 4513 .
730 4499 737 4512 .
776 4501 782 4514 .
838 4463 882 4514 88.
901 4465 935 4512 43
995 4497 1270 4516 .......
1311 4466 1355 4518 82.
1375 4465 1409 4515 38

137 4525 178 4573 lix
196 4524 241 4574 AO
260 4530 286 4573 et
303 4525 348 4574 Ali
366 4522 465 4574 elicitur
482 4524 526 4574 BC
542 4527 583 4574 sei
601 4526 638 4578 OS
690 4569 698 4584 .
736 4571 742 4584 .
781 4571 789 4584 .
842 4534 885 4584 52.
905 4535 940 4584 50
1000 4569 1273 4586 .......
1308 4538 1353 4588 48.
1391 4538 1409 4585 4

246 4595 370 4644 Horarius
394 4596 418 4658 1)
441 4609 514 4644 verus
550 4633 782 4656 ......
838 4604 881 4656 et.
899 4606 934 4654 26
994 4640 1269 4658 .......
1311 4608 1355 4657 29.
1373 4607 1407 4655 35

775 4713 782 4726 .
855 4676 882 4724 2.
900 4676 934 4725 30
1328 4679 1354 4729 2.
1374 4677 1408 4724 26
