3284 5520
145 326 209 395 198
634 324 771 395 habenis
789 324 999 396 Hyperttpistss

143 502 248 563 fuisset
277 504 306 559 in
332 501 461 563 secundo
489 510 620 579 tempore
647 505 785 579 repetite,
814 505 984 579 praesertim
1010 520 1124 577 earum,
1154 518 1230 579 quae
1251 501 1347 578 magis
1368 508 1499 576 arguunt

143 588 327 649 latitudinem
353 590 399 650 vel
422 590 666 669 declinationem,
695 589 786 649 nihilo
813 593 909 650 secius
936 590 992 650 hoc
1021 593 1116 667 ipsum
1144 591 1174 647 in
1198 589 1385 649 conclusione
1409 590 1500 648 luisse

143 679 296 737 exiturum.
334 677 410 737 Nam
433 680 521 738 etiam
546 695 581 737 ax
603 679 698 753 priore
721 676 841 754 capituli
857 676 1007 756 Tychonis
1029 677 1278 739 demonstratione
1297 677 1396 753 potuit
1410 693 1500 751 argu-

145 771 275 823 mentum
295 765 423 824 vicissim
447 783 465 823 a
488 763 651 824 latitudinis
673 764 815 841 parallari
840 761 1019 847 (latitudiuis
1042 782 1082 825 sc.
1105 785 1125 825 a
1146 767 1197 824 ria
1212 759 1361 844 comatae)
1386 762 1500 836 deduci,

143 854 169 911 si
191 856 321 927 tempore
345 854 501 928 posteriori
525 851 663 911 distantia
687 860 817 912 cometae
840 869 859 911 a
882 852 968 913 stella
991 851 1110 927 idonea,
1137 862 1170 911 ut
1192 869 1211 911 a
1234 853 1330 927 capita
1352 846 1500 928 Ophiuchi

143 946 230 1014 eapte
260 940 371 998 luisset.
418 938 553 997 Vidimus
584 941 660 998 enim
689 939 746 1014 ibi,
777 939 931 1015 supposita
962 939 1163 1016 magnitudine
1191 937 1377 1015 parallaxaos
1405 953 1502 1014 aeque

142 1025 245 1099 lunari,
268 1027 393 1086 existere
417 1024 608 1087 differentiam
631 1025 826 1103 parallaxium
841 1026 1005 1086 latitudinis
1020 1035 1153 1102 respectu
1170 1028 1237 1086 riae
1254 1031 1387 1085 cometae
1403 1026 1434 1084 θ’
1452 1023 1500 1084 9”.

249 1115 277 1172 6.
315 1112 356 1172 At
384 1130 461 1172 nunc
489 1113 694 1172 declinationis
721 1122 925 1188 argumentum
952 1131 1011 1174 non
1034 1131 1053 1172 a
1075 1113 1214 1172 distantia
1236 1129 1255 1171 a
1276 1111 1343 1170 liris
1366 1110 1500 1184 trahitur,

144 1201 200 1260 etsi
221 1201 381 1275 potuisset,
405 1201 457 1260 sed
481 1200 518 1258 ab
541 1198 712 1272 altitudine,
743 1199 830 1277 idque
853 1201 901 1260 val
924 1200 963 1260 ad
985 1200 1158 1262 imitandum
1180 1199 1450 1278 Regiomoutanum
1473 1207 1502 1258 et

142 1286 232 1359 alios,
260 1286 306 1346 vel
330 1288 400 1362 quia
422 1285 608 1345 altitudinum
632 1287 799 1346 observatio
813 1287 981 1363 'parabilior
1004 1289 1052 1348 rel
1074 1286 1238 1366 expeditior
1260 1285 1385 1345 habetur
1408 1281 1502 1366 (quae

144 1381 241 1433 tamen
272 1373 513 1433 sinc0aaimuiho
546 1377 756 1434 correctissimo
784 1374 993 1453 propemodum
1017 1384 1062 1436 est
1085 1370 1212 1455 inutilis)
1235 1373 1283 1433 rel
1307 1375 1379 1448 quia
1401 1372 1501 1449 parul-

142 1459 217 1519 laxis
246 1460 407 1521 altitudinis
439 1469 484 1520 est
511 1464 640 1522 maxima
669 1478 763 1536 coque
793 1460 831 1521 ad
862 1462 1042 1537 arguendum
1069 1461 1137 1539 plus
1158 1476 1247 1538 possa
1270 1467 1423 1533 censetur,
1454 1457 1503 1519 vel

142 1547 285 1622 denique,
317 1555 350 1606 nt
374 1548 543 1608 diversitate
567 1550 823 1608 instrumentorum
846 1557 877 1609 et
897 1549 1050 1610 modorum
1073 1545 1251 1610 observandi
1275 1545 1312 1606 de
1335 1546 1441 1607 eadem
1464 1545 1502 1607 ad

143 1634 255 1694 orbitae
279 1637 438 1695 cometicae
463 1634 539 1694 latus
564 1635 727 1695 deflexione
749 1642 897 1697 constaret
919 1643 1001 1697 tanto
1024 1638 1139 1697 certius.
1180 1632 1328 1710 Quicquid
1350 1634 1439 1710 hujus
1455 1635 1502 1707 eit,

141 1720 214 1780 illud
239 1720 333 1781 solum
357 1729 524 1794 teneamus,
557 1721 743 1783 altitudinem
765 1738 823 1782 non
845 1740 898 1798 per
919 1741 968 1796 se,
1000 1724 1053 1803 ssd
1075 1730 1221 1800 quatenus
1244 1719 1281 1780 da
1305 1720 1502 1781 declinatione

142 1807 190 1868 vel
214 1808 252 1867 ab
275 1816 435 1884 aequatore
459 1808 509 1867 vel
532 1827 550 1867 a
573 1810 682 1869 circulo
706 1817 837 1870 cometae
860 1817 1000 1883 testatur,
1025 1809 1152 1870 medium
1176 1807 1433 1868 demonstrationis
1455 1811 1503 1866 iu·

141 1894 224 1973 gredi
247 1898 411 1956 terminum.
452 1894 561 1970 Quales
585 1898 661 1954 enim
685 1896 855 1955 altitudines
877 1900 1043 1958 successiva
1065 1897 1222 1975 provenire
1242 1893 1369 1954 debeant
1383 1893 1420 1953 ad
1438 1895 1503 1970 ejus

139 1981 325 2061 parallaxeos
349 1983 543 2058 positionem,
568 1982 652 2044 alitcr
674 1984 759 2043 nobis
782 2000 841 2043 non
864 1986 1028 2058 innotescit,
1053 2001 1142 2061 quam
1164 2001 1201 2043 ex
1224 1982 1422 2057 applicatione
1444 1983 1503 2042 cir-

141 2069 199 2130 culi
221 2076 318 2128 motus
341 2068 446 2130 sideris
469 2071 587 2147 proprii.

245 2154 305 2216 Sed
328 2173 382 2216 nos
402 2158 466 2233 jam
490 2163 578 2233 caput
603 2159 651 2215 15.
675 2165 705 2217 ci
728 2175 764 2217 ex
786 2175 821 2217 eo
844 2157 1036 2216 Claramontii
1058 2157 1213 2215 instantias
1237 2157 1447 2220 examinemus.

248 2247 275 2302 1.
306 2243 406 2302 Prima
430 2251 475 2303 est
497 2245 695 2303 obscurissimi
717 2262 820 2304 sensus
843 2262 1024 2321 magnasque
1046 2244 1168 2304 effundit
1193 2243 1329 2302 tenebras
1348 2244 1401 2302 rei.
1442 2244 1502 2303 Ar-

141 2329 214 2407 guit,
237 2329 410 2407 'l'ychonem
433 2329 572 2391 adhibere
596 2333 740 2408 inprime
763 2330 876 2391 calculo
896 2334 977 2391 visas
996 2330 1166 2391 altitudines
1189 2328 1360 2406 prolixeque
1384 2332 1500 2406 probat,

139 2426 172 2476 ut
194 2417 282 2491 solet,
308 2421 424 2494 quoties
447 2416 648 2479 adversarium
672 2436 730 2478 non
753 2419 859 2493 habet,
884 2428 917 2479 ut
937 2419 1050 2479 scilicet
1073 2416 1186 2494 aliquid
1208 2419 1298 2477 etiam
1319 2433 1424 2493 agera,
1447 2435 1502 2479 nec

139 2521 242 2581 parum
264 2504 380 2564 sudoris
402 2504 571 2582 impendere
595 2504 737 2566 rideatur.

245 2594 275 2652 2.
307 2591 385 2667 Quid
401 2594 446 2651 vis
462 2594 515 2652 tihi
532 2592 653 2669 Scipio?
679 2591 859 2653 Altitudines
882 2595 911 2651 in
933 2593 1026 2669 pn'mo
1050 2591 1163 2651 calculo
1183 2598 1392 2668 computantur
1406 2593 1500 2667 visas,

140 2678 288 2739 asimutha
312 2682 389 2739 enim
411 2688 479 2739 sunt
501 2681 578 2753 visa,
601 2687 745 2741 testantur
759 2698 828 2757 ergo
844 2679 879 2740 de
897 2679 1140 2740 declinationibus
1155 2679 1237 2737 risis.
1276 2677 1501 2740 Declinationes

139 2765 196 2828 hae
218 2768 302 2827 visae
324 2769 477 2845 propiores
500 2776 569 2826 sunt
592 2768 644 2840 iis,
669 2785 742 2844 quas
766 2767 874 2844 aliquis
896 2785 932 2827 ex
956 2767 1120 2826 observatis
1141 2763 1347 2825 altitudinibus
1370 2764 1499 2842 eliceret,

139 2870 227 2929 quam
258 2853 327 2914 illas
354 2856 455 2927 visae,
488 2871 562 2930 quas
592 2853 751 2932 parallaxis
779 2854 874 2913 lunari
904 2854 1037 2930 aequalis
1064 2858 1327 2931 repracsentasset,
1359 2851 1437 2913 adeo
1467 2862 1501 2914 ut

141 2949 281 3018 utraeque
304 2947 492 3020 computatae
514 2948 593 3000 stent
615 2959 633 2999 a
656 2940 747 3001 latare
769 2941 873 3002 eodem
889 2942 1116 3000 observationis:
1140 2939 1223 3001 nulia
1246 2942 1333 3016 igitur
1354 2939 1501 3018 parallsri

138 3026 256 3087 luerunt
277 3029 476 3088 fermentatae.
515 3027 581 3086 Non
604 3027 701 3100 video,
726 3026 797 3104 quid
819 3045 855 3088 ex
878 3028 934 3088 hac
956 3029 1138 3088 confessione
1161 3029 1291 3088 visarmn
1310 3025 1501 3089 altitudinum

141 3115 271 3175 obtineat
293 3113 481 3175 adversarius
504 3113 543 3173 ad
566 3113 757 3190 quatiendum
780 3122 993 3192 argumentum.

247 3203 276 3261 3.
314 3201 356 3262 At
378 3203 461 3261 visae
483 3201 668 3276 altitudines,
701 3204 796 3279 inquit
817 3201 916 3281 Scipio
939 3202 989 3261 iol.
1014 3203 1095 3275 200,
1126 3218 1184 3261 non
1206 3200 1276 3261 sunt
1298 3217 1402 3276 verae,
1428 3203 1501 3279 quia

140 3293 223 3347 antra
244 3287 447 3350 meridianum.

245 3378 275 3438 4.
308 3377 384 3437 Dico
407 3376 460 3435 tibi
475 3374 585 3452 Scipio,
609 3392 663 3435 nec
686 3383 767 3436 extra
789 3374 981 3436 meridianum
1006 3374 1119 3435 differre
1143 3375 1372 3450 clamaveris,
1394 3375 1501 3451 paral-

139 3460 200 3521 laxi
223 3472 361 3540 peremta,
386 3480 440 3522 uec
460 3464 488 3519 in
505 3462 674 3536 meridiano,
698 3463 795 3538 quoad
812 3465 870 3521 vim
886 3462 974 3537 hujus
989 3465 1163 3539 argumenti,
1188 3461 1307 3523 easdem
1321 3479 1386 3522 esse
1402 3465 1500 3524 visam

141 3555 171 3607 et
193 3566 310 3625 varam,
333 3567 474 3610 concessa
495 3549 647 3626 parallaxi.
694 3548 871 3626 Quanquam
893 3549 950 3608 hoc
973 3549 1044 3608 nihil
1067 3553 1203 3622 interest,
1226 3566 1331 3626 negem
1353 3568 1391 3608 an
1415 3551 1499 3610 aidr-

140 3651 233 3695 mem:
256 3654 293 3696 ex
315 3639 389 3696 visis
412 3639 488 3698 enim
510 3636 641 3713 procedit
663 3638 876 3711 argumentatio
899 3635 937 3695 ad
959 3654 1053 3697 varas.

245 3724 273 3783 5.
310 3724 401 3783 Porro
433 3730 464 3785 et
489 3723 643 3784 ridiculum
671 3740 703 3783 se
727 3724 847 3801 praebat
868 3731 971 3784 auctor
993 3727 1023 3781 in
1046 3724 1309 3794 demonstratione,
1341 3723 1391 3781 Dii
1416 3725 1497 3798 boui,

140 3826 229 3885 quam
243 3812 419 3884 neccssaria,
442 3818 587 3871 cometam
609 3830 628 3871 a
650 3813 758 3871 vertice
780 3811 868 3886 longe
892 3811 1047 3870 distitisse:
1072 3810 1267 3886 Langrarius,
1290 3811 1394 3885 inquit,
1420 3810 1497 3871 Cas·

139 3897 208 3956 selis
230 3899 343 3958 invenit
366 3904 510 3958 cometam
531 3916 679 3975 nunquam
704 3900 805 3958 vertici
827 3898 1080 3975 appropinquasse
1096 3900 1216 3974 propius
1233 3894 1289 3957 46⁰
1305 3897 1365 3969 50‘,
1388 3896 1495 3974 Tycha

141 4000 210 4044 vero
234 3988 285 4058 ait,
310 3985 389 4044 illius
413 3985 635 4045 observationes
657 4002 676 4044 a
698 3987 759 4044 suia
783 3988 832 4043 vir
854 3985 988 4062 pauculis
1012 3984 1155 4061 scrupulis
1178 3983 1302 4046 differre.

245 4075 275 4132 6.
304 4071 362 4132 Hic
384 4073 409 4132 si
432 4072 501 4132 licet
524 4073 609 4132 nobis
631 4072 828 4150 imperfectam
852 4074 1012 4131 orationem
1027 4073 1179 4149 supplere:
1205 4071 1421 4149 Differentiam
1436 4076 1496 4131 sci-

139 4159 206 4218 licet
235 4160 436 4220 altitudinum
455 4160 523 4236 poli
544 4163 694 4219 minorent
717 4177 778 4219 cese
799 4159 857 4218 boc
878 4160 1026 4219 dbtontio
1050 4157 1107 4218 460
1131 4157 1191 4231 50‘,
1221 4159 1363 4221 ridebitur
1391 4167 1496 4219 auctor

140 4261 205 4305 eum
227 4253 310 4307 tanto
333 4246 498 4322 molimine,
522 4263 589 4306 nam
612 4248 678 4322 quis
701 4246 758 4305 hoc
780 4245 913 4306 nesciat?

246 4337 274 4392 7.
307 4333 339 4394 Si
362 4350 420 4393 non
442 4334 513 4395 licat
535 4336 576 4394 sic
600 4349 739 4393 excusare
758 4333 846 4409 hujus
860 4332 1043 4409 probationis
1058 4341 1194 4406 mentem,
1219 4330 1295 4392 idem
1311 4331 1494 4408 explodatur,

141 4424 175 4475 nt
196 4419 353 4480 surdaster.
400 4419 502 4498 Tycho
525 4423 601 4481 enim
625 4420 660 4480 de
684 4421 788 4481 effectu
812 4419 932 4492 calculi,
960 4437 997 4479 ex
1019 4423 1173 4496 utriusque
1195 4419 1252 4479 loci
1276 4421 1494 4479 observationi-

140 4505 195 4563 bus
219 4505 354 4580 deducti,
386 4514 510 4569 testatus
532 4517 590 4579 est,
619 4507 702 4567 illum
725 4511 797 4566 citra
821 4509 1013 4586 pauculorum
1034 4510 1210 4567 minutorum
1234 4505 1396 4567 dissensum
1421 4525 1494 4568 cou-

142 4593 254 4655 sistere.
301 4595 343 4654 rt
374 4593 444 4670 quid
475 4594 532 4654 hoc
559 4595 597 4655 ad
629 4595 850 4655 observationes
885 4597 964 4671 ipsas
988 4593 1142 4654 distantiae
1164 4603 1295 4654 comatae
1318 4613 1336 4654 a
1358 4597 1493 4656 vertice?

143 4695 213 4739 num
236 4689 389 4760 propterea
412 4683 499 4742 stiam
523 4684 604 4759 ipsae
627 4684 676 4740 rix
699 4680 833 4759 pauculis
856 4683 975 4743 minutis
997 4685 1070 4742 inter
1091 4700 1124 4742 se
1147 4682 1281 4740 distanti

248 4770 277 4833 8.
315 4767 460 4847 Quorsum
488 4787 558 4833 varo
587 4769 705 4837 undem
726 4777 858 4852 erumpat
880 4770 933 4830 tibi
957 4768 1135 4834 Claramonti
1157 4768 1208 4831 teli
1229 4770 1317 4849 hujus
1339 4772 1491 4849 impensi
