3284 5520
202 304 266 374 192
702 262 1070 373 rjeuouanypsmpnm

202 481 358 559 quatriduo
380 482 455 540 inter
480 482 528 540 15.
554 489 582 540 et
607 482 659 540 20.
672 481 849 542 Novembris
871 481 928 541 hoc
951 480 1115 557 adducitur,
1138 480 1245 543 densas
1265 482 1341 543 aem
1363 482 1562 545 obscuritates

202 578 332 631 cometae
356 575 507 646 aspectum
530 568 736 629 interclusisse.

309 657 337 716 6.
376 656 441 714 Non
466 672 597 730 omnem,
620 658 753 733 inquam,
784 673 844 715 non
867 655 1031 733 aequaliter
1052 674 1104 732 per
1127 663 1219 715 totum
1243 654 1449 731 quatriduum
1478 654 1564 715 addit

201 747 278 805 enim
302 747 330 801 in
355 745 495 819 vestigio,
527 753 642 803 noctem
669 750 716 803 18.
740 760 798 802 non
821 744 977 803 tenebroso
1001 754 1114 803 tanturn
1136 748 1218 816 adra,
1247 741 1301 802 sed
1322 742 1439 804 nebulis
1461 746 1563 814 etiam,

201 840 372 909 sequentem
399 837 448 889 19.
472 831 696 907 tempestatibus
728 841 880 890 ventorum
911 839 940 890 et
970 829 1138 907 pluviarum
1161 832 1267 890 acriter
1288 831 1493 892 saevientibus
1515 833 1563 889 iu-

201 921 323 979 lestatas
347 920 451 977 tuisse:
477 917 553 977 undc
576 919 724 994 intelligis,
749 919 884 977 noctibus
910 919 959 977 16.
987 922 1035 978 17.
1058 935 1154 995 neque
1178 916 1293 996 pluvias
1317 936 1412 994 neque
1436 917 1563 979 nebulas

202 1008 300 1081 luisse,
326 1024 360 1065 ac
383 1005 505 1084 proinde
528 1005 601 1064 nihil
624 1008 678 1065 ruisi
703 1007 889 1065 tenebrosum
912 1010 1019 1079 adrem,
1043 1004 1112 1065 dum
1135 1004 1279 1083 paulatim
1301 1007 1326 1065 is
1342 1009 1370 1063 in
1387 1007 1483 1066 nubes
1499 1008 1563 1067 eoi-

201 1104 245 1154 ret
274 1111 368 1170 eoque
393 1102 524 1153 cometae
548 1101 736 1172 conspectum
760 1093 870 1152 ultimis
893 1094 1078 1169 potissimum
1101 1091 1204 1153 diebus
1228 1092 1434 1169 interdianum,
1464 1096 1565 1154 mnus

201 1184 356 1259 prioribus.

309 1272 336 1327 7.
374 1266 423 1326 Sic
453 1266 488 1326 de
521 1269 571 1324 24.
602 1267 777 1328 Novembris
809 1266 866 1328 hec
895 1266 1063 1342 adducitur,
1094 1265 1205 1326 nullam
1236 1266 1383 1327 horisonti
1410 1267 1564 1347 'l'ychenis

202 1356 347 1417 affulsisse
369 1357 565 1415 serenitatem.

309 1444 338 1504 8.
377 1442 417 1501 At
438 1459 498 1501 non
521 1441 601 1516 dixit,
625 1443 742 1515 nimbis,
766 1450 799 1499 ut
821 1440 853 1500 ht
868 1440 924 1501 hoc
948 1443 1015 1501 anni
1032 1449 1175 1520 tempore,
1199 1443 1462 1503 transcurrentibus
1486 1461 1566 1503 nuu-

202 1548 307 1608 quam‚
338 1548 374 1589 ne
406 1537 553 1590 momento
586 1530 704 1606 quidem
735 1531 874 1604 temporis
902 1531 980 1588 visas
1008 1529 1099 1590 tuisse
1123 1528 1273 1591 dehiscere
1294 1530 1388 1590 nubas
1410 1530 1449 1590 ad
1472 1531 1564 1591 breve

202 1619 341 1696 temporis
363 1623 551 1676 momentum,
599 1617 659 1675 hut
681 1617 755 1676 forte
780 1615 1002 1689 Claramuntius,
1026 1614 1164 1693 loquendi
1189 1619 1339 1694 magister,
1365 1618 1486 1694 jubebit
1508 1635 1564 1679 nos

207 1709 390 1767 serenitatem
413 1704 554 1782 affulgere
577 1704 670 1777 lateri,
695 1722 760 1763 curn
784 1706 858 1761 inter
880 1705 996 1764 crebros
1019 1706 1146 1779 nimbos,
1170 1707 1266 1764 ventis
1281 1707 1419 1781 agitatus,
1441 1706 1481 1767 ad
1497 1724 1565 1766 mo-

203 1803 333 1855 mentnm
357 1797 492 1868 aperiunt
513 1809 546 1851 se
569 1792 689 1850 nubium
714 1790 888 1850 volumina?

308 1882 337 1939 9.
373 1878 412 1937 m
435 1896 485 1938 cur
508 1895 565 1936 non
588 1878 686 1938 retulit
700 1877 803 1955 Tycho
827 1880 855 1935 iu
880 1878 1064 1954 catalogum,
1079 1881 1105 1937 si
1128 1877 1200 1955 quid
1221 1878 1268 1938 his
1290 1879 1394 1939 diebus
1417 1880 1564 1940 observa-

203 1967 272 2025 vit?
296 1966 408 2025 curbis
424 1966 663 2025 excusationibus
686 1983 757 2024 usus
780 1965 918 2041 relinquit
940 1983 994 2025 nos
1017 1969 1045 2024 in
1070 1968 1217 2044 opinione,
1240 1966 1313 2026 nihil
1336 1969 1454 2027 omniuo
1471 1969 1564 2028 luime

202 2054 414 2114 observatum?
443 2052 557 2111 Dicam.

312 2142 360 2199 10.
398 2138 476 2214 Quia
498 2138 663 2198 foeculento
687 2142 753 2198 alive
775 2140 869 2199 multa
891 2140 1127 2199 observationem
1151 2142 1244 2218 ipsam
1268 2143 1499 2202 circumveniunt
1513 2144 1565 2200 in-

202 2227 367 2290 commoda.
406 2226 467 2287 Nec
490 2226 628 2302 relinquit
650 2227 787 2286 lectorem
810 2229 839 2284 in
862 2227 918 2287 hae
942 2228 1088 2303 opinione,
1112 2236 1265 2303 praeterea
1286 2229 1358 2288 nihil
1377 2246 1442 2289 esse
1457 2230 1565 2290 obser-

203 2324 313 2376 vatum.
350 2314 426 2374 Nam
450 2317 549 2374 statim
573 2317 602 2371 iu
626 2313 764 2391 catalogo
787 2316 915 2391 capitum
938 2317 1031 2390 primo
1054 2315 1145 2374 verbo
1169 2316 1325 2393 pollicetur
1339 2317 1566 2377 observationes

202 2412 325 2463 tentum
348 2405 496 2477 canores,
520 2410 550 2462 et
572 2400 622 2461 t'ul.
651 2409 677 2461 1.
703 2409 824 2461 tontum
848 2403 925 2475 illes,
950 2419 1027 2478 quus
1049 2410 1077 2460 et
1099 2402 1190 2463 radio
1212 2412 1240 2463 ct
1260 2412 1397 2465 scatente
1420 2399 1567 2485 (junctis)

203 2501 354 2551 assecutus
385 2492 432 2548 sit.
479 2489 641 2548 contemsit
672 2491 759 2565 igitur
788 2490 912 2548 furtivos
940 2491 1013 2548 istos
1036 2496 1168 2550 cometae
1191 2499 1379 2569 conspectus,
1410 2501 1443 2551 ut
1464 2493 1568 2551 minus

203 2590 306 2652 certos,
331 2584 485 2638 contentus
509 2577 677 2636 certissimis
700 2576 812 2636 dierum
834 2577 1093 2640 circumstantium.

311 2668 360 2724 11.
398 2665 439 2723 nt
461 2664 578 2737 dixeris,
601 2680 660 2722 non
685 2671 782 2723 tamen
805 2681 856 2723 cas
879 2666 1034 2724 contemsit
1056 2664 1216 2739 hac·vice,
1240 2664 1292 2726 sed
1314 2663 1473 2725 adhibuit?
1504 2662 1568 2723 Vi·

204 2752 288 2813 detur
311 2753 399 2828 igitur
422 2769 473 2811 eas
496 2753 614 2811 omnino
636 2752 667 2809 iu
691 2751 827 2829 catalogo
850 2753 954 2812 reterre
976 2750 1113 2813 defuisse.
1152 2751 1210 2812 Cur
1232 2755 1332 2813 omisit
1353 2752 1429 2835 illas,
1452 2751 1567 2828 quibus

203 2843 245 2899 uti
268 2838 444 2916 cogitabat?

310 2929 360 2986 li.
388 2926 504 3003 Regem
519 2942 591 3002 ego:
617 2941 668 2985 cur
689 2943 761 2986 usus
784 2933 829 2985 est
852 2927 897 2998 iis,
921 2943 995 3001 quas
1018 2927 1189 2987 meminerat
1212 2928 1337 2986 omissas
1353 2929 1382 2984 in
1398 2925 1567 3002 catalogo?

203 3014 261 3090 Qui
283 3031 404 3074 cansam
426 3014 503 3072 hanc
526 3011 641 3086 viderit,
665 3012 747 3072 illam
770 3030 829 3071 non
853 3014 1041 3088 ignoraverit.
1078 3013 1239 3073 Multorum
1259 3030 1402 3074 annorum
1416 3012 1491 3074 liber
1505 3020 1567 3085 est,

202 3107 301 3178 partes
324 3101 389 3178 ejus
411 3102 490 3179 typis
513 3098 679 3174 mandatae,
704 3107 736 3159 ut
759 3116 894 3175 quaeque
918 3102 1067 3176 conlecta3
1090 3119 1180 3178 saepe
1204 3105 1293 3162 etiam
1314 3102 1449 3174 relectae,
1471 3116 1567 3178 saepe

203 3190 267 3266 typi
290 3189 415 3265 repetiti,
440 3190 549 3264 quippe
573 3203 647 3263 quos
670 3189 700 3245 in
723 3195 869 3264 potestate
890 3187 1037 3263 habebat;
1061 3190 1239 3266 exemplaria
1262 3191 1372 3267 passim
1394 3187 1568 3264 imperiecta

203 3278 277 3335 inter
298 3283 483 3335 astronomos
507 3273 681 3335 Germaniae
705 3273 869 3334 distributa.
914 3274 980 3334 Non
1004 3276 1154 3352 cogitabat
1176 3278 1268 3350 initio,
1292 3294 1357 3336 cum
1381 3277 1519 3352 pagiuam
1536 3277 1567 3333 A

203 3363 251 3425 vel
269 3364 409 3423 scriberet
424 3362 472 3422 vel
496 3368 528 3422 ut
544 3361 659 3422 videtur
682 3361 845 3436 excuderet,
867 3362 913 3421 his
937 3365 1140 3423 incertioribus
1158 3365 1209 3422 uti.
1247 3363 1420 3440 Postquam,
1444 3362 1569 3437 cajani

205 3453 314 3529 scripta
344 3450 391 3510 vel
422 3467 546 3524 excusa,
579 3457 682 3508 nactus
704 3448 857 3508 Thaddaei
889 3459 918 3510 et
941 3449 1082 3510 Gammae
1112 3450 1243 3523 libellos,
1275 3450 1476 3510 incertioribus
1501 3448 1568 3509 illis

204 3534 288 3620 (cum
308 3554 368 3597 non
391 3537 513 3597 haberet
535 3537 625 3609 alias,
657 3554 730 3612 quas
755 3553 820 3594 cum
843 3535 945 3595 hurum
968 3545 1120 3597 auctorum
1143 3539 1398 3598 observationibus
1420 3531 1567 3617 sociaret)

203 3624 345 3686 utendum
375 3627 492 3697 statuit,
525 3642 584 3683 non
612 3633 674 3683 crat
702 3640 809 3702 operae
837 3627 962 3699 pretium
991 3625 1120 3685 lecturus
1144 3627 1173 3682 in
1196 3624 1384 3687 rescribenda
1406 3623 1454 3686 vel
1475 3640 1566 3683 recu-

203 3712 300 3771 denda
331 3714 439 3789 pagina
472 3713 585 3788 integra
616 3711 807 3788 pauculorum
836 3711 991 3770 verborum
1015 3729 1122 3784 causa,
1154 3712 1286 3774 sufficere
1309 3712 1448 3792 putabat,
1482 3712 1507 3770 si
1530 3730 1568 3772 se

204 3799 364 3877 explicaret
385 3800 496 3875 pagina
511 3799 557 3858 R:
579 3816 644 3859 non
665 3815 761 3874 usque
784 3799 859 3858 adeo
881 3816 1021 3858 screnum
1042 3800 1152 3876 sabam
1175 3799 1263 3859 fidem
1284 3803 1346 3860 suis
1363 3800 1459 3859 verbis
1473 3797 1566 3858 habi-

204 3896 266 3947 tum
290 3887 322 3944 iri
348 3888 486 3961 speravit,
510 3885 619 3944 nullius
641 3894 752 3944 tantam
776 3888 834 3946 oris
855 3886 1069 3946 immodestiam
1087 3889 1266 3947 existimavit
1280 3888 1417 3960 futuram,
1441 3886 1565 3963 quisibi

203 3975 269 4035 salsi
300 3975 408 4033 crtmen
438 3974 474 4050 (si
505 3973 562 4032 hoc
592 3975 620 4030 in
648 3974 772 4049 propriis
796 3977 991 4033 monumentis
1014 3976 1043 4032 in
1066 3991 1095 4033 re
1119 3977 1234 4052 privata
1255 3974 1353 4035 locum
1375 3972 1476 4050 habet)
1505 3974 1565 4032 im-

203 4069 330 4141 putaret
376 4061 518 4119 Facessat
549 4059 623 4120 hsec
651 4078 709 4119 non
738 4059 926 4138 philosophi,
957 4060 1007 4121 sed
1039 4062 1158 4122 tabulae
1186 4062 1309 4122 lorensis
1337 4063 1492 4135 instantia,
1524 4078 1565 4122 na

206 4148 390 4211 stomachum
411 4146 483 4205 mihi
506 4146 616 4206 dudum
639 4155 751 4207 motum
774 4166 790 4209 e
813 4148 1009 4208 fundamentis
1032 4149 1189 4211 convellat.
1232 4150 1406 4226 Loquentur
1427 4164 1483 4208 sus
1502 4146 1565 4209 tide

204 4237 444 4299 observationum
473 4233 553 4307 libri,
585 4236 609 4294 si
641 4235 758 4311 quando
787 4235 960 4312 prodierint,
992 4239 1018 4296 si
1047 4235 1135 4297 modo
1166 4239 1241 4298 istae
1268 4240 1396 4314 priorum
1419 4251 1564 4297 annorum

204 4334 271 4387 ante
297 4325 389 4383 1582.
414 4322 510 4383 adhuc
535 4336 699 4399 supersunt.

313 4412 362 4470 13.
400 4409 539 4470 Secunda
567 4412 706 4468 instantia
733 4410 784 4469 tol.
810 4411 881 4470 186,
909 4409 1094 4469 adversarius
1123 4410 1392 4487 comprobationem
1419 4410 1565 4471 observa·

204 4499 317 4557 tionum
332 4497 480 4576 Tychouis
504 4496 629 4556 assultat
652 4496 914 4572 deductioucmque
938 4515 974 4556 ex
998 4496 1100 4556 diebus
1124 4497 1373 4571 antecedentibus,
1398 4514 1474 4573 quse
1496 4500 1565 4559 vice

205 4587 333 4663 ipsarum
356 4586 595 4645 observationum
618 4583 656 4641 ad
680 4584 743 4644 dies
764 4587 906 4661 proprios,
929 4587 953 4643 si
975 4583 1030 4644 hae
1047 4583 1216 4658 defuissent,
1240 4602 1303 4645 esse
1317 4593 1442 4661 poterat.
1472 4585 1564 4660 Dicit,

206 4690 271 4732 eam
294 4674 378 4732 inniti
402 4674 565 4748 exquisitae
588 4670 770 4748 regularitati
793 4679 889 4731 motus
910 4679 940 4731 et
953 4672 1098 4749 perlectae
1115 4672 1216 4733 circuli
1230 4675 1329 4749 magni
1343 4675 1462 4749 speciei,
1485 4690 1565 4749 quae

205 4758 387 4821 mamantis
407 4762 465 4819 sint
487 4778 506 4820 a
527 4776 560 4820 se
582 4759 611 4817 in
634 4758 832 4838 superioribus
855 4775 967 4821 eversa.
