3284 5520
138 340 205 411 476
525 336 668 409 Epistolae
684 338 799 410 liepleri
808 336 988 410 ‘aliorumque
1004 344 1117 395 mutuae

244 518 480 580 Fundamentum
509 519 644 580 naturale
671 520 710 580 ad
738 520 815 581 hanc
843 522 1042 580 extensionem
1072 518 1148 579 radii
1178 518 1314 595 trigoniel
1346 518 1377 577 ln
1404 520 1491 595 ipsam

139 606 303 685 eclipticam
326 615 371 666 est
393 607 466 681 hoc,
498 608 569 685 quia
591 610 654 686 ipsa
678 608 813 687 ecliptica
835 616 881 669 cst
903 606 1022 684 quidam
1045 609 1130 683 quasi
1153 606 1279 666 circulus
1301 604 1430 665 stellaria
1451 605 1492 665 rel

139 694 227 754 stella
250 696 279 751 in
302 692 441 753 circulum
464 704 595 755 extensa.
641 696 684 755 lix
713 697 770 756 hoc
791 695 981 755 fundamento
1003 696 1150 771 sequitur,
1180 692 1311 767 stellam,
1343 710 1420 770 quae
1440 708 1493 751 non

140 791 184 842 cst
212 784 240 837 in
270 784 334 858 ipsa
361 780 497 858 ecliptica
524 784 834 860 perconjunctionem
857 782 904 842 vel
928 784 1159 860 oppositionem,
1188 780 1236 841 vel
1259 797 1320 839 non
1343 780 1430 857 dirigi
1452 778 1494 839 sel

141 886 259 929 causam
283 869 422 944 praehere
445 870 534 929 aliam
558 869 717 932 efficaciae.
762 870 794 930 Si
825 873 903 930 enim
932 879 977 930 cst
999 870 1102 928 eliicax
1125 868 1246 928 directio
1269 866 1394 941 stellae,
1425 883 1494 943 quac

140 956 230 1015 habet
252 955 448 1035 latitudinem,
471 964 532 1016 tum
556 967 671 1034 oportet
693 960 752 1015 vim
775 956 939 1036 apheticam
962 958 1058 1017 inesse
1081 959 1135 1015 toti
1158 954 1306 1013 latitudini
1331 954 1493 1027 horizontis,

141 1046 230 1103 etiam
261 1046 337 1101 intra
368 1046 504 1119 tropicos.
551 1044 673 1104 Ponitur
701 1044 818 1121 quidem
842 1046 904 1121 jam
933 1054 1020 1103 antea
1042 1060 1093 1121 pet
1115 1041 1234 1102 modum
1258 1040 1421 1118 dirigendi,
1449 1043 1494 1118 qui

140 1133 231 1190 utitur
255 1132 479 1190 ascensionibus
503 1131 647 1208 obliquis,
675 1135 721 1191 vis
750 1132 888 1210 aphetica
916 1133 946 1189 in
976 1138 1041 1190 tota
1070 1128 1263 1208 amplitudine
1285 1131 1398 1203 ortlra,
1428 1130 1494 1188 inter

139 1228 295 1293 utrumque
320 1220 461 1296 tropicum
485 1221 655 1296 intercepta.
693 1219 751 1279 Sed
775 1220 911 1298 planctae
929 1225 1093 1293 evagantur
1107 1225 1189 1277 extra
1203 1218 1345 1294 tropicos,
1368 1224 1402 1275 ut
1418 1215 1494 1275 Luna

140 1314 239 1383 potest
261 1305 369 1364 habere
392 1306 576 1365 latitudinem
599 1311 628 1365 in
646 1302 737 1387 0⁰ss
760 1306 1028 1385 septentrionalem,
1050 1308 1080 1362 in
1097 1302 1185 1385 ⁰⁰AE
1212 1303 1384 1377 australem,
1408 1306 1493 1361 utrin-

141 1409 199 1469 que
223 1386 312 1473 b¹l,⁰.
357 1392 404 1451 lta
431 1396 476 1451 vis
505 1394 642 1470 aphetica
668 1393 835 1453 extenditur
855 1393 933 1451 ultra
955 1392 1177 1470 amplitudinem
1199 1392 1325 1449 enisam
1348 1389 1493 1468 eclipticas

141 1478 295 1557 graduum.
333 1478 446 1554 Quodsi
471 1490 549 1540 totua
572 1480 692 1540 horizon
715 1482 804 1541 habet
826 1482 886 1540 vim
909 1480 1082 1557 apheticam,
1107 1496 1158 1538 cur
1172 1480 1261 1555 igitur
1274 1495 1334 1538 non
1350 1477 1494 1555 dirigtmm

139 1566 177 1627 ad
205 1570 300 1644 ipsam
328 1567 465 1645 planctae
495 1568 620 1643 alicujus
650 1568 747 1629 radios
771 1568 869 1643 (verbi
891 1571 994 1642 causa)
1025 1565 1146 1627 sextiles
1177 1582 1294 1639 omnes,
1328 1566 1395 1625 sire
1425 1567 1446 1623 li
1471 1566 1496 1623 in

141 1654 304 1733 eclipticum
328 1654 459 1713 incidant
480 1658 544 1715 sire
567 1656 655 1731 longe
677 1656 715 1715 ab
737 1656 789 1715 illa
811 1654 974 1716 recedant?
997 1653 1057 1714 Gur
1078 1662 1191 1713 tantam
1205 1652 1247 1712 illi
1263 1652 1423 1712 trihnlmus
1438 1652 1497 1712 cifi-

141 1744 269 1811 caciam,
300 1744 350 1817 qui
378 1741 480 1801 incidit
504 1744 532 1799 in
556 1742 746 1819 eclipticam?
780 1744 828 1802 An
849 1746 909 1802 vim
932 1742 1014 1801 radio
1038 1742 1175 1802 conciliat
1195 1741 1351 1818 ecliptica,
1381 1748 1414 1800 at
1437 1757 1501 1799 cor-

139 1831 203 1905 pori
231 1829 368 1905 planetae
396 1832 457 1887 vim
484 1845 542 1888 non
570 1831 723 1903 conciliat,
754 1848 820 1890 cum
843 1830 933 1889 distat
956 1846 1062 1905 corpua
1084 1829 1123 1888 ad
1145 1828 1316 1887 alterutrum
1341 1824 1506 1905 polorum?

140 1919 187 1974 An
210 1932 316 1990 corpus
338 1918 434 1993 ipsum
457 1926 517 1975 tam
540 1926 585 1976 est
608 1919 689 1991 lorte,
713 1925 746 1976 ut
768 1920 795 1976 ei
819 1934 876 1976 non
899 1920 937 1976 sit
957 1933 1032 1993 opus
1047 1916 1218 1992 adjumento
1233 1918 1272 1975 ab
1288 1915 1439 1992 ecliptica,
1463 1915 1509 1973 ob

139 2003 169 2061 id
191 2004 296 2081 ipsum,
320 2005 391 2078 quia
413 2020 519 2079 corpus
541 2020 600 2063 non
622 2004 743 2064 radius?
772 2003 850 2080 Quid
873 2007 962 2081 igitur
984 2006 1122 2080 opposito
1144 2002 1218 2061 liet?
1240 2000 1315 2079 Quis
1329 2001 1404 2061 huic
1419 1998 1515 2061 radio

138 2107 196 2149 non
220 2091 334 2167 corpori
358 2092 418 2148 vim
440 2090 591 2162 conciliat,
622 2094 669 2150 cui
691 2091 827 2168 ecliptica
848 2092 1005 2151 subvenire
1027 2107 1085 2149 non
1108 2089 1229 2167 potest?
1262 2090 1309 2148 An
1333 2088 1404 2149 ideo
1427 2088 1512 2149 radii

138 2178 226 2238 ceteri
249 2194 306 2237 nou
330 2177 472 2252 cllicaccs,
495 2181 552 2237 nisi
575 2181 602 2235 in
627 2180 770 2257 ecliptica,
793 2182 864 2257 quia
887 2178 1088 2239 orbiculariter
1109 2180 1166 2236 lusi
1190 2179 1266 2237 circa
1281 2176 1446 2255 planetam,
1471 2182 1534 2235 ut

137 2282 259 2325 necesse
281 2267 319 2324 sit
342 2268 429 2324 unius
451 2266 565 2325 sextilis
587 2265 775 2326 directionem
798 2267 835 2326 ad
858 2266 1054 2342 horoscopum
1078 2265 1182 2325 durare
1196 2282 1249 2341 per
1266 2270 1328 2325 150
1344 2266 1544 2325 continuos·

138 2370 241 2424 annos,
265 2352 377 2411 scilicet
399 2359 460 2411 tam
482 2352 541 2427 diu,
566 2353 660 2415 donec
681 2355 800 2430 planeto
824 2372 860 2413 ex
882 2353 1080 2430 profunditate
1098 2349 1154 2413 60⁰
1176 2352 1250 2411 inira
1269 2352 1459 2411 horizontem
1474 2352 1553 2409 ir·-

140 2439 249 2499 circulo
272 2438 404 2499 verticall
426 2441 552 2499 enitatur
575 2444 604 2498 in
627 2442 811 2501 altitudinem
828 2438 885 2501 60⁰
905 2459 994 2517 supro
1017 2441 1198 2499 horizontem
1213 2456 1327 2499 rursum
1344 2442 1374 2498 in
1391 2438 1553 2499 circultr

140 2525 295 2587 verticuli?
318 2527 404 2586 Esset
425 2530 514 2603 igitur
535 2528 603 2588 ideo
626 2531 783 2604 separatim
805 2529 906 2605 aliqua
930 2530 975 2586 vis
997 2526 1087 2587 radiis
1110 2530 1137 2585 in
1159 2527 1304 2603 ecliptica,
1329 2527 1404 2604 quia
1415 2526 1553 2603 Juvat:

138 2614 273 2691 ecliptica
296 2622 435 2690 tanquam
459 2631 510 2691 per
532 2623 698 2694 aspectum,
729 2634 795 2675 cum
823 2619 862 2674 sit
883 2615 963 2675 linea
985 2615 1112 2675 stellaris
1134 2616 1164 2671 in
1188 2615 1312 2691 ellectu,
1343 2616 1553 2692 opposituo

140 2718 209 2761 vero
233 2700 300 2760 idco
323 2700 427 2762 efficax
450 2708 543 2775 esset,
574 2706 646 2779 quia
667 2706 771 2763 unicus
794 2710 918 2763 estnon
942 2705 972 2761 in
995 2704 1095 2762 orbem
1118 2701 1253 2775 diffusus,
1284 2710 1319 2760 ut
1342 2710 1372 2762 et
1395 2716 1546 2781 corpus

140 2798 284 2865 artrunquc
307 2790 371 2847 sine
394 2789 562 2864 adJnmento
586 2791 748 2869 eclipticuc.
786 2790 873 2865 Quod
897 2793 941 2849 vis
964 2790 1101 2867 aphetica
1123 2806 1159 2850 ex
1175 2798 1369 2865 unopuncto,
1393 2790 1426 2847 in
1446 2806 1537 2867 quw

141 2878 261 2953 plancta
284 2876 332 2935 vel
355 2878 452 2935 oriens
475 2877 630 2953 eclipticne
652 2878 760 2953 medus
782 2876 960 2937 diffundatur
975 2880 1004 2936 in
1021 2885 1113 2937 totum
1128 2876 1268 2937 circulum
1283 2875 1524 2950 declinationis,

139 2963 168 3022 id
192 2964 354 3023 rationibus
376 2964 561 3023 naturalibus
583 2982 640 3024 uon
664 2974 709 3025 est
730 2968 773 3025 ita
795 2968 981 3039 conveniens,
1004 2982 1039 3025 ac
1061 2982 1128 3025 cum
1150 2964 1218 3024 talis
1240 2966 1287 3023 via
1309 2962 1454 3040 aphetica
1476 2968 1528 3021 it!

141 3053 291 3110 liorizoute
315 3050 420 3110 diffusa
444 3054 593 3127 statuitur,
623 3052 741 3112 horison
766 3056 843 3111 enim
867 3052 1074 3113 determinatur
1097 3052 1250 3111 manifesto
1273 3060 1302 3111 et
1324 3050 1526 3129 aspectabili

138 3139 320 3209 discrimine,
352 3155 411 3213 quo
443 3146 564 3214 aspectu
593 3147 698 3199 natura
725 3138 847 3199 occultis
875 3140 970 3199 modis
992 3147 1136 3199 movetur.
1182 3138 1380 3198 Meridianunr
1405 3149 1523 3198 motus·

139 3229 202 3304 ipsc
226 3227 368 3301 cujusque
392 3224 495 3285 sideris
518 3234 673 3299 monstrat,
701 3228 786 3286 aliter
808 3230 884 3286 enirn
908 3236 1008 3287 movet
1029 3236 1162 3286 naturane
1186 3243 1307 3302 surgens
1331 3227 1369 3285 ad
1395 3230 1513 3297 visum,

138 3313 224 3373 aliter
246 3313 354 3372 cudens
377 3312 414 3371 ad
439 3312 577 3372 circulum
601 3314 813 3389 declinationis,
837 3313 910 3373 nihil
932 3322 1073 3373 monstrat
1096 3324 1235 3386 naturae,
1258 3314 1312 3371 nisi
1337 3316 1365 3373 ei
1388 3316 1515 3373 tribuas

139 3404 347 3460 astronomiam
371 3399 572 3474 discursivam,
596 3412 649 3461 aut
671 3404 727 3459 nisi
750 3404 787 3462 sit
810 3404 839 3460 in
862 3402 986 3478 sphaera
1008 3410 1096 3472 recta,
1120 3411 1189 3460 tuuc
1212 3402 1288 3460 enim
1304 3400 1431 3459 horinon
1448 3402 1517 3461 cir-

140 3489 237 3546 culum
269 3489 475 3547 declinationis
507 3484 640 3563 designat
670 3490 773 3565 gradui
802 3492 906 3549 orienti
936 3497 965 3548 et
996 3493 1024 3548 in
1053 3490 1188 3548 ornrribus
1216 3488 1350 3565 sphaeris
1375 3488 1511 3548 circulus

139 3577 324 3636 rrreridiauus.
1041 3584 1044 3590 '

244 3661 346 3739 Tycho
373 3659 468 3720 lirahc
499 3660 710 3734 consideravit,
742 3671 868 3739 quantos
895 3663 1014 3723 diurnos
1038 3663 1088 3722 Sol
1116 3663 1224 3723 iaceret
1247 3664 1275 3719 in
1299 3664 1409 3739 quovis
1434 3680 1508 3722 arcu

140 3748 325 3807 directionis:
353 3756 436 3807 tarrta
464 3750 541 3809 enim
568 3752 663 3825 portio
692 3754 859 3825 aequatoris
887 3754 942 3828 ipsi
965 3751 1150 3825 significabat
1173 3769 1291 3809 cinnum.
1339 3750 1374 3808 ln
1397 3752 1506 3811 ceteris

140 3846 259 3896 secutus
282 3845 326 3894 est
348 3836 624 3912 liegiomontanum.

243 3924 390 3981 llomiuici
407 3924 518 3983 Mariae
542 3924 660 3983 modurn
683 3924 826 3999 dirigendi
842 3925 957 3984 leuatam
979 3923 1103 3983 libenter
1126 3923 1245 3983 videbo.
1282 3922 1409 3983 Haesito
1425 3926 1502 3984 euim

140 4014 228 4070 etiarn
252 4015 313 4086 ipse
337 4013 413 4069 circa
436 4011 549 4070 luunam
571 4015 729 4088 potiusque
753 4011 855 4072 ducem
878 4029 995 4086 sequor,
1018 4030 1105 4087 quam
1129 4012 1271 4070 rationem
1293 4014 1457 4088 propriam.

243 4098 396 4156 lllanchiui
420 4099 525 4158 modus
548 4099 586 4158 ad
606 4109 728 4158 rratnrae
744 4101 824 4175 leges
850 4101 1033 4158 examinatus
1057 4102 1157 4157 nititur
1172 4098 1309 4174 planctae
1324 4101 1500 4171 eccentrico,

139 4188 188 4261 qui
205 4186 368 4260 eclipticam
384 4195 464 4245 secat
480 4188 508 4243 in
524 4186 639 4245 duobus
654 4187 736 4255 loeis,
754 4196 782 4247 et
798 4187 887 4245 habet
903 4188 1040 4264 specium.
1078 4187 1152 4245 Nam
1170 4188 1256 4245 sicuti
1271 4186 1429 4263 eclipticas
1446 4188 1498 4246 toti

141 4276 200 4331 viru
215 4274 368 4332 tribuimus
384 4273 544 4345 stellarum,
562 4276 631 4348 quia
648 4275 697 4333 Sol
715 4274 794 4333 illam
809 4277 965 4349 quotannis
981 4276 1056 4346 terit,
1072 4273 1209 4333 siciliam
1226 4282 1288 4334 tota
1298 4291 1355 4333 sua
1370 4273 1500 4351 longitu-

140 4360 206 4420 dine
222 4363 281 4419 vim
294 4361 415 4420 dicimus
431 4363 579 4437 suscipere
595 4362 698 4421 atellae
715 4370 743 4419 et
759 4363 800 4419 sic
815 4362 987 4437 configurari
1002 4364 1087 4421 cortis
1099 4364 1215 4437 punctis
1228 4379 1293 4420 cum
1312 4361 1436 4438 planeta
1446 4378 1499 4421 suo

142 4466 236 4522 exque
260 4466 295 4507 co
317 4450 470 4525 concipere
493 4452 521 4506 in
545 4452 660 4523 punctis
683 4448 741 4506 illis
765 4452 824 4506 nim
847 4449 961 4509 stellae.
1007 4450 1047 4507 At
1070 4458 1171 4508 coutm
1193 4448 1262 4519 hoc,
1286 4451 1312 4507 si
1335 4466 1395 4509 non
1419 4456 1499 4510 erant

139 4535 276 4610 planctae
305 4534 506 4595 considerandi
535 4552 600 4593 cum
624 4554 678 4594 sua
701 4535 856 4595 latitudine
880 4540 958 4606 risa,
989 4536 1136 4597 sufficeret
1157 4535 1289 4595 adhiberi
1314 4536 1499 4597 latitudinem

140 4622 315 4698 simplicem,
340 4641 429 4699 qrram
452 4640 508 4699 ego
531 4623 748 4682 inclinationem
772 4622 899 4699 appello.
945 4623 1021 4682 Nam
1043 4623 1212 4684 latitudines
1236 4626 1318 4683 visae
1342 4642 1398 4685 nec
1420 4622 1499 4684 ordi-

140 4718 246 4767 nantur
269 4711 323 4769 sub
347 4710 455 4769 circulo
474 4726 581 4785 irragno
596 4728 649 4769 nec
665 4713 693 4767 in
711 4713 789 4768 ornni
804 4710 941 4786 planctae
958 4714 1133 4771 circumactu
1149 4719 1217 4769 sunt
1233 4710 1366 4787 ejusdem
1382 4714 1499 4789 magni-

140 4795 264 4871 tudinis,
295 4806 348 4858 aut
375 4800 403 4857 io
427 4797 504 4859 idem
526 4806 666 4875 punctum
690 4797 791 4859 circuli
814 4796 1016 4859 declinationis
1038 4806 1092 4859 aut
1113 4798 1213 4859 circuli
1236 4798 1403 4861 latitudinis
1425 4800 1496 4859 inci·
