3284 5520
192 332 257 401 778
480 416 484 427 ¹
533 330 566 388 ln
585 331 704 389 Sleidani
722 332 821 389 librum
839 333 874 389 de
892 340 1011 403 quatuor
1026 331 1195 389 Monarcbiis

190 529 254 571 mos
270 513 360 571 fuisse
377 513 405 570 in
421 511 471 571 illo
486 528 586 587 regno,
610 515 661 588 qui
684 513 761 572 idem
777 512 904 572 obtinuit
918 515 946 570 in
963 508 1072 584 Persis,
1094 528 1131 571 ne
1146 528 1187 570 sc.
1203 528 1288 588 reges
1302 512 1547 588 conspicerentur,

191 599 220 657 id
238 598 316 677 quod
331 598 368 657 ad
381 599 986 676 majestatemetauctoritatemplurimum
998 599 1252 673 habetmomenti3
1268 616 1339 658 nam
1351 603 1403 675 qui
1415 602 1447 657 in
1459 598 1548 658 oculis

192 689 320 745 omnium
337 697 487 746 versantur
510 687 642 759 assidue,
667 691 812 747 contemni
835 688 941 748 solent.
979 687 1062 762 Quae
1083 687 1265 746 consuetudo
1287 690 1427 764 quamvis
1451 686 1547 763 procul

192 775 282 833 dubio
297 776 382 833 fuerit
398 775 560 832 brutissima
584 774 661 833 illius
685 778 765 850 regni
790 773 933 845 columna,
959 783 989 833 ut
1004 773 1083 850 quod
1100 773 1209 833 diutius
1224 776 1307 833 stetit
1320 776 1463 833 omnibus
1477 773 1547 847 aliis,

191 872 287 921 tamen
310 877 452 921 successu
469 872 631 937 temporum
655 866 742 921 cessit
763 865 791 919 in
812 865 977 938 perniciem.
1016 860 1091 920 Nam
1109 864 1262 921 occasione
1278 860 1451 921 solitudinis
1466 862 1547 920 abusi

190 967 273 1025 reges
296 960 325 1008 et
342 950 390 1009 bic
405 953 561 1026 praecipue
577 948 700 1023 Sardan,
724 951 857 1009 omatibus
873 952 987 1025 generis
1003 949 1123 1023 flagitiis
1138 966 1204 1008 sese
1219 949 1391 1026 polluerunt
1405 957 1438 1008 ct
1453 949 1501 1007 bic
1516 966 1548 1008 eo

190 1054 283 1112 sasque
305 1054 475 1113 progressus
499 1046 558 1104 est,
594 1046 625 1096 ut
647 1055 700 1096 nec
722 1036 841 1096 modam
864 1047 963 1098 teuerc
985 1038 1088 1108 sciret,
1118 1054 1213 1111 neque
1237 1036 1335 1094 Deum
1359 1037 1453 1095 latere
1477 1036 1548 1095 baec

191 1127 253 1182 vita
276 1122 361 1184 foeda
385 1136 494 1199 posset.
530 1123 623 1183 Natrrs
647 1126 735 1199 igitur
758 1134 920 1184 contemtus
944 1125 1016 1200 ejus,
1042 1141 1106 1181 cum
1132 1125 1220 1182 resin
1236 1125 1317 1182 curia
1333 1127 1547 1200 segniterpro·

190 1211 331 1271 cederent.
377 1212 415 1269 Et
437 1229 507 1270 satre
531 1229 668 1286 magnum
692 1223 752 1283 est,
782 1230 885 1270 ausum
909 1212 965 1271 boc
987 1213 1076 1270 fuisse
1101 1212 1261 1284 Arbacem,
1285 1212 1358 1286 quia
1382 1209 1475 1287 vulgo
1499 1229 1547 1289 pro

191 1298 247 1357 diis
270 1299 453 1357 habebantur
476 1298 649 1357 nanuarchae
673 1307 702 1358 et
724 1299 797 1357 baec
813 1301 912 1375 opinio
925 1299 987 1376 jam
1003 1299 1059 1357 tria
1074 1297 1174 1357 secula
1191 1298 1360 1358 duraverat.
1399 1297 1461 1357 Sed
1477 1298 1546 1356 nibil

191 1394 235 1445 cst
258 1389 285 1443 in
310 1388 444 1444 humanis
467 1387 643 1445 diuturnum.
688 1386 722 1445 In
751 1397 851 1445 nostra
879 1386 1029 1463 republica
1051 1384 1145 1444 simile
1168 1380 1231 1445 fere'
1251 1385 1420 1461 exemplum
1444 1395 1490 1443 est
1513 1385 1547 1443 de

191 1472 365 1533 Weuceslao
383 1476 500 1550 ignaro,
525 1473 663 1533 illustrius
680 1476 708 1531 in
724 1473 863 1533 Romanis
879 1472 1076 1551 pontificibus,
1098 1490 1221 1547 quorum
1236 1475 1399 1532 auctoritas
1416 1489 1547 1548 campet

190 1560 280 1619 multa
310 1560 409 1619 secula
439 1570 626 1620 sacrosancta
655 1571 683 1618 et
711 1569 808 1620 tamen
832 1569 931 1620 nostro
954 1579 1029 1620 aevo
1052 1560 1230 1619 labefactata
1252 1567 1281 1619 et
1303 1559 1473 1619 annihilata
1494 1568 1545 1618 est.

189 1648 223 1706 lu
247 1666 351 1723 genere
372 1648 429 1707 froc
447 1666 545 1707 verum
563 1659 615 1720 est,
639 1649 718 1724 qrtod
735 1651 895 1708 auctoritas
910 1652 949 1707 sit
963 1650 1045 1723 regni
1061 1646 1247 1722 praesidium,
1270 1649 1435 1707 auctoritas
1451 1657 1545 1706 autem

190 1745 304 1794 constat
327 1737 463 1811 opinione
486 1734 643 1794 bominum.
684 1735 750 1794 Huc
774 1738 861 1811 igitur
884 1735 1051 1812 dirigendae
1075 1752 1175 1794 omnes
1191 1742 1268 1793 artes
1283 1736 1391 1809 regiae,
1418 1744 1452 1793 ut
1469 1734 1545 1810 vulgi

190 1823 278 1882 animi
311 1830 340 1881 et
368 1825 540 1898 optimatum
569 1825 656 1883 etiam
688 1823 890 1882 devinciuntur
921 1832 1010 1900 ratque
1042 1824 1119 1881 bona
1145 1822 1245 1898 opinio
1268 1831 1471 1881 conservetur.
1515 1821 1545 1880 Si

190 1910 245 1969 boe
268 1927 324 1968 nou
348 1909 408 1983 san,
432 1910 611 1986 impossibile
636 1913 701 1980 arni,
726 1918 836 1969 tantam
859 1910 1010 1969 homiuum
1033 1908 1249 1969 multitudinem
1272 1911 1301 1966 in
1325 1909 1427 1968 officio
1451 1911 1543 1969 conti-

190 2013 268 2057 nere.
315 1998 411 2072 Atque
440 1997 514 2057 adeo
543 2007 706 2057 contemtus
733 2000 957 2069 magistratuum
985 1997 1148 2057 inolesceus
1170 2013 1228 2054 non
1253 1995 1376 2055 dubium
1400 2005 1447 2056 est
1470 1994 1543 2053 indi·

191 2086 267 2143 cium
290 2085 372 2143 brevi
394 2097 546 2144 sectaturae
569 2087 670 2143 ruinae
694 2088 816 2163 imperii.
856 2083 958 2144 Utrum
980 2094 1078 2144 antem
1101 2091 1239 2159 praestet,
1263 2086 1394 2161 conspici
1419 2101 1458 2143 an
1477 2100 1543 2155 non,

190 2169 377 2247 disputabile.
423 2172 620 2231 Familiaritas
644 2190 785 2243 amorem,
814 2172 943 2231 solitudo
967 2174 1185 2231 venerationem
1208 2171 1356 2229 conciliat.
1403 2170 1543 2230 Existimo

191 2276 243 2335 pro
274 2258 443 2318 diversitate
474 2262 655 2336 ingeniorum
687 2263 714 2317 iu
738 2260 863 2319 subditis
887 2259 1081 2318 diversimode
1104 2256 1259 2333 agendum.
1306 2256 1420 2317 Gentes
1443 2276 1544 2335 super-

189 2349 322 2405 stitiosae
337 2348 490 2422 majestate
506 2354 535 2406 et
550 2346 742 2407 admiratione
764 2350 809 2406 sui
825 2349 932 2407 rectius
946 2349 974 2403 in
992 2346 1088 2405 officio
1104 2347 1297 2414 continentur,
1314 2354 1421 2421 gentes
1436 2344 1544 2404 feroces

189 2443 221 2494 et
242 2435 346 2493 atbeac
369 2437 475 2493 rectius
498 2452 597 2493 amore
621 2436 676 2493 sui.
716 2434 848 2507 Asialici,
872 2436 999 2507 regionis
1023 2440 1136 2508 ustura,
1164 2450 1240 2508 qaae
1263 2433 1353 2508 plana
1375 2441 1432 2504 est,
1456 2432 1547 2492 timidi

192 2529 259 2580 sunt
282 2529 312 2580 et
333 2523 588 2597 superstitionibus
612 2521 702 2581 dediti
726 2531 814 2599 atque
837 2522 973 2581 serviles:
998 2522 1115 2595 regibus
1139 2521 1228 2594 igitur
1243 2518 1301 2578 illis
1315 2521 1413 2595 magis
1429 2519 1547 2598 prodest

191 2611 296 2675 metui,
322 2611 469 2681 venerari,
494 2609 627 2681 adorari,
654 2628 720 2669 raro
743 2611 886 2684 conspici,
919 2627 1007 2684 qrram
1031 2608 1138 2680 amari,
1164 2606 1192 2666 id
1216 2606 1295 2682 quod
1319 2624 1442 2667 causam
1466 2606 1547 2666 nobis

192 2699 300 2775 aperit,
330 2714 381 2754 cnr
404 2696 617 2774 Babylonicum
645 2704 673 2756 ct
700 2696 787 2756 bodie
811 2696 965 2755 'l'nrcieum
988 2698 1141 2772 imperium
1165 2696 1194 2752 in
1217 2702 1300 2753 tanta
1322 2694 1467 2754 violentia
1490 2706 1547 2754 tam

192 2783 241 2841 diu
265 2786 385 2842 steterit.
424 2785 509 2843 Certe
533 2786 609 2844 enim
633 2784 778 2861 Europaei
801 2802 859 2841 nou
882 2784 988 2843 ferrent
1010 2793 1069 2842 tarn
1093 2781 1142 2841 diu
1161 2790 1314 2860 tyrannos3
1339 2781 1502 2842 Germania
1522 2790 1549 2842 st

193 2879 254 2930 tota
278 2871 394 2947 Europa
417 2875 511 2948 magis
535 2880 579 2931 est
602 2878 736 2931 montosa
759 2880 788 2931 et
810 2889 922 2946 aspera,
946 2871 1065 2945 ingenia
1087 2870 1204 2940 ferocia,
1228 2870 1369 2942 immitia,
1396 2887 1475 2945 quas
1500 2868 1550 2928 ills

192 2958 329 3017 affectata
357 2960 480 3035 persica·
493 2958 647 3035 majestate
671 2958 879 3031 multomagis
903 2957 1103 3031 offenduntur,
1135 2974 1222 3031 quam
1247 2964 1279 3016 ut
1302 2958 1330 3015 in
1355 2956 1455 3016 officio
1479 2973 1549 3016 con·

194 3049 348 3106 lincuntur.
387 3049 562 3121 Concipinnt
584 3048 673 3121 igitur
696 3045 795 3106 odium
819 3048 967 3121 principis,
992 3044 1070 3120 quod
1094 3062 1232 3120 magnum
1255 3046 1285 3101 in
1309 3043 1355 3102 bis
1378 3046 1549 3120 regionibus

192 3133 300 3191 malum
332 3141 385 3192 est.
433 3133 566 3193 Audacia
598 3136 674 3193 enirn
704 3133 789 3192 adest
820 3136 925 3191 nostris
956 3133 1133 3191 bominibus.
1178 3131 1249 3190 Plus
1279 3124 1400 3192 Caesari
1433 3131 1550 3206 prodest

195 3223 301 3290 amari,
325 3222 390 3297 plus
415 3230 499 3279 auocet
522 3239 642 3280 exosam
667 3238 744 3295 esse,
775 3237 862 3295 quam
886 3220 1008 3278 Tisaeae.
1055 3218 1152 3294 Quare
1175 3221 1269 3294 magis
1292 3237 1328 3279 err
1353 3235 1408 3276 usu
1433 3227 1549 3277 nostrae

194 3308 319 3380 regionis
345 3318 402 3380 est,
427 3327 511 3383 reges
535 3316 563 3368 et
585 3311 730 3384 principes
753 3308 862 3385 videri,
892 3308 1074 3367 familiariter
1097 3308 1271 3365 conversari.
1318 3305 1429 3364 Modus
1453 3318 1549 3364 tamen

194 3394 336 3453 tenendus
359 3406 411 3465 cst,
436 3396 487 3454 scd
512 3406 540 3455 et
559 3396 735 3454 Cominaeus
758 3403 865 3467 monet,
891 3405 921 3453 ut
946 3399 994 3469 qtri
1018 3403 1069 3452 aut
1093 3395 1221 3470 corporis
1245 3402 1297 3452 aet
1319 3395 1410 3451 animi
1436 3393 1551 3452 macula

193 3482 293 3558 aliqua
315 3485 410 3541 ruinas
433 3486 507 3557 grati
532 3492 607 3554 suut,
632 3491 713 3541 tanto
736 3486 830 3553 magis
853 3484 967 3542 crebras
991 3483 1228 3540 conversationes
1252 3480 1438 3539 subditorum
1460 3481 1550 3540 decli-

193 3578 271 3628 nent.
317 3570 510 3646 Praecipuum
535 3572 708 3629 Austriacae
731 3570 859 3628 familiae
883 3582 1081 3628 ornamentum
1107 3578 1159 3640 est,
1184 3568 1262 3643 quod
1286 3576 1314 3625 et
1337 3568 1461 3626 humani
1485 3579 1551 3626 sunt

193 3664 281 3732 atquc
304 3657 414 3727 faciles,
440 3661 502 3715 sire
526 3662 621 3716 atita
644 3658 739 3717 ‹iicam
764 3657 897 3729 humiles,
922 3656 990 3714 dum
1014 3657 1161 3732 quoslibet
1182 3657 1212 3712 in
1235 3664 1426 3731 conspectum
1443 3655 1550 3714 admit·
1586 3674 1589 3679 ·

193 3752 266 3816 tunt,
291 3755 320 3803 et
343 3744 420 3821 quod
439 3747 593 3804 virtutibus
614 3748 701 3803 etiam
717 3744 908 3822 popularibus
924 3744 1047 3820 praediti
1063 3752 1139 3816 sunt,
1163 3751 1196 3801 ut
1210 3744 1273 3802 siue
1288 3741 1430 3820 periculo,
1454 3747 1551 3819 potius

193 3849 300 3907 magna
323 3835 429 3890 auroris
453 3833 680 3899 corrfirmatione,
704 3832 862 3908 populares
885 3831 964 3892 fiant.

297 3918 529 3978 Sleidanus:
565 3921 619 3978 llis
642 3921 730 3979 rebus
752 3920 879 3977 alienati
902 3920 940 3978 ab
963 3936 997 3977 eo
1018 3919 1164 3994 praefecti
1187 3916 1334 3975 Belochrrs
1358 3923 1385 3973 et
1409 3917 1549 3987 Astraea,

190 4007 275 4082 facta
307 4011 518 4077 coniuratione
549 4009 659 4066 bellum
689 4009 834 4084 fece-rrius.
882 4005 948 4082 lpse
978 4024 1046 4064 cum
1074 4022 1130 4065 suo
1155 4006 1297 4062 semiviro
1326 4007 1477 4062 comitutu
1503 4009 1550 4063 eis

192 4093 315 4151 tandem
336 4112 516 4169 progressas
539 4098 572 4152 in.
594 4099 699 4168 taciem,
723 4113 755 4154 re.
778 4096 858 4151 mule
880 4102 961 4169 gesta
984 4092 1124 4170 profugit
1145 4096 1179 4150 in
1200 4094 1317 4167 replum
1333 4100 1361 4150 et
1376 4099 1549 4150 constructa

190 4199 269 4256 pyra
298 4199 326 4239 te
356 4182 537 4258 <fictitiamque
565 4200 667 4241 nnrnes
695 4186 728 4240 in
759 4185 858 4257 ignem
890 4182 1004 4253 abjecit.
1050 4179 1119 4239 Jam
1144 4178 1284 4237 convulsa
1307 4188 1370 4237 erat
1392 4183 1548 4256 praecipua

192 4266 328 4326 columna
358 4272 454 4342 regui,
488 4272 656 4328 auctoritas.
703 4268 781 4326 Nihil
809 4272 898 4343 igitur
928 4266 1055 4344 amplius
1086 4267 1204 4336 babuit,
1234 4281 1291 4340 quo
1315 4284 1347 4325 se
1372 4265 1547 4326 defenderet.

192 4355 265 4413 Nam
290 4355 369 4414 bolla
392 4374 475 4431 reges
498 4375 549 4431 per
570 4357 733 4432 praefectos
753 4355 1003 4414 administrabunt.
1042 4353 1081 4412 Hi
1102 4354 1240 4429 praefecti
1261 4354 1299 4411 ab
1321 4371 1356 4413 eo
1374 4351 1547 4412 desciscunt

192 4442 228 4499 Et
248 4442 310 4517 jam
336 4445 488 4519 sequentia
513 4447 610 4502 onrnia
633 4446 798 4503 necessario
821 4446 863 4501 sic
886 4450 1056 4517 sequuntur.
1103 4442 1166 4499 Nisi
1198 4442 1272 4498 enim
1297 4442 1456 4515 praefectis
1480 4459 1548 4500 eon·

191 4530 314 4588 stitisset
338 4530 373 4589 dc
396 4531 520 4590 mollitie
545 4534 629 4603 regis,
654 4549 734 4588 arma
749 4548 806 4588 rrorr
823 4533 1009 4601 sumsissent3
1033 4531 1155 4604 primum
1172 4537 1260 4604 atque
1275 4538 1445 4589 sumserunt
1461 4546 1547 4603 arms,

192 4624 303 4675 certum
325 4625 379 4689 est,
403 4636 501 4691 regem
523 4621 691 4693 periturum.
737 4617 816 4676 Nibil
839 4618 886 4676 hie
909 4618 1025 4676 fortuna
1047 4624 1154 4691 potest.

296 4704 421 4763 Notetur
443 4705 500 4775 hic,
525 4704 602 4781 quod
626 4722 747 4779 regnum
771 4705 836 4777 boc,
860 4708 885 4763 si
907 4713 1056 4764 externum
1073 4703 1185 4761 bostem
1200 4703 1336 4777 cepisset,
1361 4703 1451 4763 facilc
1466 4707 1550 4762 resti-

191 4791 276 4850 tisset
299 4791 341 4849 illi
363 4811 419 4851 sua
441 4792 518 4851 mole
541 4799 630 4869 atquc
650 4793 861 4868 magnitudine.
899 4791 957 4852 sad
973 4800 1129 4870 postquam
1142 4789 1295 4867 periodum
1310 4807 1396 4851 suam
1412 4791 1551 4865 absolvit,
