3284 5520
222 346 286 417 130
720 347 764 403 uo
780 345 902 407 comesu
920 344 1007 401 neem
1023 343 1072 403 111.

219 526 268 584 cui
297 524 334 583 ob
363 522 534 583 affinitatem
563 520 685 599 ndJungi
712 529 810 600 potest
834 524 883 583 ille
907 523 995 583 etiam
1019 537 1179 582 consensus
1201 519 1433 601 sympatheticus
1455 528 1581 582 naturae

220 612 367 671 humanae
391 628 456 670 cum
476 612 564 675 astris
587 621 616 671 st
638 611 800 678 stimulatio
822 608 979 673 irascibilis
1001 609 1165 685 facultatis,
1195 620 1228 671 ut
1249 608 1337 673 Pluto
1359 609 1509 688 appellat,
1541 610 1578 668 ad

219 698 380 759 secundum
410 696 595 774 significandi
625 698 744 758 modum
773 696 933 758 referenda.
979 696 1037 755 Hic
1067 698 1156 773 igitur
1178 698 1207 754 in
1230 713 1336 773 genere
1358 697 1429 756 volo
1451 699 1579 772 repetita

217 795 247 846 et
269 786 431 859 inculcata,
461 802 537 861 quae
561 787 591 843 in
613 792 728 847 cometa
749 788 818 845 anni
847 789 940 845 1607.
969 785 1007 844 de
1034 784 1222 844 mortaiitatis
1245 784 1414 849 conditione
1436 792 1468 849 ct
1489 801 1577 861 prse-

217 875 372 950 paratione
395 872 576 949 singqurum
600 872 637 932 ad
660 881 782 933 mortem
805 873 884 935 dicta
906 879 983 935 sunt.
1021 869 1097 931 Sunt
1119 874 1196 931 enirn
1220 879 1418 933 consentanea
1440 871 1577 937 admoui·

217 963 290 1020 tioni
315 959 421 1019 Christi
444 959 610 1021 Servatoris
631 960 752 1020 Domini
776 968 806 1020 et
828 960 884 1020 Dei
906 959 1016 1023 nostri:
1046 958 1153 1018 Erunt
1173 961 1264 1034 myssa
1285 962 1320 1019 in
1340 960 1441 1033 meilis,
1464 966 1495 1018 ct
1517 976 1576 1034 uos,

216 1064 287 1108 cum
309 1050 368 1106 isto
390 1047 534 1121 videritis,
557 1048 685 1108 attollite
706 1052 810 1131 cop-ito
834 1054 942 1121 ummo,
966 1049 1042 1122 quia
1063 1046 1209 1106 redemtio
1231 1053 1332 1107 uerba
1352 1049 1554 1125 propinquat

321 1133 402 1208 Quas
433 1151 502 1195 vero
532 1142 683 1211 praeterea
713 1136 815 1195 turbas
844 1137 873 1194 in
905 1135 992 1193 rebus
1020 1133 1156 1193 humanis
1185 1141 1301 1197 cometa
1329 1136 1384 1194 iste
1414 1132 1463 1195 vel
1487 1132 1576 1195 officit

215 1219 312 1281 modis
334 1224 379 1294 iis,
402 1223 452 1296 qui
475 1221 527 1281 lib.
542 1221 583 1282 ΙΙ.
606 1231 676 1282 sunt
697 1222 845 1300 explicati,
869 1221 918 1282 voi
932 1219 1101 1297 significati
1124 1221 1199 1280 Nam
1214 1220 1350 1281 Senecae
1368 1221 1464 1280 stoico
1479 1237 1575 1297 quac·

215 1309 299 1379 renti,
322 1311 528 1385 quisquamne
550 1312 584 1367 in
606 1314 694 1369 terris
717 1318 781 1369 tam
803 1312 843 1369 sit
863 1326 1024 1384 moqaum,
1047 1307 1131 1384 quod
1152 1307 1275 1368 turbari
1296 1309 1344 1367 vei
1363 1310 1465 1386 perire
1479 1326 1575 1369 muru

215 1395 272 1454 dus
295 1391 442 1476 (Deorum
459 1396 501 1454 ilii
517 1399 620 1456 unicus
635 1406 665 1479 et
679 1397 836 1471 maximus)
859 1396 956 1457 sciat?
979 1395 1125 1455 Christum
1148 1397 1253 1456 iterum
1277 1397 1461 1472 opponimus,
1486 1412 1575 1472 quam

217 1481 266 1541 iile
295 1485 466 1558 magistmm
496 1500 560 1542 cum
584 1483 649 1543 Deo
678 1486 775 1561 gentis
803 1484 949 1545 humanae
972 1481 1093 1543 custode
1115 1498 1175 1541 non
1197 1485 1302 1543 mirum
1324 1485 1350 1543 si
1372 1485 1463 1544 etiam
1484 1499 1574 1559 rapu·

215 1568 291 1642 diet,
321 1571 430 1647 quippe
454 1572 558 1646 quise
582 1587 728 1647 quemque
750 1571 808 1631 sibi
831 1573 887 1647 ipsi
911 1570 1008 1632 Deum
1030 1577 1179 1647 praestare
1202 1569 1289 1631 docet
1311 1571 1449 1631 affectato
1470 1572 1574 1633 mortis

215 1663 379 1731 contemtu,
412 1674 472 1733 qua
502 1673 562 1716 una
590 1675 621 1717 re
650 1675 683 1717 se
706 1658 803 1718 Deum
832 1661 930 1735 ipsum
957 1656 1129 1717 antecedere
1148 1656 1349 1733 jactabundus
1371 1655 1573 1723 exclamsviti

213 1742 339 1803 Rursum
362 1745 463 1820 itaque
485 1746 640 1821 incipimus
664 1762 683 1804 a
705 1746 873 1805 tutissimis:
906 1754 1022 1805 cometa
1043 1762 1063 1803 a
1085 1744 1150 1805 Deo
1174 1752 1220 1805 est
1241 1744 1405 1817 exhibitus,
1437 1751 1471 1803 ut
1494 1752 1574 1807 esset

212 1847 385 1905 magnorum
415 1832 558 1891 malornm
587 1834 798 1908 praenuncius,
829 1834 937 1909 quibus
967 1832 1171 1892 evenientibus
1194 1831 1430 1892 confirmaremur
1450 1834 1481 1890 iu
1504 1830 1572 1906 iids,

211 1916 311 1977 Deum
341 1935 441 1977 curare
471 1936 517 1978 ros
548 1918 707 1993 humanas,
743 1919 968 1980 admonerentur
1000 1919 1145 1983 maiorum
1177 1919 1327 1979 architecti
1359 1918 1572 1981 emendationis

211 2005 305 2078 vitae,
331 2004 567 2066 confirmarentur
589 2008 693 2070 iterum
716 2006 816 2067 aiiiioti
838 2011 868 2067 iu
892 2005 1001 2067 fiducia
1021 2006 1079 2067 Dei
1102 2014 1132 2066 et
1154 2008 1342 2082 pertentium,
1373 2008 1572 2083 grabssimsru

212 2090 278 2151 Deo
301 2092 437 2165 bostiam,
461 2102 680 2170 praesumerent
701 2095 815 2154 animis.

317 2177 393 2254 Quid
418 2197 487 2242 vero
510 2183 540 2241 in
562 2182 660 2257 specio
683 2189 742 2247 tres
764 2199 822 2242 uuo
838 2199 915 2243 anno
931 2187 1074 2253 cometae,
1098 2178 1157 2239 duo
1173 2178 1277 2245 iisdem
1293 2177 1397 2241 diebus
1413 2178 1571 2263 fulgentes,

212 2265 456 2341 significaverint,
489 2285 585 2344 neque
607 2285 685 2333 nuuc
707 2270 833 2346 amplius
856 2278 969 2346 tempus
993 2275 1039 2329 est
1061 2265 1261 2343 conjectandi,
1291 2283 1388 2345 neque
1411 2274 1482 2333 tunc
1504 2285 1571 2330 cam

210 2353 356 2429 fulgerent
371 2355 546 2431 coniecturis
562 2372 636 2432 opus
651 2364 722 2417 erat.
763 2356 838 2417 Nam
860 2359 886 2421 si
909 2355 1075 2433 significata
1097 2363 1229 2417 cometae
1249 2355 1432 2419 annilius.
1456 2357 1486 2419 iu
1501 2353 1571 2421 illss

210 2443 394 2518 potissimum
416 2460 463 2505 res
486 2441 694 2517 derivavimus,
718 2461 795 2520 quae
817 2462 836 2509 a
859 2445 952 2505 tribus
973 2445 1057 2507 annis
1071 2458 1155 2502 suam
1171 2440 1328 2505 trabebant
1343 2443 1496 2518 originem,
1519 2460 1572 2505 cur

211 2526 409 2589 dubitaremus
432 2529 585 2603 affirmare,
609 2538 738 2591 cometas
762 2533 834 2590 istos
850 2534 879 2592 in
895 2532 996 2597 turbas
1011 2529 1186 2595 Bohemioas
1201 2530 1375 2605 respexisse,
1399 2546 1571 2607 quenquam

210 2613 280 2674 iliae
306 2615 369 2690 jam
400 2624 468 2677 ante
497 2635 612 2677 menses
641 2617 755 2694 aliquot
781 2627 881 2685 essent
909 2617 1014 2683 ortae?
1045 2617 1090 2677 De
1121 2616 1187 2693 lege
1211 2615 1267 2676 Dei
1299 2616 1395 2693 potuit
1423 2617 1570 2683 sibrutsre

209 2703 407 2778 protoplastes
430 2703 577 2779 Adamas,
609 2721 679 2764 usus
701 2706 800 2765 verbis
823 2705 860 2765 D.
884 2705 989 2765 Pauli:
1020 2711 1175 2782 paccatum
1197 2702 1310 2763 nulium
1333 2703 1479 2779 sciebam,
1511 2707 1569 2769 nui
1633 2758 1636 2770 .

208 2806 262 2865 per
282 2791 476 2863 interdictum,
499 2810 596 2869 nequa
619 2794 697 2853 euim
719 2795 953 2869 concupivissem
971 2793 1052 2853 vesci
1067 2790 1104 2853 de
1119 2792 1233 2863 arbore,
1257 2791 1314 2849 nisi
1329 2789 1413 2853 Deus
1429 2791 1571 2855 dirimet:

208 2894 267 2937 non
290 2880 489 2956 concupisces.
528 2876 691 2939 Occasione
714 2889 813 2939 autem
835 2886 957 2956 accepte
979 2885 1132 2956 peccatum
1157 2895 1208 2955 per
1227 2877 1398 2939 mandatum
1413 2887 1569 2956 operatam

210 2972 255 3025 ast
276 2966 306 3025 ia
329 2983 376 3025 me
399 2967 677 3043 concupiscentiam.
725 2965 862 3029 Nondum
886 2969 963 3027 euim
985 2966 1047 3026 iata
1067 2965 1133 3042 lego
1155 2973 1308 3043 peccatum
1331 2972 1394 3027 erat
1416 2969 1570 3043 exenium

209 3067 265 3126 ego
289 3068 358 3111 vero
382 3054 461 3113 vitae
485 3069 604 3129 compos
627 3070 715 3127 eram,
738 3056 847 3132 quippe
869 3056 1018 3117 innocens.
1055 3052 1133 3115 Laia
1153 3070 1222 3113 vero
1242 3053 1308 3130 lego
1330 3060 1485 3129 peccatum
1500 3057 1567 3121 evi-

208 3136 315 3214 gilavit
337 3140 365 3196 iu
390 3141 496 3215 vitsm;
519 3156 575 3216 ego
599 3157 668 3201 vero
691 3149 774 3201 reatu
797 3149 947 3202 contracto
970 3143 1054 3201 morti
1070 3157 1117 3201 mo
1133 3141 1284 3201 obstrinxi.
1321 3138 1371 3201 Sic
1386 3142 1568 3217 mandatum,

209 3223 289 3300 quod
311 3225 383 3284 mihi
406 3225 506 3285 datum
529 3235 592 3288 eret
614 3227 652 3287 ad
674 3231 776 3304 vitam,
800 3232 888 3289 cessit
910 3228 949 3288 ad
971 3235 1105 3289 mortam.
1142 3226 1209 3287 Hoc
1231 3227 1308 3288 idem
1332 3225 1368 3287 de
1382 3225 1429 3287 his
1444 3230 1568 3295 cometis

208 3328 305 3373 meum
328 3319 374 3373 est
392 3313 552 3389 judicium,
582 3325 613 3375 et
635 3316 660 3375 si
685 3317 766 3377 Deus
790 3317 856 3376 iilos
878 3319 1032 3393 proposuit
1053 3314 1091 3375 ad
1114 3314 1319 3376 absterrendos
1344 3314 1489 3377 beliorum
1511 3334 1568 3381 cu·

208 3401 312 3478 pidos,
343 3404 442 3461 omnis
463 3409 562 3467 tamen
585 3405 720 3465 evenisse
743 3406 902 3478 contraria,
926 3411 956 3464 et
978 3420 1036 3463 nou
1059 3402 1173 3479 plebem
1197 3409 1327 3476 tautum,
1351 3419 1444 3478 quse,
1470 3406 1567 3465 victus

208 3490 378 3547 mercenarii
401 3490 542 3550 laboriosi
566 3496 709 3568 pertaesa,
732 3491 886 3568 stipendiis
908 3490 1083 3553 militaribus
1099 3496 1129 3548 et
1142 3490 1228 3549 bouis
1244 3488 1348 3551 alienis
1363 3489 1467 3564 inhiat,
1492 3507 1567 3552 cou-

208 3578 316 3650 spectis
340 3569 461 3637 conietis
484 3576 672 3652 exhilaratos,
697 3581 781 3653 quasi
800 3580 849 3655 qui
867 3577 967 3643 caudis
983 3584 1161 3638 cometarum
1175 3575 1400 3641 admouerentur
1417 3575 1453 3638 do
1469 3580 1566 3639 cristis

206 3661 399 3736 militaribus,
431 3664 538 3739 quibus
566 3665 661 3741 pileos
691 3674 843 3737 omnrent,
874 3666 927 3725 sed
956 3665 1045 3725 etiem
1069 3664 1167 3741 capita
1188 3663 1362 3738 tactionum,
1394 3682 1469 3741 quas
1490 3668 1568 3733 inter

207 3748 318 3809 beilum
341 3753 458 3825 geritur,
482 3753 587 3828 partim
610 3753 749 3814 instinctu
772 3754 899 3815 naturali
921 3753 1138 3824 exstimulatus,
1161 3754 1267 3828 partim
1289 3754 1566 3819 ratiocinationibus

207 3843 237 3897 et
259 3836 492 3899 consideratione
516 3848 702 3913 cometarum,
725 3843 775 3917 qui
799 3839 914 3901 soleant
929 3857 994 3901 esse
1008 3840 1152 3900 malorum
1169 3840 1331 3916 ingentium
1349 3847 1379 3899 et
1393 3843 1565 3903 mutationis

206 3924 484 4000 rerumpublicarum
499 3929 678 4002 praenuncii,
699 3928 895 4002 confirmatos,
917 3928 1047 3987 animum
1062 3926 1141 3987 bello
1157 3925 1290 3987 ducendo
1305 3925 1510 4006 despondisse,
1533 3938 1566 3990 ut

206 4010 287 4071 iilam
310 4011 421 4071 scilicet
443 4015 635 4073 mutationem
657 4015 742 4076 alteri
765 4015 929 4077 affectatam
954 4020 1163 4092 perpetrarent,
1187 4013 1271 4077 altari
1295 4012 1511 4090 impendentem
1533 4017 1564 4077 iu

208 4105 296 4174 caput
307 4096 468 4158 adversarii
479 4108 679 4177 retorquerent
687 4098 766 4181 (num.
781 4098 834 4182 16).
859 4100 945 4176 Quod
956 4104 1043 4177 igitur
1056 4100 1164 4161 bellum
1174 4099 1246 4160 illud
1257 4102 1286 4159 iu
1296 4100 1372 4161 banc
1380 4110 1565 4176 praesentem

207 4183 427 4263 amplitudinem
442 4189 562 4265 exarsit,
579 4188 657 4263 quod
674 4187 840 4249 foederibus
855 4196 886 4249 et
899 4187 1017 4249 auxiliis
1033 4190 1107 4249 inter
1120 4205 1153 4248 ss
1168 4189 1317 4248 sociantur
1333 4188 1401 4247 hinc
1417 4188 1565 4251 Austriaci

206 4275 361 4349 principes,
384 4273 452 4334 inde
468 4277 647 4351 provincise,
671 4274 750 4352 quod
774 4275 839 4336 ilios
862 4283 1036 4353 promovent
1058 4276 1198 4353 plerique,
1224 4277 1276 4352 qui
1297 4278 1370 4337 ritus
1393 4283 1495 4339 amant
1515 4294 1567 4339 re-

207 4367 309 4436 ceptos
331 4362 361 4419 in
383 4359 538 4438 religiono,
568 4362 623 4423 bos
647 4379 733 4436 vero,
756 4365 806 4439 qui
830 4362 1012 4438 libertatem,
1035 4362 1162 4440 deniquo
1185 4363 1265 4439 quod
1287 4361 1410 4440 probis
1432 4362 1482 4426 vel
1504 4364 1565 4427 iilis

206 4446 348 4524 pauiattm
377 4455 440 4508 tota
462 4449 581 4526 Europa
608 4452 801 4511 concurritur:
832 4449 862 4511 id
889 4468 947 4511 non
976 4458 1089 4512 tantum
1118 4450 1323 4526 esqualitate
1345 4467 1453 4515 causas
1476 4468 1565 4528 prus-

206 4532 344 4592 vidomnt
365 4535 467 4607 multi,
489 4535 542 4595 sod
566 4538 654 4597 otiam
677 4536 878 4614 magnitudine
900 4539 976 4614 signi
1000 4537 1036 4599 de
1058 4536 1142 4599 coelo
1165 4540 1318 4599 monstrati
1341 4539 1565 4614 praesignifica-

207 4627 268 4685 tum
291 4628 336 4681 est
357 4621 572 4700 respondetque
595 4625 728 4701 egregio,
758 4624 832 4687 adeo
855 4632 889 4685 ut
909 4624 996 4687 fidem
1020 4631 1198 4687 cometarum
1222 4633 1280 4687 tres
1303 4627 1352 4686 isti
1374 4642 1563 4703 naquaquam

205 4707 371 4785 prodigunt

311 4796 408 4872 Atque
431 4797 481 4859 bio
502 4805 617 4875 tempus
640 4806 728 4873 assat,
751 4799 894 4876 exemplis
915 4817 951 4861 ox
974 4799 1104 4867 bistoriis
1126 4797 1225 4863 siletis
1240 4799 1385 4869 iilustrare
1399 4802 1562 4879 amotum.
