3284 5520
453 1405 1002 1557 lillldlltllilllii

83 1683 474 1801 irrruuuruuuu
505 1687 564 1801 ur
587 1686 885 1801 inuruntur
909 1685 1132 1801 uuuuuu
1159 1613 1267 1799 uu
1292 1680 1413 1799 rtur.

533 1956 541 1969 κ
564 1936 649 1982 nova
672 1921 705 1981 et
727 1919 904 2000 παραδοξος.

454 2269 1008 2343 Praeamnutnm.

162 2431 312 2509 Quidquid
334 2433 504 2492 bominibus
526 2433 563 2492 de
586 2441 671 2493 nocte
696 2435 772 2494 inter
793 2433 890 2493 sidera
913 2441 1043 2508 apparet,
1066 2448 1119 2489 sen
1140 2432 1272 2507 trajectio
1287 2434 1334 2503 sit,
1358 2431 1415 2490 boc

80 2525 112 2574 est
128 2520 207 2579 stella
230 2521 414 2594 discurrens,
437 2537 488 2579 seu
514 2520 615 2595 druco,
640 2521 734 2593 trabs,
760 2525 868 2597 virgae,
892 2519 1021 2591 chasma,
1045 2528 1176 2577 cometae
1200 2518 1328 2589 caudati,
1352 2520 1415 2576 cin-

78 2605 176 2680 cinnati,
198 2608 352 2684 planetae:
376 2606 407 2665 id
430 2624 515 2667 omne
538 2609 604 2666 visu
625 2607 725 2683 judice
748 2611 777 2665 in
801 2625 859 2667 una
882 2613 912 2666 et
934 2606 1036 2666 eadem
1053 2607 1160 2664 extima
1177 2605 1328 2682 superficie
1343 2606 1416 2664 stel-

75 2688 151 2750 larum
179 2692 303 2755 fixarum
339 2699 433 2754 inesse
463 2702 591 2770 putatur.
625 2694 712 2754 llam
742 2698 798 2755 etsi
831 2697 1024 2754 certissimum
1052 2700 1110 2765 est,
1143 2692 1278 2769 planetas
1300 2712 1318 2751 a
1340 2692 1414 2765 fixis,

74 2776 172 2838 lunam
202 2801 221 2840 a
243 2783 385 2856 Saturno,
417 2791 548 2841 meteora
576 2784 669 2858 ignita
696 2799 714 2842 a
742 2784 867 2860 planetis
895 2784 1044 2840 immensis
1075 2779 1236 2838 intervallis
1265 2779 1415 2855 distingui,

70 2868 139 2925 visus
171 2877 287 2943 umen,
322 2872 431 2947 quippe
466 2868 622 2929 destitutus
653 2868 851 2942 adminiculis,
886 2869 923 2928 ad
954 2866 1144 2928 discernenda
1175 2866 1329 2926 intervalla
1359 2871 1417 2927 ista

67 2969 116 3011 uon
139 2955 255 3015 sufficit.

161 3041 219 3101 Hic
242 3060 311 3119 ergo
335 3059 401 3104 sese
424 3042 579 3119 magnifiee
601 3044 683 3105 alleri
705 3061 753 3103 ars
776 3045 967 3118 geometrica,
1000 3058 1076 3116 quae
1106 3040 1303 3100 astronomiae
1326 3040 1415 3099 ductu

63 3129 88 3184 in
115 3129 270 3189 sublimem
301 3131 448 3189 aetherem
478 3130 663 3204 conscendit,
694 3133 795 3189 omnia
822 3129 978 3189 intervalla
1006 3131 1127 3187 rationis
1154 3128 1240 3187 oculo
1269 3129 1416 3205 discernit,

63 3216 163 3274 itinera
184 3216 367 3293 planetarum
391 3220 518 3293 genuina
541 3221 663 3277 rimatur
685 3226 715 3277 et
738 3220 881 3290 emetitur,
905 3218 1053 3290 totiusque
1074 3214 1150 3273 adeo
1167 3215 1266 3273 mundi
1286 3215 1416 3293 disposi-

61 3303 175 3375 tionem,
199 3313 334 3363 ornatum
357 3314 386 3363 et
409 3306 550 3363 lubricam
573 3307 616 3364 sic
638 3305 774 3381 explicat,
798 3322 834 3363 ac
856 3306 880 3362 si
904 3306 932 3360 in
956 3302 1078 3361 consilio
1094 3302 1151 3361 Dei
1168 3303 1314 3362 creatoris
1329 3304 1413 3361 initio

60 3393 155 3449 statim
179 3391 351 3450 adstitisset
398 3392 442 3450 Ac
465 3391 587 3450 lixarum
611 3392 729 3468 quidem
753 3391 976 3468 dispositionem
998 3394 1144 3465 praeterit,
1169 3399 1237 3448 sunt
1252 3392 1329 3449 enim
1344 3389 1414 3448 illae

58 3478 214 3537 immensae
246 3478 425 3551 altitudinis,
458 3478 534 3538 adeo
556 3488 589 3538 ut
611 3479 811 3539 terricolarum
833 3476 1013 3536 adminicula
1036 3485 1065 3536 et
1087 3476 1187 3535 scalae
1209 3479 1414 3553 geometricae,

58 3581 130 3638 quas
154 3567 184 3621 in
208 3568 387 3625 astronomia
409 3566 576 3642 parallaxes
599 3565 736 3639 dicimus,
761 3566 799 3625 ad
821 3583 873 3625 eas
896 3567 1013 3623 minime
1036 3567 1211 3641 pertingant.
1256 3564 1362 3639 Itaque
1384 3565 1413 3621 in

58 3650 146 3710 dubio
178 3651 347 3728 relinquunt
375 3656 549 3725 astronomi,
582 3671 620 3712 an
651 3671 752 3714 omnes
775 3655 893 3712 omnino
916 3652 992 3711 fixae
1016 3654 1074 3709 sint
1097 3651 1228 3727 ejusdem
1252 3651 1415 3710 altitudinis

57 3755 216 3813 earumque
247 3749 346 3799 centra
375 3742 475 3799 omnia
498 3743 526 3797 in
550 3740 653 3800 eadem
675 3741 828 3819 superficie
851 3739 1019 3815 sphaerica,
1050 3756 1086 3796 au
1115 3755 1186 3798 vero
1210 3746 1242 3796 ut
1265 3737 1414 3814 quaelibet

57 3825 142 3885 stella
173 3833 282 3904 mator,
311 3829 353 3886 sio
381 3829 500 3903 propior
521 3829 559 3885 sit
583 3827 694 3902 Terris,
724 3844 760 3887 an
785 3827 911 3903 denique
935 3828 1085 3900 utriusque
1108 3828 1150 3885 rei
1172 3827 1231 3884 sint
1254 3829 1414 3901 permixtae

57 3915 196 3971 rationes.
235 3913 377 3973 Planetae
399 3930 478 3986 vero,
502 3933 594 3990 quum
616 3915 773 3974 moderatis
797 3916 941 3974 absistant
956 3931 974 3970 a
990 3912 1080 3970 Terra
1100 3913 1263 3971 intervallis
1279 3915 1414 3988 saepius-

58 4016 114 4072 que
137 3992 260 4058 redeant
282 4000 321 4059 ad
343 4000 409 4060 loca
433 4000 549 4074 eadem,
581 4005 632 4078 qui
654 4003 765 4062 reditus
788 4020 888 4061 eorum
911 4001 949 4059 ob
973 4003 1166 4058 corretantiam
1190 4008 1326 4058 motuum
1343 4016 1414 4058 coe·
1450 3998 1453 4003 ’

58 4085 176 4144 lestinm
196 4085 365 4164 praevideri
387 4096 494 4163 potest,
513 4089 576 4164 jam
598 4106 662 4148 sese
685 4090 827 4168 praebent
849 4096 1082 4147 astronomorum
1104 4087 1384 4146 ratiocinationibus.

160 4172 337 4250 Neglexerat
365 4179 544 4235 aeconomia
574 4175 757 4236 Ptolemaica
787 4175 953 4254 parallaxes
983 4191 1111 4248 annuas„
1143 4173 1242 4233 dedita
1276 4173 1414 4250 vulgatae

58 4261 190 4336 opinioni
222 4261 257 4320 de
289 4263 388 4337 quiete
410 4261 537 4322 Telluris
561 4265 589 4320 in
613 4263 775 4323 meditullio
799 4263 898 4321 mundi
922 4262 1016 4337 deque
1039 4269 1120 4323 motu
1143 4261 1221 4320 Solis
1245 4263 1321 4320 eirca
1344 4276 1414 4320 cen-

56 4355 131 4406 trum
160 4349 307 4408 universi:
339 4350 439 4424 itaqua
469 4349 525 4409 bac
555 4349 635 4409 scala
665 4368 766 4411 carens
796 4351 952 4428 plurimum
981 4348 1017 4408 de
1040 4349 1207 4408 circuitibus
1230 4347 1414 4423 planetarum

57 4436 192 4508 ignorat,
222 4435 347 4512 plurima
373 4453 525 4513 perperam
548 4438 650 4509 tradit,
680 4437 815 4514 planetas
838 4439 967 4512 quinque
992 4435 1122 4514 plurimis
1145 4444 1175 4494 et
1197 4437 1335 4494 tortuosis
1358 4438 1415 4492 irn-

56 4521 147 4596 plicat
170 4524 273 4599 spiris,
296 4523 424 4583 motibus
447 4541 482 4582 ex
506 4527 667 4584 eccentrico
690 4533 721 4585 et
742 4524 874 4602 epicyclo
897 4525 1082 4599 compositis,
1107 4523 1233 4598 denique
1255 4526 1306 4580 vix
1328 4524 1416 4581 unius

62 4607 163 4667 Lunae
185 4610 373 4670 intervallum
396 4618 425 4669 et
447 4613 514 4672 riae
537 4629 590 4673 seu
613 4612 726 4672 orbitae
749 4612 841 4670 torma
864 4611 1050 4672 mediocriter
1072 4610 1115 4669 illi
1138 4611 1257 4686 cognita
1277 4618 1356 4684 sunt,
1379 4625 1415 4668 eo

61 4696 136 4769 quod
166 4695 247 4756 scala
275 4697 368 4757 altera
396 4698 526 4771 brevior,
559 4716 647 4775 quarn
675 4698 839 4775 parallaxes
869 4698 988 4757 diurnas
1010 4697 1209 4775 appellamus,
1241 4697 1279 4757 ad
1300 4697 1414 4757 Lunam

62 4790 173 4841 tantum
196 4787 344 4862 pertingit.
391 4786 431 4844 At
453 4796 609 4862 postquam
632 4785 828 4864 Copernicus,
852 4786 965 4861 majora
987 4803 1086 4861 ausus,
1110 4792 1239 4846 veterem
1261 4783 1415 4863 Pythago-

134 4900 230 4954 npnrr
243 4899 325 4954 opus
352 4900 404 4945 vu
1184 4892 1204 4949 4
