<?xml version="1.0" encoding="UTF-8"?>
<!DOCTYPE html PUBLIC "-//W3C//DTD XHTML 1.0 Transitional//EN"
    "http://www.w3.org/TR/xhtml1/DTD/xhtml1-transitional.dtd">
<html xmlns="http://www.w3.org/1999/xhtml" xml:lang="en" lang="en">
 <head>
  <title>
</title>
<meta http-equiv="Content-Type" content="text/html;charset=utf-8" />
  <meta name='ocr-system' content='tesseract 3.04.00' />
  <meta name='ocr-capabilities' content='ocr_page ocr_carea ocr_par ocr_line ocrx_word'/>
</head>
<body>
  <div class='ocr_page' id='page_1' title='image "./joanniskepleria07frisgoog/joanniskepleria07frisgoog_0607.png"; bbox 0 0 3284 5520; ppageno 0'>
   <div class='ocr_carea' id='block_1_1' title="bbox 141 334 1027 405">
    <p class='ocr_par' dir='ltr' id='par_1_1' title="bbox 141 334 1027 405">
     <span class='ocr_line' id='line_1_1' title="bbox 141 334 1027 405; baseline 0 -16"><span class='ocrx_word' id='word_1_1' title='bbox 141 334 208 403; x_wconf 76' lang='lat'><strong>588</strong></span> <span class='ocrx_word' id='word_1_2' title='bbox 603 336 646 391; x_wconf 86' lang='lat' dir='ltr'><strong>Ex</strong></span> <span class='ocrx_word' id='word_1_3' title='bbox 664 335 891 405; x_wconf 77' lang='lat' dir='ltr'><strong>Epiremeridibus</strong></span> <span class='ocrx_word' id='word_1_4' title='bbox 909 334 1027 405; x_wconf 83' lang='lat' dir='ltr'><strong>tteptsrt.</strong></span> 
     </span>
    </p>
   </div>
   <div class='ocr_carea' id='block_1_2' title="bbox 120 509 1484 1552">
    <p class='ocr_par' dir='ltr' id='par_1_2' title="bbox 120 509 1484 1552">
     <span class='ocr_line' id='line_1_2' title="bbox 140 509 1478 591; baseline -0.002 -17"><span class='ocrx_word' id='word_1_5' title='bbox 140 532 226 574; x_wconf 90' lang='lat' dir='ltr'><strong>suum</strong></span> <span class='ocrx_word' id='word_1_6' title='bbox 248 514 337 575; x_wconf 88' lang='lat' dir='ltr'><strong>babet</strong></span> <span class='ocrx_word' id='word_1_7' title='bbox 359 513 541 574; x_wconf 74' lang='lat' dir='ltr'><strong>novilunium</strong></span> <span class='ocrx_word' id='word_1_8' title='bbox 565 514 739 591; x_wconf 88' lang='lat' dir='ltr'><strong>eclipticum.</strong></span> <span class='ocrx_word' id='word_1_9' title='bbox 779 515 841 574; x_wconf 84' lang='lat' dir='ltr'><strong>Etsi</strong></span> <span class='ocrx_word' id='word_1_10' title='bbox 863 516 939 574; x_wconf 91' lang='lat' dir='ltr'><strong>enirn</strong></span> <span class='ocrx_word' id='word_1_11' title='bbox 962 513 1013 574; x_wconf 88' lang='lat' dir='ltr'><strong>illa</strong></span> <span class='ocrx_word' id='word_1_12' title='bbox 1034 518 1103 573; x_wconf 89' lang='lat' dir='ltr'><strong>sunt</strong></span> <span class='ocrx_word' id='word_1_13' title='bbox 1125 509 1203 572; x_wconf 81' lang='lat' dir='ltr'><strong>adeo</strong></span> <span class='ocrx_word' id='word_1_14' title='bbox 1216 509 1478 591; x_wconf 82' lang='lat' dir='ltr'><strong>propinquauodis¹</strong></span> 
     </span>
     <span class='ocr_line' id='line_1_3' title="bbox 141 598 1480 680; baseline -0.004 -18"><span class='ocrx_word' id='word_1_15' title='bbox 141 603 194 662; x_wconf 92' lang='lat' dir='ltr'><strong>etsi</strong></span> <span class='ocrx_word' id='word_1_16' title='bbox 219 603 306 662; x_wconf 87' lang='lat' dir='ltr'><strong>etiam</strong></span> <span class='ocrx_word' id='word_1_17' title='bbox 329 603 448 661; x_wconf 88' lang='lat' dir='ltr'><strong>suntin</strong></span> <span class='ocrx_word' id='word_1_18' title='bbox 471 602 633 680; x_wconf 84' lang='lat' dir='ltr'><strong>opsidibus,</strong></span> <span class='ocrx_word' id='word_1_19' title='bbox 657 618 715 661; x_wconf 93' lang='lat' dir='ltr'><strong>nou</strong></span> <span class='ocrx_word' id='word_1_20' title='bbox 739 610 835 663; x_wconf 87' lang='lat' dir='ltr'><strong>tamon</strong></span> <span class='ocrx_word' id='word_1_21' title='bbox 859 602 985 679; x_wconf 76' lang='lat' dir='ltr'><strong>effugere</strong></span> <span class='ocrx_word' id='word_1_22' title='bbox 1008 608 1106 679; x_wconf 88' lang='lat' dir='ltr'><strong>potest</strong></span> <span class='ocrx_word' id='word_1_23' title='bbox 1127 608 1289 676; x_wconf 89' lang='lat' dir='ltr'><strong>utrumque</strong></span> <span class='ocrx_word' id='word_1_24' title='bbox 1311 598 1480 659; x_wconf 78' lang='lat' dir='ltr'><strong>noviantum</strong></span> 
     </span>
     <span class='ocr_line' id='line_1_4' title="bbox 140 685 1482 769; baseline -0.002 -22"><span class='ocrx_word' id='word_1_25' title='bbox 140 692 269 749; x_wconf 90' lang='lat' dir='ltr'><strong>vicinum</strong></span> <span class='ocrx_word' id='word_1_26' title='bbox 299 706 414 749; x_wconf 90' lang='lat' dir='ltr'><strong>omnem</strong></span> <span class='ocrx_word' id='word_1_27' title='bbox 437 688 514 749; x_wconf 86' lang='lat' dir='ltr'><strong>Solis</strong></span> <span class='ocrx_word' id='word_1_28' title='bbox 543 700 573 750; x_wconf 90' lang='lat' dir='ltr'><strong>et</strong></span> <span class='ocrx_word' id='word_1_29' title='bbox 594 690 701 750; x_wconf 80' lang='lat' dir='ltr'><strong>Terrae</strong></span> <span class='ocrx_word' id='word_1_30' title='bbox 731 692 986 769; x_wconf 85' lang='lat' dir='ltr'><strong>interseptionem,</strong></span> <span class='ocrx_word' id='word_1_31' title='bbox 1017 688 1169 748; x_wconf 82' lang='lat' dir='ltr'><strong>deficiente</strong></span> <span class='ocrx_word' id='word_1_32' title='bbox 1191 689 1307 764; x_wconf 90' lang='lat' dir='ltr'><strong>quippe</strong></span> <span class='ocrx_word' id='word_1_33' title='bbox 1330 685 1482 746; x_wconf 74' lang='lat' dir='ltr'><strong>continuae</strong></span> 
     </span>
     <span class='ocr_line' id='line_1_5' title="bbox 141 772 1483 853; baseline -0.003 -18"><span class='ocrx_word' id='word_1_34' title='bbox 141 778 226 837; x_wconf 89' lang='lat' dir='ltr'><strong>tertia</strong></span> <span class='ocrx_word' id='word_1_35' title='bbox 257 775 376 851; x_wconf 80' lang='lat' dir='ltr'><strong>regulae</strong></span> <span class='ocrx_word' id='word_1_36' title='bbox 402 783 439 847; x_wconf 92' lang='lat'><strong>1,</strong></span> <span class='ocrx_word' id='word_1_37' title='bbox 471 776 539 836; x_wconf 89' lang='lat' dir='ltr'><strong>Sole</strong></span> <span class='ocrx_word' id='word_1_38' title='bbox 570 777 681 837; x_wconf 88' lang='lat' dir='ltr'><strong>scilieet</strong></span> <span class='ocrx_word' id='word_1_39' title='bbox 711 793 770 837; x_wconf 90' lang='lat' dir='ltr'><strong>uon</strong></span> <span class='ocrx_word' id='word_1_40' title='bbox 800 778 878 839; x_wconf 87' lang='lat' dir='ltr'><strong>eirea</strong></span> <span class='ocrx_word' id='word_1_41' title='bbox 906 778 1074 853; x_wconf 84' lang='lat' dir='ltr'><strong>perigaenm</strong></span> <span class='ocrx_word' id='word_1_42' title='bbox 1104 791 1189 835; x_wconf 92' lang='lat' dir='ltr'><strong>snum</strong></span> <span class='ocrx_word' id='word_1_43' title='bbox 1221 783 1371 834; x_wconf 80' lang='lat' dir='ltr'><strong>versante.</strong></span> <span class='ocrx_word' id='word_1_44' title='bbox 1416 772 1483 849; x_wconf 84' lang='lat' dir='ltr'><strong>Quin</strong></span> 
     </span>
     <span class='ocr_line' id='line_1_6' title="bbox 140 862 1483 941; baseline -0.004 -19"><span class='ocrx_word' id='word_1_45' title='bbox 140 866 238 940; x_wconf 91' lang='lat' dir='ltr'><strong>potius</strong></span> <span class='ocrx_word' id='word_1_46' title='bbox 262 863 313 923; x_wconf 89' lang='lat' dir='ltr'><strong>illa</strong></span> <span class='ocrx_word' id='word_1_47' title='bbox 333 880 401 939; x_wconf 90' lang='lat' dir='ltr'><strong>pars</strong></span> <span class='ocrx_word' id='word_1_48' title='bbox 424 863 542 939; x_wconf 84' lang='lat' dir='ltr'><strong>regulae</strong></span> <span class='ocrx_word' id='word_1_49' title='bbox 560 868 586 923; x_wconf 87' lang='lat'><strong>1.</strong></span> <span class='ocrx_word' id='word_1_50' title='bbox 611 865 706 923; x_wconf 89' lang='lat' dir='ltr'><strong>locum</strong></span> <span class='ocrx_word' id='word_1_51' title='bbox 729 864 829 939; x_wconf 80' lang='lat' dir='ltr'><strong>babet,</strong></span> <span class='ocrx_word' id='word_1_52' title='bbox 851 863 931 941; x_wconf 89' lang='lat' dir='ltr'><strong>quod</strong></span> <span class='ocrx_word' id='word_1_53' title='bbox 954 872 1109 940; x_wconf 89' lang='lat' dir='ltr'><strong>utrumque</strong></span> <span class='ocrx_word' id='word_1_54' title='bbox 1130 862 1245 935; x_wconf 84' lang='lat' dir='ltr'><strong>lunare,</strong></span> <span class='ocrx_word' id='word_1_55' title='bbox 1267 863 1403 939; x_wconf 85' lang='lat' dir='ltr'><strong>proxime</strong></span> <span class='ocrx_word' id='word_1_56' title='bbox 1423 878 1483 921; x_wconf 88' lang='lat' dir='ltr'><strong>ecn-</strong></span> 
     </span>
     <span class='ocr_line' id='line_1_7' title="bbox 143 948 1484 1025; baseline -0.001 -16"><span class='ocrx_word' id='word_1_57' title='bbox 143 950 215 1011; x_wconf 86' lang='lat' dir='ltr'><strong>trnle</strong></span> <span class='ocrx_word' id='word_1_58' title='bbox 238 952 376 1023; x_wconf 74' lang='lat' dir='ltr'><strong>existens,</strong></span> <span class='ocrx_word' id='word_1_59' title='bbox 400 951 582 1011; x_wconf 84' lang='lat' dir='ltr'><strong>novilunium</strong></span> <span class='ocrx_word' id='word_1_60' title='bbox 605 953 731 1011; x_wconf 88' lang='lat' dir='ltr'><strong>vicinum</strong></span> <span class='ocrx_word' id='word_1_61' title='bbox 752 950 843 1013; x_wconf 88' lang='lat' dir='ltr'><strong>babet</strong></span> <span class='ocrx_word' id='word_1_62' title='bbox 864 950 995 1011; x_wconf 84' lang='lat' dir='ltr'><strong>deiectus</strong></span> <span class='ocrx_word' id='word_1_63' title='bbox 1016 950 1137 1012; x_wconf 82' lang='lat' dir='ltr'><strong>mintmt.</strong></span> <span class='ocrx_word' id='word_1_64' title='bbox 1181 948 1222 1008; x_wconf 82' lang='lat' dir='ltr'><strong>Et</strong></span> <span class='ocrx_word' id='word_1_65' title='bbox 1243 952 1320 1025; x_wconf 85' lang='lat' dir='ltr'><strong>qula</strong></span> <span class='ocrx_word' id='word_1_66' title='bbox 1340 957 1484 1025; x_wconf 89' lang='lat' dir='ltr'><strong>utrumque</strong></span> 
     </span>
     <span class='ocr_line' id='line_1_8' title="bbox 139 1036 1484 1116; baseline -0.001 -19"><span class='ocrx_word' id='word_1_67' title='bbox 139 1038 333 1111; x_wconf 83' lang='lat' dir='ltr'><strong>novilunium,</strong></span> <span class='ocrx_word' id='word_1_68' title='bbox 356 1056 440 1097; x_wconf 88' lang='lat' dir='ltr'><strong>sunm</strong></span> <span class='ocrx_word' id='word_1_69' title='bbox 464 1038 654 1116; x_wconf 88' lang='lat' dir='ltr'><strong>plenilunium</strong></span> <span class='ocrx_word' id='word_1_70' title='bbox 678 1036 806 1099; x_wconf 85' lang='lat' dir='ltr'><strong>centrale</strong></span> <span class='ocrx_word' id='word_1_71' title='bbox 828 1038 1011 1112; x_wconf 79' lang='lat' dir='ltr'><strong>antecedens,</strong></span> <span class='ocrx_word' id='word_1_72' title='bbox 1034 1038 1123 1098; x_wconf 82' lang='lat' dir='ltr'><strong>babet</strong></span> <span class='ocrx_word' id='word_1_73' title='bbox 1144 1044 1245 1097; x_wconf 82' lang='lat' dir='ltr'><strong>tamen</strong></span> <span class='ocrx_word' id='word_1_74' title='bbox 1266 1036 1427 1113; x_wconf 75' lang='lat' dir='ltr'><strong>aliqualem</strong></span> <span class='ocrx_word' id='word_1_75' title='bbox 1441 1036 1484 1095; x_wconf 83' lang='lat' dir='ltr'><strong>tle·</strong></span> 
     </span>
     <span class='ocr_line' id='line_1_9' title="bbox 120 1123 1483 1204; baseline -0.001 -21"><span class='ocrx_word' id='word_1_76' title='bbox 120 1126 231 1200; x_wconf 16' lang='lat' dir='ltr'><strong>‘tectus</strong></span> <span class='ocrx_word' id='word_1_77' title='bbox 247 1127 439 1201; x_wconf 77' lang='lat' dir='ltr'><strong>quantitatem</strong></span> <span class='ocrx_word' id='word_1_78' title='bbox 455 1128 484 1183; x_wconf 92' lang='lat' dir='ltr'><strong>iu</strong></span> <span class='ocrx_word' id='word_1_79' title='bbox 500 1129 634 1187; x_wconf 84' lang='lat' dir='ltr'><strong>extremis</strong></span> <span class='ocrx_word' id='word_1_80' title='bbox 649 1127 780 1204; x_wconf 87' lang='lat' dir='ltr'><strong>partibus</strong></span> <span class='ocrx_word' id='word_1_81' title='bbox 796 1124 959 1195; x_wconf 81' lang='lat' dir='ltr'><strong>Tenamm,</strong></span> <span class='ocrx_word' id='word_1_82' title='bbox 981 1127 1062 1203; x_wconf 90' lang='lat' dir='ltr'><strong>prius</strong></span> <span class='ocrx_word' id='word_1_83' title='bbox 1076 1123 1152 1185; x_wconf 88' lang='lat' dir='ltr'><strong>ultra</strong></span> <span class='ocrx_word' id='word_1_84' title='bbox 1168 1130 1186 1185; x_wconf 77' lang='grc'>2</span> <span class='ocrx_word' id='word_1_85' title='bbox 1205 1123 1328 1200; x_wconf 74' lang='lat' dir='ltr'><strong>digitos,</strong></span> <span class='ocrx_word' id='word_1_86' title='bbox 1351 1125 1483 1201; x_wconf 74' lang='lat' dir='ltr'><strong>posterla</strong></span> 
     </span>
     <span class='ocr_line' id='line_1_10' title="bbox 141 1210 1482 1291; baseline -0.001 -22"><span class='ocrx_word' id='word_1_87' title='bbox 141 1211 270 1272; x_wconf 79' lang='lat' dir='ltr'><strong>altrat:</strong></span> <span class='ocrx_word' id='word_1_88' title='bbox 296 1230 332 1271; x_wconf 88' lang='lat' dir='ltr'><strong>ex</strong></span> <span class='ocrx_word' id='word_1_89' title='bbox 355 1229 389 1271; x_wconf 93' lang='lat' dir='ltr'><strong>eo</strong></span> <span class='ocrx_word' id='word_1_90' title='bbox 413 1220 508 1272; x_wconf 84' lang='lat' dir='ltr'><strong>certus</strong></span> <span class='ocrx_word' id='word_1_91' title='bbox 526 1230 590 1273; x_wconf 87' lang='lat' dir='ltr'><strong>csse</strong></span> <span class='ocrx_word' id='word_1_92' title='bbox 605 1221 703 1291; x_wconf 88' lang='lat' dir='ltr'><strong>potest</strong></span> <span class='ocrx_word' id='word_1_93' title='bbox 718 1212 886 1286; x_wconf 88' lang='lat' dir='ltr'><strong>calculator,</strong></span> <span class='ocrx_word' id='word_1_94' title='bbox 910 1213 1001 1273; x_wconf 86' lang='lat' dir='ltr'><strong>altera</strong></span> <span class='ocrx_word' id='word_1_95' title='bbox 1015 1211 1176 1284; x_wconf 87' lang='lat' dir='ltr'><strong>novilunia,</strong></span> <span class='ocrx_word' id='word_1_96' title='bbox 1200 1214 1363 1288; x_wconf 89' lang='lat' dir='ltr'><strong>sequentia</strong></span> <span class='ocrx_word' id='word_1_97' title='bbox 1375 1210 1482 1288; x_wconf 81' lang='lat' dir='ltr'><strong>eclipses</strong></span> 
     </span>
     <span class='ocr_line' id='line_1_11' title="bbox 141 1298 1480 1378; baseline -0.001 -19"><span class='ocrx_word' id='word_1_98' title='bbox 141 1299 253 1373; x_wconf 86' lang='lat' dir='ltr'><strong>Lunae,</strong></span> <span class='ocrx_word' id='word_1_99' title='bbox 278 1316 392 1360; x_wconf 88' lang='lat' dir='ltr'><strong>omnem</strong></span> <span class='ocrx_word' id='word_1_100' title='bbox 416 1300 686 1362; x_wconf 85' lang='lat' dir='ltr'><strong>obtenebrationem</strong></span> <span class='ocrx_word' id='word_1_101' title='bbox 709 1309 788 1361; x_wconf 84' lang='lat' dir='ltr'><strong>certo</strong></span> <span class='ocrx_word' id='word_1_102' title='bbox 812 1300 946 1377; x_wconf 72' lang='lat' dir='ltr'><strong>effugere.</strong></span> <span class='ocrx_word' id='word_1_103' title='bbox 984 1300 1060 1360; x_wconf 89' lang='lat' dir='ltr'><strong>Nam</strong></span> <span class='ocrx_word' id='word_1_104' title='bbox 1079 1301 1103 1359; x_wconf 92' lang='lat' dir='ltr'><strong>si</strong></span> <span class='ocrx_word' id='word_1_105' title='bbox 1119 1302 1207 1359; x_wconf 85' lang='lat' dir='ltr'><strong>etiam</strong></span> <span class='ocrx_word' id='word_1_106' title='bbox 1224 1301 1253 1357; x_wconf 91' lang='lat' dir='ltr'><strong>iu</strong></span> <span class='ocrx_word' id='word_1_107' title='bbox 1270 1298 1321 1359; x_wconf 90' lang='lat' dir='ltr'><strong>bis</strong></span> <span class='ocrx_word' id='word_1_108' title='bbox 1336 1298 1480 1378; x_wconf 87' lang='lat' dir='ltr'><strong>penumbrr</strong></span> 
     </span>
     <span class='ocr_line' id='line_1_12' title="bbox 140 1384 1479 1466; baseline -0.001 -21"><span class='ocrx_word' id='word_1_109' title='bbox 140 1385 261 1447; x_wconf 80' lang='lat' dir='ltr'><strong>Tenum</strong></span> <span class='ocrx_word' id='word_1_110' title='bbox 284 1387 448 1463; x_wconf 83' lang='lat' dir='ltr'><strong>attingeret,</strong></span> <span class='ocrx_word' id='word_1_111' title='bbox 473 1396 619 1466; x_wconf 86' lang='lat' dir='ltr'><strong>oporteret</strong></span> <span class='ocrx_word' id='word_1_112' title='bbox 642 1389 671 1447; x_wconf 93' lang='lat' dir='ltr'><strong>in</strong></span> <span class='ocrx_word' id='word_1_113' title='bbox 694 1387 935 1450; x_wconf 81' lang='lat' dir='ltr'><strong>antecedentibus</strong></span> <span class='ocrx_word' id='word_1_114' title='bbox 958 1388 1101 1449; x_wconf 85' lang='lat' dir='ltr'><strong>deiectum</strong></span> <span class='ocrx_word' id='word_1_115' title='bbox 1123 1386 1216 1447; x_wconf 76' lang='lat' dir='ltr'><strong>tuisse</strong></span> <span class='ocrx_word' id='word_1_116' title='bbox 1238 1384 1332 1464; x_wconf 87' lang='lat' dir='ltr'><strong>plane</strong></span> <span class='ocrx_word' id='word_1_117' title='bbox 1347 1388 1479 1446; x_wconf 83' lang='lat' dir='ltr'><strong>minimum</strong></span> 
     </span>
     <span class='ocr_line' id='line_1_13' title="bbox 138 1473 502 1552; baseline 0.003 -18"><span class='ocrx_word' id='word_1_118' title='bbox 138 1475 297 1535; x_wconf 91' lang='lat' dir='ltr'><strong>secundum</strong></span> <span class='ocrx_word' id='word_1_119' title='bbox 318 1473 448 1552; x_wconf 79' lang='lat' dir='ltr'><strong>regulam</strong></span> <span class='ocrx_word' id='word_1_120' title='bbox 475 1479 502 1536; x_wconf 91' lang='lat'><strong>1.</strong></span> 
     </span>
    </p>
   </div>
   <div class='ocr_carea' id='block_1_3' title="bbox 485 1632 1134 1705">
    <p class='ocr_par' dir='ltr' id='par_1_3' title="bbox 485 1632 1134 1705">
     <span class='ocr_line' id='line_1_14' title="bbox 485 1632 1134 1705; baseline 0 -14"><span class='ocrx_word' id='word_1_121' title='bbox 485 1635 678 1705; x_wconf 74' lang='lat' dir='ltr'><strong>Descriptio</strong></span> <span class='ocrx_word' id='word_1_122' title='bbox 701 1648 782 1692; x_wconf 84' lang='lat' dir='ltr'><strong>vero</strong></span> <span class='ocrx_word' id='word_1_123' title='bbox 807 1645 924 1692; x_wconf 82' lang='lat' dir='ltr'><strong>eorum</strong></span> <span class='ocrx_word' id='word_1_124' title='bbox 948 1633 999 1690; x_wconf 89' lang='lat' dir='ltr'><strong>sic</strong></span> <span class='ocrx_word' id='word_1_125' title='bbox 1021 1632 1134 1692; x_wconf 76' lang='lat' dir='ltr'><strong>habet</strong></span> 
     </span>
    </p>
   </div>
   <div class='ocr_carea' id='block_1_4' title="bbox 763 1736 1405 1809">
    <p class='ocr_par' dir='ltr' id='par_1_4' title="bbox 763 1736 1405 1809">
     <span class='ocr_line' id='line_1_15' title="bbox 763 1736 1405 1809; baseline 0.003 -15"><span class='ocrx_word' id='word_1_126' title='bbox 763 1740 855 1795; x_wconf 70' lang='lat' dir='ltr'><strong>Preme·</strong></span> <span class='ocrx_word' id='word_1_127' title='bbox 872 1740 999 1808; x_wconf 62' lang='grc' dir='ltr'><strong>Μυσίαι.</strong></span> <span class='ocrx_word' id='word_1_128' title='bbox 1139 1739 1260 1796; x_wconf 72' lang='lat' dir='ltr'><strong>Secundi</strong></span> <span class='ocrx_word' id='word_1_129' title='bbox 1277 1736 1405 1809; x_wconf 62' lang='lat' dir='ltr'><strong>defectu</strong></span> 
     </span>
    </p>
   </div>
   <div class='ocr_carea' id='block_1_5' title="bbox 143 1818 1437 1907">
    <p class='ocr_par' dir='ltr' id='par_1_5' title="bbox 143 1818 1437 1907">
     <span class='ocr_line' id='line_1_16' title="bbox 143 1818 1437 1907; baseline 0 -17"><span class='ocrx_word' id='word_1_130' title='bbox 143 1837 262 1907; x_wconf 85' lang='lat' dir='ltr'><strong>Tempus</strong></span> <span class='ocrx_word' id='word_1_131' title='bbox 272 1835 390 1891; x_wconf 88' lang='lat' dir='ltr'><strong>medium</strong></span> <span class='ocrx_word' id='word_1_132' title='bbox 401 1844 428 1891; x_wconf 93' lang='lat' dir='ltr'><strong>et</strong></span> <span class='ocrx_word' id='word_1_133' title='bbox 438 1836 581 1905; x_wconf 83' lang='lat' dir='ltr'><strong>aequabile</strong></span> <span class='ocrx_word' id='word_1_134' title='bbox 591 1835 700 1893; x_wconf 77' lang='lat' dir='ltr'><strong>Uranib.</strong></span> <span class='ocrx_word' id='word_1_135' title='bbox 738 1838 781 1892; x_wconf 78' lang='lat' dir='ltr'><strong>lb.</strong></span> <span class='ocrx_word' id='word_1_136' title='bbox 794 1818 859 1907; x_wconf 57' lang='lat' dir='ltr'><strong>llql.</strong></span> <span class='ocrx_word' id='word_1_137' title='bbox 872 1834 900 1889; x_wconf 88' lang='lat' dir='ltr'><strong>h.</strong></span> <span class='ocrx_word' id='word_1_138' title='bbox 913 1838 939 1891; x_wconf 82' lang='lat'><strong>7.</strong></span> <span class='ocrx_word' id='word_1_139' title='bbox 953 1837 997 1893; x_wconf 66' lang='lat' dir='ltr'><strong>tet</strong></span> <span class='ocrx_word' id='word_1_140' title='bbox 1008 1838 1061 1892; x_wconf 78' lang='lat'><em>5¹2¹·</em></span> <span class='ocrx_word' id='word_1_141' title='bbox 1107 1836 1135 1892; x_wconf 88' lang='grc'><strong>8.</strong></span> <span class='ocrx_word' id='word_1_142' title='bbox 1146 1835 1216 1889; x_wconf 88' lang='lat' dir='ltr'><strong>Nov.</strong></span> <span class='ocrx_word' id='word_1_143' title='bbox 1229 1833 1257 1887; x_wconf 87' lang='lat' dir='ltr'><strong>h.</strong></span> <span class='ocrx_word' id='word_1_144' title='bbox 1272 1835 1322 1889; x_wconf 83' lang='lat'><strong>11⁰</strong></span> <span class='ocrx_word' id='word_1_145' title='bbox 1333 1833 1378 1889; x_wconf 79' lang='lat'><strong>34¹</strong></span> <span class='ocrx_word' id='word_1_146' title='bbox 1388 1832 1437 1890; x_wconf 77' lang='lat'><strong>5³⁴¹</strong></span> 
     </span>
    </p>
   </div>
   <div class='ocr_carea' id='block_1_6' title="bbox 142 1922 1470 2609">
    <p class='ocr_par' dir='ltr' id='par_1_6' title="bbox 142 1922 1470 2609">
     <span class='ocr_line' id='line_1_17' title="bbox 346 1922 1389 2058; baseline -0.002 -83"><span class='ocrx_word' id='word_1_147' title='bbox 346 1923 480 2058; x_wconf 45' lang='lat' dir='ltr'><strong>Locus&amp;</strong></span> <span class='ocrx_word' id='word_1_148' title='bbox 529 1963 534 1975; x_wconf 93' lang='lat'>.</span> <span class='ocrx_word' id='word_1_149' title='bbox 572 1965 579 1978; x_wconf 87' lang='lat'><strong>.</strong></span> <span class='ocrx_word' id='word_1_150' title='bbox 618 1963 624 1976; x_wconf 93' lang='lat'>.</span> <span class='ocrx_word' id='word_1_151' title='bbox 663 1962 670 1975; x_wconf 92' lang='lat'>.</span> <span class='ocrx_word' id='word_1_152' title='bbox 707 1924 817 1976; x_wconf 55' lang='lat'>24⁰3&amp;</span> <span class='ocrx_word' id='word_1_153' title='bbox 853 1925 935 1983; x_wconf 67' lang='grc' dir='ltr'><strong>ΟὝ</strong></span> <span class='ocrx_word' id='word_1_154' title='bbox 978 1966 983 1976; x_wconf 94' lang='grc'><strong>.</strong></span> <span class='ocrx_word' id='word_1_155' title='bbox 1020 1967 1025 1979; x_wconf 92' lang='grc'><strong>.</strong></span> <span class='ocrx_word' id='word_1_156' title='bbox 1064 1966 1070 1978; x_wconf 95' lang='grc'><strong>.</strong></span> <span class='ocrx_word' id='word_1_157' title='bbox 1110 1963 1115 1975; x_wconf 93' lang='grc'><strong>.</strong></span> <span class='ocrx_word' id='word_1_158' title='bbox 1155 1922 1389 1987; x_wconf 70' lang='lat' dir='ltr'><strong>16⁰1t¹ta⁰ttt</strong></span> 
     </span>
     <span class='ocr_line' id='line_1_18' title="bbox 347 1995 1367 2060; baseline -0.001 -15"><span class='ocrx_word' id='word_1_159' title='bbox 347 1999 428 2047; x_wconf 86' lang='lat' dir='ltr'><strong>Locus</strong></span> <span class='ocrx_word' id='word_1_160' title='bbox 529 2031 535 2046; x_wconf 90' lang='lat'><strong>.</strong></span> <span class='ocrx_word' id='word_1_161' title='bbox 573 2035 579 2048; x_wconf 93' lang='lat'><em>.</em></span> <span class='ocrx_word' id='word_1_162' title='bbox 616 2037 622 2049; x_wconf 82' lang='lat'><strong>,</strong></span> <span class='ocrx_word' id='word_1_163' title='bbox 660 2035 667 2048; x_wconf 92' lang='lat'><strong>.</strong></span> <span class='ocrx_word' id='word_1_164' title='bbox 704 1999 747 2049; x_wconf 78' lang='lat'><strong>25.</strong></span> <span class='ocrx_word' id='word_1_165' title='bbox 790 1998 920 2059; x_wconf 68' lang='lat' dir='ltr'><strong>itant</strong></span> <span class='ocrx_word' id='word_1_166' title='bbox 974 2036 981 2050; x_wconf 88' lang='grc'><strong>.</strong></span> <span class='ocrx_word' id='word_1_167' title='bbox 1019 2035 1024 2046; x_wconf 96' lang='grc'><strong>.</strong></span> <span class='ocrx_word' id='word_1_168' title='bbox 1062 2036 1068 2047; x_wconf 93' lang='grc'><strong>.</strong></span> <span class='ocrx_word' id='word_1_169' title='bbox 1106 1995 1367 2060; x_wconf 63' lang='lat' dir='ltr'><strong>5215.3ii.22b‘</strong></span> 
     </span>
     <span class='ocr_line' id='line_1_19' title="bbox 348 2066 1403 2119; baseline 0.002 -4"><span class='ocrx_word' id='word_1_170' title='bbox 348 2068 469 2115; x_wconf 87' lang='lat' dir='ltr'><strong>Reductio</strong></span> <span class='ocrx_word' id='word_1_171' title='bbox 485 2101 668 2118; x_wconf 88' lang='grc'><strong>.....</strong></span> <span class='ocrx_word' id='word_1_172' title='bbox 791 2070 816 2115; x_wconf 89' lang='lat' dir='ltr'><strong>o.</strong></span> <span class='ocrx_word' id='word_1_173' title='bbox 853 2067 946 2119; x_wconf 75' lang='lat' dir='ltr'><strong>emt.</strong></span> <span class='ocrx_word' id='word_1_174' title='bbox 974 2103 979 2114; x_wconf 94' lang='lat'><em>.</em></span> <span class='ocrx_word' id='word_1_175' title='bbox 1018 2105 1024 2117; x_wconf 92' lang='lat'>.</span> <span class='ocrx_word' id='word_1_176' title='bbox 1064 2107 1070 2117; x_wconf 90' lang='lat'><em>.</em></span> <span class='ocrx_word' id='word_1_177' title='bbox 1109 2105 1115 2119; x_wconf 89' lang='lat'><em>.</em></span> <span class='ocrx_word' id='word_1_178' title='bbox 1239 2067 1265 2114; x_wconf 88' lang='lat'><strong>0.</strong></span> <span class='ocrx_word' id='word_1_179' title='bbox 1303 2066 1403 2117; x_wconf 76' lang='lat' dir='ltr'><strong>arunt</strong></span> 
     </span>
     <span class='ocr_line' id='line_1_20' title="bbox 296 2135 1470 2200; baseline -0.003 -16"><span class='ocrx_word' id='word_1_180' title='bbox 296 2138 376 2185; x_wconf 80' lang='lat' dir='ltr'><strong>Arcus</strong></span> <span class='ocrx_word' id='word_1_181' title='bbox 395 2135 536 2186; x_wconf 86' lang='lat' dir='ltr'><strong>latitudiuis</strong></span> <span class='ocrx_word' id='word_1_182' title='bbox 573 2175 579 2187; x_wconf 89' lang='lat'><strong>.</strong></span> <span class='ocrx_word' id='word_1_183' title='bbox 616 2176 622 2188; x_wconf 94' lang='lat'><strong>.</strong></span> <span class='ocrx_word' id='word_1_184' title='bbox 661 2178 667 2188; x_wconf 88' lang='lat'><strong><em>.</em></strong></span> <span class='ocrx_word' id='word_1_185' title='bbox 792 2139 817 2187; x_wconf 73' lang='lat'><strong>⁸2.</strong></span> <span class='ocrx_word' id='word_1_186' title='bbox 837 2138 871 2185; x_wconf 72' lang='grc'><strong>29</strong></span> <span class='ocrx_word' id='word_1_187' title='bbox 890 2146 952 2200; x_wconf 84' lang='lat' dir='ltr'><strong>sept.</strong></span> <span class='ocrx_word' id='word_1_188' title='bbox 973 2140 1037 2188; x_wconf 86' lang='lat' dir='ltr'><strong>decr.</strong></span> <span class='ocrx_word' id='word_1_189' title='bbox 1063 2172 1070 2188; x_wconf 93' lang='lat'><strong>.</strong></span> <span class='ocrx_word' id='word_1_190' title='bbox 1109 2173 1116 2188; x_wconf 84' lang='lat'><strong>.</strong></span> <span class='ocrx_word' id='word_1_191' title='bbox 1238 2138 1263 2186; x_wconf 82' lang='grc'><strong>3.</strong></span> <span class='ocrx_word' id='word_1_192' title='bbox 1287 2138 1320 2185; x_wconf 74' lang='grc'><strong>14</strong></span> <span class='ocrx_word' id='word_1_193' title='bbox 1338 2140 1400 2200; x_wconf 83' lang='lat' dir='ltr'><strong>sept</strong></span> <span class='ocrx_word' id='word_1_194' title='bbox 1413 2147 1470 2184; x_wconf 83' lang='lat' dir='ltr'><strong>cresc</strong></span> 
     </span>
     <span class='ocr_line' id='line_1_21' title="bbox 142 2205 667 2270; baseline 0.006 -17"><span class='ocrx_word' id='word_1_195' title='bbox 142 2205 251 2270; x_wconf 79' lang='lat' dir='ltr'><strong>&#39;l&#39;empus</strong></span> <span class='ocrx_word' id='word_1_196' title='bbox 270 2206 437 2257; x_wconf 83' lang='lat' dir='ltr'><strong>anomallcum</strong></span> <span class='ocrx_word' id='word_1_197' title='bbox 456 2207 491 2269; x_wconf 61' lang='lat' dir='ltr'><strong>D,</strong></span> <span class='ocrx_word' id='word_1_198' title='bbox 510 2220 553 2255; x_wconf 85' lang='lat' dir='ltr'><strong>seu</strong></span> <span class='ocrx_word' id='word_1_199' title='bbox 573 2208 667 2258; x_wconf 80' lang='lat' dir='ltr'><strong>distau-</strong></span> 
     </span>
     <span class='ocr_line' id='line_1_22' title="bbox 173 2276 1259 2338; baseline 0.003 -16"><span class='ocrx_word' id='word_1_200' title='bbox 173 2277 393 2338; x_wconf 76' lang='lat' dir='ltr'><strong>tlaabspogaeo</strong></span> <span class='ocrx_word' id='word_1_201' title='bbox 442 2315 449 2328; x_wconf 90' lang='lat'><strong>.</strong></span> <span class='ocrx_word' id='word_1_202' title='bbox 486 2313 493 2329; x_wconf 88' lang='lat'><strong>.</strong></span> <span class='ocrx_word' id='word_1_203' title='bbox 531 2314 537 2326; x_wconf 94' lang='lat'><strong>.</strong></span> <span class='ocrx_word' id='word_1_204' title='bbox 568 2277 812 2330; x_wconf 77' lang='lat' dir='ltr'><strong>d.11.b,1e.‘2tt</strong></span> <span class='ocrx_word' id='word_1_205' title='bbox 889 2314 897 2329; x_wconf 83' lang='lat'><strong>.</strong></span> <span class='ocrx_word' id='word_1_206' title='bbox 935 2316 941 2330; x_wconf 84' lang='lat'><strong>.</strong></span> <span class='ocrx_word' id='word_1_207' title='bbox 979 2316 985 2329; x_wconf 91' lang='lat'><strong>.</strong></span> <span class='ocrx_word' id='word_1_208' title='bbox 1032 2277 1057 2329; x_wconf 88' lang='lat' dir='ltr'><strong>d.</strong></span> <span class='ocrx_word' id='word_1_209' title='bbox 1077 2278 1101 2326; x_wconf 90' lang='lat'><strong>0.</strong></span> <span class='ocrx_word' id='word_1_210' title='bbox 1138 2276 1259 2327; x_wconf 77' lang='lat' dir='ltr'><strong>b,4.2b</strong></span> 
     </span>
     <span class='ocr_line' id='line_1_23' title="bbox 295 2344 871 2413; baseline 0.002 -19"><span class='ocrx_word' id='word_1_211' title='bbox 295 2345 438 2395; x_wconf 83' lang='lat' dir='ltr'><strong>Parallaxis</strong></span> <span class='ocrx_word' id='word_1_212' title='bbox 455 2344 490 2413; x_wconf 80' lang='grc' dir='ltr'>Θ</span> <span class='ocrx_word' id='word_1_213' title='bbox 530 2383 754 2400; x_wconf 89' lang='grc'><em>......</em></span> <span class='ocrx_word' id='word_1_214' title='bbox 793 2350 818 2398; x_wconf 94' lang='grc'><strong>1.</strong></span> <span class='ocrx_word' id='word_1_215' title='bbox 854 2347 871 2395; x_wconf 87' lang='grc' dir='ltr'>Ο</span> 
     </span>
     <span class='ocr_line' id='line_1_24' title="bbox 295 2415 872 2480; baseline 0.002 -16"><span class='ocrx_word' id='word_1_216' title='bbox 295 2415 434 2465; x_wconf 84' lang='lat' dir='ltr'><strong>Parallexls</strong></span> <span class='ocrx_word' id='word_1_217' title='bbox 459 2418 483 2480; x_wconf 75' lang='lat' dir='ltr'><strong>J)</strong></span> <span class='ocrx_word' id='word_1_218' title='bbox 527 2452 712 2469; x_wconf 83' lang='grc'><strong>.....</strong></span> <span class='ocrx_word' id='word_1_219' title='bbox 775 2417 819 2467; x_wconf 76' lang='grc'><strong>63.</strong></span> <span class='ocrx_word' id='word_1_220' title='bbox 839 2418 872 2465; x_wconf 74' lang='grc'><strong>19</strong></span> 
     </span>
     <span class='ocr_line' id='line_1_25' title="bbox 295 2484 873 2555; baseline 0 -19"><span class='ocrx_word' id='word_1_221' title='bbox 295 2486 485 2536; x_wconf 85' lang='lat' dir='ltr'><strong>Semidtametsr</strong></span> <span class='ocrx_word' id='word_1_222' title='bbox 502 2484 537 2555; x_wconf 76' lang='grc' dir='ltr'>Θ</span> <span class='ocrx_word' id='word_1_223' title='bbox 777 2489 819 2538; x_wconf 80' lang='grc'><strong>15.</strong></span> <span class='ocrx_word' id='word_1_224' title='bbox 856 2487 873 2536; x_wconf 82' lang='lat'>³</span> 
     </span>
     <span class='ocr_line' id='line_1_26' title="bbox 383 2558 873 2609; baseline -0.01 0"><span class='ocrx_word' id='word_1_225' title='bbox 383 2592 395 2609; x_wconf 65' lang='grc' dir='ltr'><strong>η</strong></span> <span class='ocrx_word' id='word_1_226' title='bbox 503 2558 605 2605; x_wconf 83' lang='lat' dir='ltr'><strong>umbrae</strong></span> <span class='ocrx_word' id='word_1_227' title='bbox 665 2596 671 2609; x_wconf 91' lang='lat'><em>.</em></span> <span class='ocrx_word' id='word_1_228' title='bbox 710 2592 717 2608; x_wconf 86' lang='lat'><strong>.</strong></span> <span class='ocrx_word' id='word_1_229' title='bbox 776 2558 819 2606; x_wconf 81' lang='lat' dir='ltr'><strong>te.</strong></span> <span class='ocrx_word' id='word_1_230' title='bbox 840 2558 873 2605; x_wconf 87' lang='grc'><strong>16</strong></span> 
     </span>
    </p>
   </div>
   <div class='ocr_carea' id='block_1_7' title="bbox 373 2745 1271 2883">
    <p class='ocr_par' dir='ltr' id='par_1_7' title="bbox 373 2745 1271 2883">
     <span class='ocr_line' id='line_1_27' title="bbox 376 2745 1271 2800; baseline 0.006 -6"><span class='ocrx_word' id='word_1_231' title='bbox 376 2745 480 2795; x_wconf 88' lang='lat' dir='ltr'><strong>Summa</strong></span> <span class='ocrx_word' id='word_1_232' title='bbox 496 2748 740 2799; x_wconf 82' lang='lat' dir='ltr'><strong>semidiametrorum</strong></span> <span class='ocrx_word' id='word_1_233' title='bbox 777 2750 819 2798; x_wconf 74' lang='lat' dir='ltr'><strong>ob.</strong></span> <span class='ocrx_word' id='word_1_234' title='bbox 840 2749 896 2797; x_wconf 75' lang='lat'><strong>32·</strong></span> <span class='ocrx_word' id='word_1_235' title='bbox 934 2786 1160 2800; x_wconf 91' lang='grc'><strong>......</strong></span> <span class='ocrx_word' id='word_1_236' title='bbox 1263 2783 1271 2799; x_wconf 91' lang='grc'><strong>.</strong></span> 
     </span>
     <span class='ocr_line' id='line_1_28' title="bbox 373 2816 873 2883; baseline 0.01 -19"><span class='ocrx_word' id='word_1_237' title='bbox 373 2816 522 2866; x_wconf 83' lang='lat' dir='ltr'><strong>Ditterautla</strong></span> <span class='ocrx_word' id='word_1_238' title='bbox 611 2854 626 2883; x_wconf 92' lang='lat'><em>„</em></span> <span class='ocrx_word' id='word_1_239' title='bbox 776 2820 819 2869; x_wconf 78' lang='lat'><strong>³3.</strong></span> <span class='ocrx_word' id='word_1_240' title='bbox 856 2820 873 2868; x_wconf 91' lang='lat'>0</span> 
     </span>
    </p>
   </div>
   <div class='ocr_carea' id='block_1_8' title="bbox 143 2901 1466 3025">
    <p class='ocr_par' dir='ltr' id='par_1_8' title="bbox 143 2901 1466 3025">
     <span class='ocr_line' id='line_1_29' title="bbox 143 2901 1466 2970; baseline -0.001 -19"><span class='ocrx_word' id='word_1_241' title='bbox 143 2901 206 2951; x_wconf 84' lang='lat' dir='ltr'><strong>Cum</strong></span> <span class='ocrx_word' id='word_1_242' title='bbox 224 2902 333 2952; x_wconf 82' lang='lat' dir='ltr'><strong>latitudo</strong></span> <span class='ocrx_word' id='word_1_243' title='bbox 353 2905 387 2951; x_wconf 71' lang='lat' dir='ltr'><strong>sit</strong></span> <span class='ocrx_word' id='word_1_244' title='bbox 403 2906 537 2970; x_wconf 85' lang='lat' dir='ltr'><strong>utrobique</strong></span> <span class='ocrx_word' id='word_1_245' title='bbox 555 2910 608 2954; x_wconf 84' lang='lat' dir='ltr'><strong>tum</strong></span> <span class='ocrx_word' id='word_1_246' title='bbox 626 2907 724 2967; x_wconf 80' lang='lat' dir='ltr'><strong>exigue,</strong></span> <span class='ocrx_word' id='word_1_247' title='bbox 743 2903 860 2968; x_wconf 85' lang='lat' dir='ltr'><strong>scrupula</strong></span> <span class='ocrx_word' id='word_1_248' title='bbox 879 2905 1018 2954; x_wconf 80' lang='lat' dir='ltr'><strong>durationis</strong></span> <span class='ocrx_word' id='word_1_249' title='bbox 1031 2909 1094 2954; x_wconf 88' lang='lat' dir='ltr'><strong>eitra</strong></span> <span class='ocrx_word' id='word_1_250' title='bbox 1106 2902 1228 2953; x_wconf 83' lang='lat' dir='ltr'><strong>caleulum</strong></span> <span class='ocrx_word' id='word_1_251' title='bbox 1247 2903 1280 2951; x_wconf 80' lang='lat' dir='ltr'><strong>ael</strong></span> <span class='ocrx_word' id='word_1_252' title='bbox 1293 2916 1390 2953; x_wconf 87' lang='lat' dir='ltr'><strong>emusm</strong></span> <span class='ocrx_word' id='word_1_253' title='bbox 1401 2912 1466 2950; x_wconf 72' lang='lat' dir='ltr'><strong>scutit</strong></span> 
     </span>
     <span class='ocr_line' id='line_1_30' title="bbox 243 2975 614 3025; baseline 0.008 -4"><span class='ocrx_word' id='word_1_254' title='bbox 243 2975 408 3022; x_wconf 86' lang='lat' dir='ltr'><strong>subtilitatem</strong></span> <span class='ocrx_word' id='word_1_255' title='bbox 427 2981 501 3022; x_wconf 89' lang='lat' dir='ltr'><strong>eruut</strong></span> <span class='ocrx_word' id='word_1_256' title='bbox 518 2975 614 3025; x_wconf 86' lang='lat' dir='ltr'><strong>eadem.</strong></span> 
     </span>
    </p>
   </div>
   <div class='ocr_carea' id='block_1_9' title="bbox 297 3058 881 3125">
    <p class='ocr_par' dir='ltr' id='par_1_9' title="bbox 297 3058 881 3125">
     <span class='ocr_line' id='line_1_31' title="bbox 297 3058 881 3125; baseline 0.012 -18"><span class='ocrx_word' id='word_1_257' title='bbox 297 3061 377 3108; x_wconf 87' lang='lat' dir='ltr'><strong>Verus</strong></span> <span class='ocrx_word' id='word_1_258' title='bbox 396 3061 560 3125; x_wconf 60' lang='lat' dir='ltr'><strong>horarius)</strong></span> <span class='ocrx_word' id='word_1_259' title='bbox 619 3101 625 3113; x_wconf 92' lang='lat'>.</span> <span class='ocrx_word' id='word_1_260' title='bbox 664 3098 668 3109; x_wconf 94' lang='lat'><em>.</em></span> <span class='ocrx_word' id='word_1_261' title='bbox 708 3101 714 3112; x_wconf 94' lang='lat'>.</span> <span class='ocrx_word' id='word_1_262' title='bbox 811 3058 819 3083; x_wconf 89' lang='lat'><strong><em>¹</em></strong></span> <span class='ocrx_word' id='word_1_263' title='bbox 874 3058 881 3083; x_wconf 87' lang='lat'><strong><em>‘</em></strong></span> 
     </span>
    </p>
   </div>
   <div class='ocr_carea' id='block_1_10' title="bbox 449 3129 816 3199">
    <p class='ocr_par' dir='ltr' id='par_1_10' title="bbox 449 3129 816 3199">
     <span class='ocr_line' id='line_1_32' title="bbox 449 3129 816 3199; baseline 0 -9"><span class='ocrx_word' id='word_1_264' title='bbox 449 3129 816 3199; x_wconf 72' lang='grc' dir='ltr'><strong>.Θ....</strong></span> 
     </span>
    </p>
   </div>
   <div class='ocr_carea' id='block_1_11' title="bbox 142 3286 1413 3940">
    <p class='ocr_par' dir='ltr' id='par_1_11' title="bbox 142 3286 1413 3940">
     <span class='ocr_line' id='line_1_33' title="bbox 333 3286 813 3311; baseline 0 -10"><span class='ocrx_word' id='word_1_265' title='bbox 333 3286 345 3311; x_wconf 81' lang='lat'><strong>,</strong></span> <span class='ocrx_word' id='word_1_266' title='bbox 661 3289 668 3303; x_wconf 92' lang='lat'><strong>.</strong></span> <span class='ocrx_word' id='word_1_267' title='bbox 705 3290 711 3301; x_wconf 91' lang='lat'>.</span> <span class='ocrx_word' id='word_1_268' title='bbox 808 3290 813 3301; x_wconf 93' lang='lat'><strong>.</strong></span> 
     </span>
     <span class='ocr_line' id='line_1_34' title="bbox 295 3322 844 3374; baseline 0.002 -4"><span class='ocrx_word' id='word_1_269' title='bbox 295 3322 524 3371; x_wconf 81' lang='lat' dir='ltr'><strong>Dimidiaduratie</strong></span> <span class='ocrx_word' id='word_1_270' title='bbox 569 3361 576 3374; x_wconf 88' lang='lat'><strong>.</strong></span> <span class='ocrx_word' id='word_1_271' title='bbox 613 3362 619 3373; x_wconf 85' lang='lat'>.</span> <span class='ocrx_word' id='word_1_272' title='bbox 694 3361 700 3373; x_wconf 88' lang='lat'><strong>.</strong></span> <span class='ocrx_word' id='word_1_273' title='bbox 802 3354 844 3372; x_wconf 70' lang='lat'><strong>.-</strong></span> 
     </span>
     <span class='ocr_line' id='line_1_35' title="bbox 295 3393 702 3444; baseline 0.008 -5"><span class='ocrx_word' id='word_1_274' title='bbox 295 3393 407 3440; x_wconf 88' lang='lat' dir='ltr'><strong>Dimidia</strong></span> <span class='ocrx_word' id='word_1_275' title='bbox 425 3407 494 3440; x_wconf 83' lang='lat' dir='ltr'><strong>mora</strong></span> <span class='ocrx_word' id='word_1_276' title='bbox 530 3431 535 3441; x_wconf 93' lang='lat'>.</span> <span class='ocrx_word' id='word_1_277' title='bbox 574 3432 579 3443; x_wconf 88' lang='lat'>.</span> <span class='ocrx_word' id='word_1_278' title='bbox 617 3431 623 3444; x_wconf 94' lang='lat'><strong><em>.</em></strong></span> <span class='ocrx_word' id='word_1_279' title='bbox 697 3432 702 3443; x_wconf 89' lang='lat'>.</span> 
     </span>
     <span class='ocr_line' id='line_1_36' title="bbox 347 3464 861 3531; baseline 0 -21"><span class='ocrx_word' id='word_1_280' title='bbox 347 3464 623 3513; x_wconf 86' lang='lat' dir='ltr'><strong>Initium....</strong></span> <span class='ocrx_word' id='word_1_281' title='bbox 696 3498 745 3511; x_wconf 92' lang='lat'><strong>..</strong></span> <span class='ocrx_word' id='word_1_282' title='bbox 802 3474 861 3531; x_wconf 64' lang='lat' dir='ltr'><strong>.J..</strong></span> 
     </span>
     <span class='ocr_line' id='line_1_37' title="bbox 347 3531 852 3583; baseline 0.002 -4"><span class='ocrx_word' id='word_1_283' title='bbox 347 3531 491 3580; x_wconf 83' lang='lat' dir='ltr'><strong>Ineltlentirt</strong></span> <span class='ocrx_word' id='word_1_284' title='bbox 532 3566 537 3578; x_wconf 89' lang='lat'><strong>.</strong></span> <span class='ocrx_word' id='word_1_285' title='bbox 575 3569 580 3581; x_wconf 91' lang='lat'><strong>.</strong></span> <span class='ocrx_word' id='word_1_286' title='bbox 618 3569 623 3579; x_wconf 91' lang='lat'><strong>.</strong></span> <span class='ocrx_word' id='word_1_287' title='bbox 696 3571 701 3583; x_wconf 86' lang='lat'>.</span> <span class='ocrx_word' id='word_1_288' title='bbox 846 3534 852 3561; x_wconf 78' lang='lat'><strong>⁴</strong></span> 
     </span>
     <span class='ocr_line' id='line_1_38' title="bbox 349 3602 623 3652; baseline 0.004 -4"><span class='ocrx_word' id='word_1_289' title='bbox 349 3602 493 3650; x_wconf 86' lang='lat' dir='ltr'><strong>Emersio.</strong></span> <span class='ocrx_word' id='word_1_290' title='bbox 531 3640 537 3652; x_wconf 87' lang='lat'>.</span> <span class='ocrx_word' id='word_1_291' title='bbox 575 3639 580 3650; x_wconf 91' lang='lat'>.</span> <span class='ocrx_word' id='word_1_292' title='bbox 619 3640 623 3649; x_wconf 95' lang='lat'>.</span> 
     </span>
     <span class='ocr_line' id='line_1_39' title="bbox 348 3671 624 3722; baseline 0.007 -4"><span class='ocrx_word' id='word_1_293' title='bbox 348 3671 449 3722; x_wconf 83' lang='lat' dir='ltr'><strong>Finis.</strong></span> <span class='ocrx_word' id='word_1_294' title='bbox 488 3708 494 3721; x_wconf 93' lang='lat'><em>.</em></span> <span class='ocrx_word' id='word_1_295' title='bbox 533 3711 537 3719; x_wconf 95' lang='lat'>.</span> <span class='ocrx_word' id='word_1_296' title='bbox 576 3707 580 3717; x_wconf 92' lang='lat'>.</span> <span class='ocrx_word' id='word_1_297' title='bbox 619 3708 624 3720; x_wconf 92' lang='lat'><strong>.</strong></span> 
     </span>
     <span class='ocr_line' id='line_1_40' title="bbox 142 3741 714 3801; baseline 0 -13"><span class='ocrx_word' id='word_1_298' title='bbox 142 3741 266 3801; x_wconf 74' lang='lat' dir='ltr'><strong>Aequatio</strong></span> <span class='ocrx_word' id='word_1_299' title='bbox 285 3742 404 3801; x_wconf 84' lang='lat' dir='ltr'><strong>temporis</strong></span> <span class='ocrx_word' id='word_1_300' title='bbox 423 3741 566 3801; x_wconf 78' lang='lat' dir='ltr'><strong>Tycbouira</strong></span> <span class='ocrx_word' id='word_1_301' title='bbox 620 3777 627 3792; x_wconf 84' lang='lat'><strong>.</strong></span> <span class='ocrx_word' id='word_1_302' title='bbox 665 3777 670 3788; x_wconf 92' lang='lat'>.</span> <span class='ocrx_word' id='word_1_303' title='bbox 709 3777 714 3788; x_wconf 93' lang='lat'>.</span> 
     </span>
     <span class='ocr_line' id='line_1_41' title="bbox 332 3812 1404 3863; baseline -0.001 -2"><span class='ocrx_word' id='word_1_304' title='bbox 332 3845 344 3861; x_wconf 82' lang='grc'><strong>..</strong></span> <span class='ocrx_word' id='word_1_305' title='bbox 423 3812 624 3860; x_wconf 71' lang='lat' dir='ltr'><strong>astronomica.</strong></span> <span class='ocrx_word' id='word_1_306' title='bbox 662 3847 666 3856; x_wconf 93' lang='lat'>.</span> <span class='ocrx_word' id='word_1_307' title='bbox 705 3850 709 3859; x_wconf 93' lang='lat'>.</span> <span class='ocrx_word' id='word_1_308' title='bbox 767 3816 808 3863; x_wconf 80' lang='lat'><strong>15.</strong></span> <span class='ocrx_word' id='word_1_309' title='bbox 845 3812 938 3859; x_wconf 83' lang='lat' dir='ltr'><strong>tlurld.</strong></span> <span class='ocrx_word' id='word_1_310' title='bbox 971 3849 976 3859; x_wconf 92' lang='lat'><em>.</em></span> <span class='ocrx_word' id='word_1_311' title='bbox 1013 3848 1020 3861; x_wconf 85' lang='lat'><strong>.</strong></span> <span class='ocrx_word' id='word_1_312' title='bbox 1060 3851 1063 3858; x_wconf 94' lang='lat'>.</span> <span class='ocrx_word' id='word_1_313' title='bbox 1102 3846 1107 3857; x_wconf 90' lang='lat'>.</span> <span class='ocrx_word' id='word_1_314' title='bbox 1144 3847 1148 3856; x_wconf 94' lang='lat'>.</span> <span class='ocrx_word' id='word_1_315' title='bbox 1187 3849 1192 3859; x_wconf 92' lang='lat'><em>.</em></span> <span class='ocrx_word' id='word_1_316' title='bbox 1232 3814 1274 3863; x_wconf 82' lang='grc'><strong>16.</strong></span> <span class='ocrx_word' id='word_1_317' title='bbox 1312 3812 1404 3861; x_wconf 70' lang='lat' dir='ltr'><strong>Oudai.</strong></span> 
     </span>
     <span class='ocr_line' id='line_1_42' title="bbox 334 3881 1413 3940; baseline 0.002 -12"><span class='ocrx_word' id='word_1_318' title='bbox 334 3915 345 3939; x_wconf 85' lang='lat'><strong>,</strong></span> <span class='ocrx_word' id='word_1_319' title='bbox 425 3881 532 3940; x_wconf 86' lang='lat' dir='ltr'><strong>Pbysicn</strong></span> <span class='ocrx_word' id='word_1_320' title='bbox 573 3919 579 3930; x_wconf 86' lang='lat'><strong>.</strong></span> <span class='ocrx_word' id='word_1_321' title='bbox 618 3922 622 3930; x_wconf 93' lang='lat'>.</span> <span class='ocrx_word' id='word_1_322' title='bbox 662 3921 668 3932; x_wconf 92' lang='lat'><em>.</em></span> <span class='ocrx_word' id='word_1_323' title='bbox 706 3916 712 3929; x_wconf 90' lang='lat'><strong>.</strong></span> <span class='ocrx_word' id='word_1_324' title='bbox 787 3888 810 3932; x_wconf 89' lang='lat'><strong>1.</strong></span> <span class='ocrx_word' id='word_1_325' title='bbox 848 3886 864 3929; x_wconf 89' lang='lat' dir='ltr'><strong>o</strong></span> <span class='ocrx_word' id='word_1_326' title='bbox 883 3882 974 3931; x_wconf 85' lang='lat' dir='ltr'><strong>subt..</strong></span> <span class='ocrx_word' id='word_1_327' title='bbox 1013 3919 1019 3930; x_wconf 84' lang='lat'>.</span> <span class='ocrx_word' id='word_1_328' title='bbox 1056 3915 1062 3925; x_wconf 89' lang='lat'><strong>.</strong></span> <span class='ocrx_word' id='word_1_329' title='bbox 1101 3919 1107 3930; x_wconf 87' lang='lat'><em>.</em></span> <span class='ocrx_word' id='word_1_330' title='bbox 1146 3916 1153 3929; x_wconf 86' lang='lat'><strong>.</strong></span> <span class='ocrx_word' id='word_1_331' title='bbox 1190 3919 1194 3927; x_wconf 93' lang='lat'><em>.</em></span> <span class='ocrx_word' id='word_1_332' title='bbox 1250 3888 1273 3931; x_wconf 79' lang='lat' dir='ltr'><strong>tt,</strong></span> <span class='ocrx_word' id='word_1_333' title='bbox 1312 3884 1413 3929; x_wconf 78' lang='lat' dir='ltr'><strong>tisubt.</strong></span> 
     </span>
    </p>
   </div>
   <div class='ocr_carea' id='block_1_12' title="bbox 140 4001 1483 4869">
    <p class='ocr_par' dir='ltr' id='par_1_12' title="bbox 140 4001 1483 4515">
     <span class='ocr_line' id='line_1_43' title="bbox 245 4001 1480 4080; baseline 0.001 -19"><span class='ocrx_word' id='word_1_334' title='bbox 245 4002 329 4062; x_wconf 89' lang='lat' dir='ltr'><strong>Haec</strong></span> <span class='ocrx_word' id='word_1_335' title='bbox 352 4012 397 4063; x_wconf 90' lang='lat' dir='ltr'><strong>est</strong></span> <span class='ocrx_word' id='word_1_336' title='bbox 419 4001 574 4080; x_wconf 83' lang='lat' dir='ltr'><strong>descriptio</strong></span> <span class='ocrx_word' id='word_1_337' title='bbox 598 4003 828 4063; x_wconf 85' lang='lat' dir='ltr'><strong>demonstrativa</strong></span> <span class='ocrx_word' id='word_1_338' title='bbox 850 4003 953 4063; x_wconf 85' lang='lat' dir='ltr'><strong>borunr</strong></span> <span class='ocrx_word' id='word_1_339' title='bbox 978 4002 1181 4077; x_wconf 86' lang='lat' dir='ltr'><strong>deliquiorum.</strong></span> <span class='ocrx_word' id='word_1_340' title='bbox 1220 4004 1357 4064; x_wconf 81' lang='lat' dir='ltr'><strong>Ceterum</strong></span> <span class='ocrx_word' id='word_1_341' title='bbox 1374 4006 1403 4061; x_wconf 89' lang='lat' dir='ltr'><strong>in</strong></span> <span class='ocrx_word' id='word_1_342' title='bbox 1419 4012 1480 4063; x_wconf 87' lang='lat' dir='ltr'><strong>teto·</strong></span> 
     </span>
     <span class='ocr_line' id='line_1_44' title="bbox 140 4089 1482 4169; baseline -0.001 -17"><span class='ocrx_word' id='word_1_343' title='bbox 140 4107 210 4169; x_wconf 90' lang='lat' dir='ltr'><strong>pore</strong></span> <span class='ocrx_word' id='word_1_344' title='bbox 233 4107 332 4150; x_wconf 89' lang='lat' dir='ltr'><strong>morae</strong></span> <span class='ocrx_word' id='word_1_345' title='bbox 353 4107 471 4149; x_wconf 87' lang='lat' dir='ltr'><strong>sensum</strong></span> <span class='ocrx_word' id='word_1_346' title='bbox 495 4090 653 4151; x_wconf 89' lang='lat' dir='ltr'><strong>reclamare</strong></span> <span class='ocrx_word' id='word_1_347' title='bbox 676 4107 795 4150; x_wconf 89' lang='lat' dir='ltr'><strong>necesse</strong></span> <span class='ocrx_word' id='word_1_348' title='bbox 819 4101 872 4149; x_wconf 85' lang='lat' dir='ltr'><strong>eat.</strong></span> <span class='ocrx_word' id='word_1_349' title='bbox 919 4090 992 4148; x_wconf 86' lang='lat' dir='ltr'><strong>Cum</strong></span> <span class='ocrx_word' id='word_1_350' title='bbox 1016 4092 1092 4149; x_wconf 89' lang='lat' dir='ltr'><strong>enim</strong></span> <span class='ocrx_word' id='word_1_351' title='bbox 1117 4089 1200 4149; x_wconf 67' lang='lat' dir='ltr'><strong>lrnna</strong></span> <span class='ocrx_word' id='word_1_352' title='bbox 1222 4098 1286 4149; x_wconf 84' lang='lat' dir='ltr'><strong>totu</strong></span> <span class='ocrx_word' id='word_1_353' title='bbox 1309 4094 1339 4149; x_wconf 93' lang='lat' dir='ltr'><strong>in</strong></span> <span class='ocrx_word' id='word_1_354' title='bbox 1364 4092 1482 4151; x_wconf 84' lang='lat' dir='ltr'><strong>umbram</strong></span> 
     </span>
     <span class='ocr_line' id='line_1_45' title="bbox 142 4177 1483 4255; baseline -0.004 -17"><span class='ocrx_word' id='word_1_355' title='bbox 142 4187 187 4238; x_wconf 91' lang='lat' dir='ltr'><strong>cst</strong></span> <span class='ocrx_word' id='word_1_356' title='bbox 210 4180 354 4251; x_wconf 90' lang='lat' dir='ltr'><strong>immersa,</strong></span> <span class='ocrx_word' id='word_1_357' title='bbox 378 4195 437 4253; x_wconf 87' lang='lat' dir='ltr'><strong>qua</strong></span> <span class='ocrx_word' id='word_1_358' title='bbox 459 4185 542 4254; x_wconf 88' lang='lat' dir='ltr'><strong>parte</strong></span> <span class='ocrx_word' id='word_1_359' title='bbox 565 4180 780 4255; x_wconf 88' lang='lat' dir='ltr'><strong>appropinquat</strong></span> <span class='ocrx_word' id='word_1_360' title='bbox 804 4180 933 4236; x_wconf 87' lang='lat' dir='ltr'><strong>terminis</strong></span> <span class='ocrx_word' id='word_1_361' title='bbox 958 4178 1086 4248; x_wconf 88' lang='lat' dir='ltr'><strong>umbrae,</strong></span> <span class='ocrx_word' id='word_1_362' title='bbox 1111 4180 1205 4236; x_wconf 87' lang='lat' dir='ltr'><strong>omnis</strong></span> <span class='ocrx_word' id='word_1_363' title='bbox 1221 4197 1238 4237; x_wconf 89' lang='lat' dir='ltr'><strong>a</strong></span> <span class='ocrx_word' id='word_1_364' title='bbox 1253 4178 1393 4237; x_wconf 82' lang='lat' dir='ltr'><strong>secundis</strong></span> <span class='ocrx_word' id='word_1_365' title='bbox 1407 4177 1483 4238; x_wconf 86' lang='lat' dir='ltr'><strong>radiis</strong></span> 
     </span>
     <span class='ocr_line' id='line_1_46' title="bbox 141 4265 1483 4343; baseline 0 -20"><span class='ocrx_word' id='word_1_366' title='bbox 141 4267 219 4325; x_wconf 87' lang='lat' dir='ltr'><strong>iacta</strong></span> <span class='ocrx_word' id='word_1_367' title='bbox 242 4265 398 4325; x_wconf 88' lang='lat' dir='ltr'><strong>illustratio</strong></span> <span class='ocrx_word' id='word_1_368' title='bbox 418 4282 471 4341; x_wconf 94' lang='lat' dir='ltr'><strong>pro</strong></span> <span class='ocrx_word' id='word_1_369' title='bbox 486 4265 596 4324; x_wconf 90' lang='lat' dir='ltr'><strong>lumine</strong></span> <span class='ocrx_word' id='word_1_370' title='bbox 612 4282 691 4325; x_wconf 93' lang='lat' dir='ltr'><strong>mero</strong></span> <span class='ocrx_word' id='word_1_371' title='bbox 706 4265 839 4337; x_wconf 88' lang='lat' dir='ltr'><strong>babetur,</strong></span> <span class='ocrx_word' id='word_1_372' title='bbox 864 4268 963 4339; x_wconf 88' lang='lat' dir='ltr'><strong>itaque</strong></span> <span class='ocrx_word' id='word_1_373' title='bbox 979 4265 1066 4339; x_wconf 89' lang='lat' dir='ltr'><strong>longe</strong></span> <span class='ocrx_word' id='word_1_374' title='bbox 1082 4266 1226 4341; x_wconf 86' lang='lat' dir='ltr'><strong>posterius</strong></span> <span class='ocrx_word' id='word_1_375' title='bbox 1242 4267 1386 4343; x_wconf 83' lang='lat' dir='ltr'><strong>immergi,</strong></span> <span class='ocrx_word' id='word_1_376' title='bbox 1410 4265 1483 4340; x_wconf 79' lang='lat' dir='ltr'><strong>torp</strong></span> 
     </span>
     <span class='ocr_line' id='line_1_47' title="bbox 142 4352 1483 4430; baseline -0.002 -18"><span class='ocrx_word' id='word_1_377' title='bbox 142 4355 227 4412; x_wconf 88' lang='lat' dir='ltr'><strong>citius</strong></span> <span class='ocrx_word' id='word_1_378' title='bbox 256 4369 402 4428; x_wconf 83' lang='lat' dir='ltr'><strong>emergere</strong></span> <span class='ocrx_word' id='word_1_379' title='bbox 426 4353 605 4425; x_wconf 88' lang='lat' dir='ltr'><strong>censebitur,</strong></span> <span class='ocrx_word' id='word_1_380' title='bbox 637 4355 806 4430; x_wconf 87' lang='lat' dir='ltr'><strong>praesertim</strong></span> <span class='ocrx_word' id='word_1_381' title='bbox 830 4355 858 4409; x_wconf 92' lang='lat' dir='ltr'><strong>in</strong></span> <span class='ocrx_word' id='word_1_382' title='bbox 882 4354 1051 4427; x_wconf 86' lang='lat' dir='ltr'><strong>posteriore.</strong></span> <span class='ocrx_word' id='word_1_383' title='bbox 1098 4352 1243 4411; x_wconf 78' lang='lat' dir='ltr'><strong>Fortassis</strong></span> <span class='ocrx_word' id='word_1_384' title='bbox 1267 4357 1357 4412; x_wconf 89' lang='lat' dir='ltr'><strong>otiam</strong></span> <span class='ocrx_word' id='word_1_385' title='bbox 1382 4352 1483 4413; x_wconf 76' lang='lat' dir='ltr'><strong>(lumbo</strong></span> 
     </span>
     <span class='ocr_line' id='line_1_48' title="bbox 143 4438 1363 4515; baseline 0.005 -20"><span class='ocrx_word' id='word_1_386' title='bbox 143 4439 241 4499; x_wconf 89' lang='lat' dir='ltr'><strong>totalis</strong></span> <span class='ocrx_word' id='word_1_387' title='bbox 266 4443 320 4500; x_wconf 90' lang='lat' dir='ltr'><strong>erit</strong></span> <span class='ocrx_word' id='word_1_388' title='bbox 342 4441 517 4499; x_wconf 88' lang='lat' dir='ltr'><strong>contractior</strong></span> <span class='ocrx_word' id='word_1_389' title='bbox 539 4447 657 4515; x_wconf 89' lang='lat' dir='ltr'><strong>propter</strong></span> <span class='ocrx_word' id='word_1_390' title='bbox 680 4456 797 4498; x_wconf 86' lang='lat' dir='ltr'><strong>eatrsam</strong></span> <span class='ocrx_word' id='word_1_391' title='bbox 820 4456 946 4507; x_wconf 84' lang='lat' dir='ltr'><strong>caecam,</strong></span> <span class='ocrx_word' id='word_1_392' title='bbox 973 4438 1009 4497; x_wconf 92' lang='lat' dir='ltr'><strong>de</strong></span> <span class='ocrx_word' id='word_1_393' title='bbox 1032 4440 1142 4514; x_wconf 87' lang='lat' dir='ltr'><strong>quain</strong></span> <span class='ocrx_word' id='word_1_394' title='bbox 1166 4455 1242 4497; x_wconf 89' lang='lat' dir='ltr'><strong>anno</strong></span> <span class='ocrx_word' id='word_1_395' title='bbox 1267 4444 1363 4502; x_wconf 76' lang='lat'>1624.</span> 
     </span>
    </p>

    <p class='ocr_par' dir='ltr' id='par_1_13' title="bbox 141 4525 1483 4869">
     <span class='ocr_line' id='line_1_49' title="bbox 245 4525 1483 4606; baseline 0.001 -22"><span class='ocrx_word' id='word_1_396' title='bbox 245 4527 402 4587; x_wconf 89' lang='lat' dir='ltr'><strong>Praeterea</strong></span> <span class='ocrx_word' id='word_1_397' title='bbox 425 4535 455 4586; x_wconf 92' lang='lat' dir='ltr'><strong>et</strong></span> <span class='ocrx_word' id='word_1_398' title='bbox 478 4529 593 4586; x_wconf 88' lang='lat' dir='ltr'><strong>occasio</strong></span> <span class='ocrx_word' id='word_1_399' title='bbox 618 4525 848 4586; x_wconf 84' lang='lat' dir='ltr'><strong>commendantia</strong></span> <span class='ocrx_word' id='word_1_400' title='bbox 870 4534 914 4585; x_wconf 88' lang='lat' dir='ltr'><strong>est</strong></span> <span class='ocrx_word' id='word_1_401' title='bbox 937 4525 1057 4600; x_wconf 82' lang='lat' dir='ltr'><strong>regulae</strong></span> <span class='ocrx_word' id='word_1_402' title='bbox 1080 4542 1162 4584; x_wconf 90' lang='lat' dir='ltr'><strong>meae</strong></span> <span class='ocrx_word' id='word_1_403' title='bbox 1186 4535 1231 4584; x_wconf 89' lang='lat' dir='ltr'><strong>sat</strong></span> <span class='ocrx_word' id='word_1_404' title='bbox 1254 4527 1356 4587; x_wconf 87' lang='lat' dir='ltr'><strong>multis</strong></span> <span class='ocrx_word' id='word_1_405' title='bbox 1380 4526 1483 4606; x_wconf 81' lang='lat' dir='ltr'><strong>experi-</strong></span> 
     </span>
     <span class='ocr_line' id='line_1_50' title="bbox 141 4612 1483 4692; baseline -0.003 -19"><span class='ocrx_word' id='word_1_406' title='bbox 141 4616 246 4673; x_wconf 89' lang='lat' dir='ltr'><strong>mentis</strong></span> <span class='ocrx_word' id='word_1_407' title='bbox 271 4615 486 4692; x_wconf 84' lang='lat' dir='ltr'><strong>comprobatae,</strong></span> <span class='ocrx_word' id='word_1_408' title='bbox 510 4613 735 4690; x_wconf 88' lang='lat' dir='ltr'><strong>videndumque,</strong></span> <span class='ocrx_word' id='word_1_409' title='bbox 760 4632 827 4670; x_wconf 89' lang='lat' dir='ltr'><strong>num</strong></span> <span class='ocrx_word' id='word_1_410' title='bbox 852 4616 938 4671; x_wconf 81' lang='lat' dir='ltr'><strong>etiarn</strong></span> <span class='ocrx_word' id='word_1_411' title='bbox 964 4613 1018 4671; x_wconf 89' lang='lat' dir='ltr'><strong>bac</strong></span> <span class='ocrx_word' id='word_1_412' title='bbox 1042 4614 1106 4672; x_wconf 88' lang='lat' dir='ltr'><strong>vice</strong></span> <span class='ocrx_word' id='word_1_413' title='bbox 1129 4615 1167 4671; x_wconf 89' lang='lat' dir='ltr'><strong>sit</strong></span> <span class='ocrx_word' id='word_1_414' title='bbox 1181 4612 1318 4674; x_wconf 87' lang='lat' dir='ltr'><strong>valitura.</strong></span> <span class='ocrx_word' id='word_1_415' title='bbox 1357 4615 1392 4674; x_wconf 94' lang='lat' dir='ltr'><strong>In</strong></span> <span class='ocrx_word' id='word_1_416' title='bbox 1407 4612 1483 4692; x_wconf 89' lang='lat' dir='ltr'><strong>priori</strong></span> 
     </span>
     <span class='ocr_line' id='line_1_51' title="bbox 142 4699 1482 4778; baseline 0.004 -22"><span class='ocrx_word' id='word_1_417' title='bbox 142 4702 276 4759; x_wconf 91' lang='lat' dir='ltr'><strong>nimirum</strong></span> <span class='ocrx_word' id='word_1_418' title='bbox 301 4700 429 4778; x_wconf 90' lang='lat' dir='ltr'><strong>deliquio</strong></span> <span class='ocrx_word' id='word_1_419' title='bbox 451 4701 546 4773; x_wconf 87' lang='lat' dir='ltr'><strong>Luna,</strong></span> <span class='ocrx_word' id='word_1_420' title='bbox 570 4701 675 4762; x_wconf 90' lang='lat' dir='ltr'><strong>rubore</strong></span> <span class='ocrx_word' id='word_1_421' title='bbox 699 4699 789 4759; x_wconf 87' lang='lat' dir='ltr'><strong>nrulto</strong></span> <span class='ocrx_word' id='word_1_422' title='bbox 811 4700 941 4776; x_wconf 86' lang='lat' dir='ltr'><strong>perlusa,</strong></span> <span class='ocrx_word' id='word_1_423' title='bbox 966 4708 1028 4759; x_wconf 91' lang='lat' dir='ltr'><strong>toto</strong></span> <span class='ocrx_word' id='word_1_424' title='bbox 1053 4707 1182 4776; x_wconf 90' lang='lat' dir='ltr'><strong>tempure</strong></span> <span class='ocrx_word' id='word_1_425' title='bbox 1205 4717 1304 4761; x_wconf 87' lang='lat' dir='ltr'><strong>morae</strong></span> <span class='ocrx_word' id='word_1_426' title='bbox 1327 4720 1344 4762; x_wconf 93' lang='lat' dir='ltr'><strong>e</strong></span> <span class='ocrx_word' id='word_1_427' title='bbox 1366 4700 1482 4763; x_wconf 81' lang='lat' dir='ltr'><strong>tenebris</strong></span> 
     </span>
     <span class='ocr_line' id='line_1_52' title="bbox 142 4787 1482 4869; baseline 0.004 -23"><span class='ocrx_word' id='word_1_428' title='bbox 142 4788 278 4864; x_wconf 89' lang='lat' dir='ltr'><strong>enitebit,</strong></span> <span class='ocrx_word' id='word_1_429' title='bbox 302 4791 331 4847; x_wconf 92' lang='lat' dir='ltr'><strong>in</strong></span> <span class='ocrx_word' id='word_1_430' title='bbox 353 4791 506 4865; x_wconf 90' lang='lat' dir='ltr'><strong>posteriori</strong></span> <span class='ocrx_word' id='word_1_431' title='bbox 530 4790 675 4860; x_wconf 87' lang='lat' dir='ltr'><strong>vicissim,</strong></span> <span class='ocrx_word' id='word_1_432' title='bbox 699 4787 855 4849; x_wconf 89' lang='lat' dir='ltr'><strong>altissimas</strong></span> <span class='ocrx_word' id='word_1_433' title='bbox 879 4788 998 4848; x_wconf 89' lang='lat' dir='ltr'><strong>umbrae</strong></span> <span class='ocrx_word' id='word_1_434' title='bbox 1020 4794 1118 4865; x_wconf 82' lang='lat' dir='ltr'><strong>partes</strong></span> <span class='ocrx_word' id='word_1_435' title='bbox 1139 4787 1335 4866; x_wconf 88' lang='lat' dir='ltr'><strong>pervolitans,</strong></span> <span class='ocrx_word' id='word_1_436' title='bbox 1358 4790 1398 4852; x_wconf 81' lang='lat' dir='ltr'><strong>ael</strong></span> <span class='ocrx_word' id='word_1_437' title='bbox 1420 4802 1482 4869; x_wconf 79' lang='lat' dir='ltr'><strong>quat</strong></span> 
     </span>
    </p>
   </div>
   <div class='ocr_carea' id='block_1_13' title="bbox 0 0 1646 5520">
    <p class='ocr_par' dir='ltr' id='par_1_14' title="bbox 0 0 1646 5520">
     <span class='ocr_line' id='line_1_53' title="bbox 0 0 1646 5520; baseline 0 0"><span class='ocrx_word' id='word_1_438' title='bbox 0 0 1646 5520; x_wconf 95' lang='lat' dir='ltr'><strong> </strong></span> 
     </span>
    </p>
   </div>
  </div>
 </body>
</html>
