3284 5520
732 346 821 417 caru
837 346 900 403 111.-
1076 322 1080 331 ’
1417 344 1482 413 413

131 526 303 583 mamaeam
324 539 394 599 praa
416 522 552 583 omnibus
575 522 640 583 aliis
662 525 856 601 proportionis
879 523 958 585 illins
981 540 1154 598 mensnram,
1178 540 1272 599 coque
1291 540 1349 584 non
1373 526 1482 600 censui,

130 626 193 671 cam
217 627 384 671 mensnram
407 627 473 669 cum
495 609 554 669 alia
575 611 676 686 aliqua
699 612 852 672 arbitraria
873 610 1102 690 permutandam.
1374 684 1378 692 Ι

233 697 358 759 Accedit
385 700 567 776 comparatio
590 696 815 775 Heptacosiadis
839 716 905 758 cum
928 716 1040 760 canone
1060 701 1126 776 ipso
1149 697 1336 773 semicirculi3
1366 698 1483 777 expedit

128 786 205 844 enlm
233 784 353 846 eosdem
380 786 536 861 utrobique
564 802 648 846 arcus
671 788 811 863 sinusque
833 787 937 847 iisdem
960 788 1090 863 insigniri
1114 794 1143 846 ct
1165 788 1266 844 instrui
1289 785 1481 860 logatitbmis,

127 886 184 932 non
218 890 290 933 vero
320 873 402 931 abuti
426 873 546 931 arbitrio
569 875 598 930 in
621 872 755 947 eligenda
778 891 913 933 mensura
935 875 994 934 alia
1017 873 1079 947 hic,
1111 874 1172 932 alia
1193 874 1243 934 ibi.
1288 873 1430 933 Aemulus
1452 875 1482 931 in

128 957 282 1020 dominatu
304 960 441 1020 conciliat
463 962 572 1037 optime
595 964 756 1020 communis
778 965 904 1021 servitus
926 963 981 1022 sub
1001 963 1095 1035 tertio,
1119 977 1205 1037 quem
1228 962 1309 1037 origo
1333 960 1482 1019 dominum

126 1047 306 1125 ruppeditat.

235 1134 290 1193 His
319 1136 408 1210 igitur
435 1132 471 1194 da
498 1134 595 1192 causis
623 1134 727 1193 retinui
756 1135 786 1191 in
808 1133 865 1192 irae
887 1131 1105 1210 Heptacosiude
1127 1133 1367 1209 logarithmorum
1389 1151 1481 1210 genus

124 1220 218 1292 idem,
244 1221 324 1297 quod
347 1229 393 1281 est
415 1224 444 1279 in
468 1219 616 1295 chiliade3
641 1222 739 1294 itaque
763 1221 798 1279 de
822 1221 879 1278 illis
902 1224 975 1299 ipsis
998 1219 1139 1280 chiliadis
1162 1221 1331 1281 differentiis
1353 1239 1405 1282 sen
1428 1222 1482 1282 de·

124 1312 284 1369 cementis
315 1309 394 1367 mille
423 1311 517 1384 prima
546 1310 732 1384 septingenta
755 1317 784 1365 et
807 1310 910 1383 viginti
933 1304 1072 1389 (qnorum
1095 1311 1218 1385 primum
1241 1317 1286 1368 eat
1310 1315 1480 1381 caelata,

121 1392 459 1474 postremrrrir138.98)
482 1393 651 1471 simpliciter
675 1396 702 1451 in
726 1393 951 1470 Heptaeosiadia
970 1403 1142 1454 structuram
1159 1399 1338 1469 transsnmsi,
1362 1414 1398 1455 ex
1414 1399 1481 1472 qui-

121 1482 174 1541 bus
203 1481 380 1559 (secundum
396 1484 499 1558 capitis
517 1488 545 1540 8.
569 1484 598 1539 in
622 1479 824 1558 supplemento
848 1493 1033 1560 praeceptum
1051 1477 1085 1565 5)
1108 1492 1285 1543 exstruerem
1308 1485 1411 1543 seriem
1434 1484 1481 1542 lo·

121 1569 339 1642 :arithmorum
362 1569 561 1645 logisticorum
583 1567 716 1627 totidem.

233 1655 320 1733 Quod
343 1658 432 1733 igitur
455 1656 548 1730 vides,
572 1655 762 1732 logaritlrmos
785 1654 1011 1732 Heptacosiadis
1034 1657 1143 1735 primoa
1165 1664 1196 1715 et
1216 1656 1404 1734 longissimos
1427 1674 1480 1717 ex·

121 1762 244 1805 :urrere
267 1760 360 1820 usque
384 1743 420 1802 ad
444 1743 553 1819 figurae
576 1751 652 1813 octo,
677 1742 705 1801 id
728 1750 840 1801 tanturn
864 1744 1040 1803 astinetum
1064 1745 1101 1802 ob
1117 1742 1194 1803 banc
1208 1760 1307 1803 eorum
1322 1747 1479 1821 originem:

121 1834 236 1909 quippe
262 1848 327 1890 cum
348 1831 516 1905 logaritbmi
541 1829 682 1889 Chiliadis
705 1847 812 1906 magna
835 1829 986 1908 diligentia
1008 1832 1066 1889 sint
1089 1834 1254 1908 supputati,
1285 1833 1480 1906 integritatem

121 1919 356 1979 lifferentiarnm
379 1922 452 1978 inter
475 1935 526 1977 eos
549 1916 748 1976 decurtatione
768 1916 890 1977 duorum
906 1917 1035 1978 locorum
1052 1917 1218 1977 ultimorum
1234 1927 1373 1978 temerare
1388 1918 1480 1980 nolui.

121 2004 152 2066 lt
180 2015 287 2065 tamen
310 2005 341 2063 hi
356 2004 584 2083 Heptacosiadis
607 2005 685 2078 justa
708 2004 889 2082 longitudine
912 2005 1120 2083 responderent
1141 2004 1208 2076 illis,
1232 2007 1282 2082 qni
1305 2008 1414 2083 passim
1433 2008 1480 2064 in·

121 2096 191 2155 arti
228 2101 299 2151 sunl
329 2095 358 2150 iu
394 2092 510 2152 tabulas
538 2092 734 2168 planetarum,
769 2091 841 2151 duaa
875 2092 982 2167 ligurus
1014 2093 1131 2151 ultimas
1165 2101 1274 2168 puncto
1307 2096 1478 2169 interposito

123 2179 272 2254 rancidi,
297 2189 388 2239 ntea
411 2179 613 2257 dispunctione
637 2178 796 2238 calculator
818 2178 1036 2251 admoneretur,
1059 2196 1208 2253 nunquam
1227 2179 1351 2239 exscribi
1375 2183 1479 2239 necin

124 2286 211 2329 sum
235 2268 340 2327 harum
363 2266 481 2343 quidem
504 2265 670 2326 tabularum
694 2265 825 2325 adlriberl
849 2264 923 2324 duas
946 2266 1064 2323 ultimas
1087 2265 1208 2341 ligurus,
1240 2282 1315 2341 quae
1339 2275 1479 2342 punctum

121 2362 330 2433 uaequuntur.
370 2353 429 2413 Sed
453 2354 489 2412 de
511 2352 599 2428 lruJus
623 2354 862 2428 interpunctionis
878 2352 1090 2428 significatione
1106 2352 1191 2428 plura
1206 2350 1300 2411 dicam
1317 2355 1412 2430 capito
1429 2360 1478 2413 tr.

231 2442 269 2501 Et
291 2441 432 2499 hactenus
456 2439 491 2498 de
514 2439 699 2498 interioribus
724 2440 815 2498 tribus
840 2439 1001 2498 columellis
1024 2438 1252 2515 Heptacosiudis
1275 2442 1332 2514 egi.

230 2528 379 2605 Sequitur,
402 2536 434 2586 ut
457 2529 545 2586 etiam
569 2526 604 2585 dc
628 2529 765 2585 extremis
788 2525 891 2598 dicam,
915 2543 950 2585 ac
972 2528 1096 2602 primum
1112 2526 1147 2585 de
1164 2526 1267 2585 ultima
1281 2526 1319 2587 ad
1336 2526 1478 2587 dextram.

121 2617 169 2677 ist
199 2624 301 2674 autem
324 2624 353 2673 et
369 2617 434 2689 ista,
458 2622 490 2673 ut
506 2614 569 2690 ejus
585 2612 687 2672 titulus
703 2614 821 2686 indicat,
846 2615 1093 2687 sexagesimorum
1108 2615 1311 2690 scrupulorum
1325 2624 1356 2674 et
1370 2631 1477 2675 secuu-

121 2706 247 2776 lorum,
282 2719 359 2779 quae
382 2718 533 2762 nnmerum
556 2703 710 2777 sexaginta
731 2703 888 2776 primorum
912 2717 963 2759 seu
987 2703 1073 2758 unius
1096 2702 1200 2776 integri
1226 2710 1365 2778 superant
1394 2701 1479 2763 ideo·

121 2808 176 2868 {ne
205 2791 341 2866 partibus
366 2791 486 2866 integris
509 2789 670 2849 adbaerent
692 2787 764 2846 haec
778 2787 916 2863 scrupula
933 2795 962 2847 ot
975 2787 1114 2863 secunda,
1137 2790 1281 2863 integrum
1298 2789 1477 2851 excedentia.

121 2878 234 2937 iorum
257 2885 355 2936 autem
378 2875 527 2953 pleraque,
552 2864 627 2951 quae
650 2892 708 2933 non
730 2877 919 2934 terminantur
941 2874 1073 2947 rotunde,
1097 2875 1206 2934 babent
1222 2874 1356 2934 ultimum
1371 2894 1479 2937 secun·

121 2965 194 3024 lum
218 2963 419 3041 imperfectum
442 2981 478 3023 ex
501 2963 557 3022 lrac
581 2979 678 3035 eausa,
702 2964 773 3038 quia
794 2961 868 3023 baec
891 2962 1027 3038 scrupula
1049 2962 1088 3021 ad
1109 2980 1164 3021 sua
1187 2962 1320 3023 lateralia
1340 2965 1369 3021 iu
1389 2981 1477 3023 sexa·

121 3052 282 3129 :esimaria
310 3052 428 3110 sinistra
456 3052 499 3109 sic
529 3067 560 3109 se
591 3049 715 3122 babent,
747 3051 822 3108 sicut
853 3065 955 3109 secans
985 3067 1070 3109 arens
1093 3049 1132 3109 ad
1153 3052 1249 3109 sinum
1273 3051 1478 3127 complementi

121 3141 299 3199 sicutenim
318 3144 353 3197 δ”
371 3141 521 3197 cebebant
540 3140 574 3195 ad
594 3141 637 3195 60⁴
655 3154 703 3194 sen
725 3140 760 3208 1⁰,
788 3140 827 3194 sic
848 3143 877 3195 1⁰
900 3156 930 3195 se
952 3139 1036 3196 habet
1060 3140 1095 3196 nd
1113 3142 1188 3207 ⁷20⁰,
1213 3156 1262 3197 sen
1279 3139 1320 3195 12·
1340 3143 1385 3208 0¹⁶,
1409 3158 1479 3212 qnae

121 3236 189 3285 ‚unt
208 3226 338 3297 scrupula
355 3230 466 3297 talou),
494 3243 571 3298 quac
599 3224 695 3283 lineae
723 3224 893 3300 plerumque
920 3230 988 3282 sunt
1016 3225 1090 3283 inter
1117 3242 1150 3285 se
1173 3224 1479 3286 incommensurabiles

121 3312 252 3387 deoque
274 3309 356 3369 nullo
379 3328 498 3370 nurnero
523 3311 648 3389 periecle
671 3312 791 3387 exprimi
815 3317 935 3387 queunt.

230 3397 292 3457 Etsi
323 3414 392 3459 vero
415 3408 532 3475 propter
554 3399 630 3457 hanc
653 3415 770 3457 causam
794 3395 965 3457 decrescunt
987 3398 1017 3454 in
1039 3398 1095 3456 hac
1118 3397 1274 3459 columella
1295 3399 1369 3459 haec
1392 3415 1476 3460 scru-

121 3486 196 3548 rrrla
218 3485 427 3562 inaequaliter,
453 3485 636 3545 decrementa
658 3492 755 3546 tamen
779 3501 878 3543 eorum
900 3501 959 3545 nou
983 3486 1082 3544 censui
1104 3486 1323 3565 interponenda,
1347 3504 1382 3547 eo
1398 3486 1477 3563 quod

121 3590 198 3635 naec
220 3576 404 3650 sexagesima
427 3575 637 3649 privativorum
661 3576 753 3631 rarius
776 3574 804 3629 in
828 3588 914 3632 naum
937 3574 1064 3647 veniant,
1087 3576 1257 3651 praesertim
1274 3574 1324 3634 ubi
1339 3591 1476 3634 numerus

127 3668 303 3736 ntegrornm
326 3669 370 3720 est
394 3678 527 3737 maguus.
566 3659 696 3719 Eandem
718 3661 756 3719 ob
780 3676 898 3719 causam
922 3660 1010 3719 etiam
1025 3659 1222 3737 negligentius
1239 3679 1274 3722 ea
1290 3664 1400 3735 curavi,
1422 3678 1478 3721 nec

121 3750 244 3808 omnino
266 3765 319 3824 pro
342 3749 488 3808 accuratis
512 3748 562 3807 illa
586 3749 683 3806 omnia
706 3746 843 3823 vendit03
873 3747 1006 3806 fortassis
1033 3749 1109 3807 enim
1132 3748 1291 3809 secundum
1315 3766 1404 3809 unum
1427 3747 1476 3808 rel

121 3836 247 3896 alterum
270 3835 433 3895 abundabit
454 3835 501 3895 vel
523 3835 645 3905 deliciet,
668 3836 839 3910 praesertim
864 3851 965 3893 versus
979 3835 1094 3894 initium
1110 3834 1335 3911 lreptacosiadis.
1374 3834 1477 3912 Quan-

121 3939 212 3999 quam
236 3938 272 3982 eo
294 3940 389 3998 usque
412 3939 561 3999 nunquam
584 3924 612 3979 in
637 3922 681 3980 bis
706 3920 814 3981 tabulis
837 3921 1001 3980 extenditur
1023 3938 1123 3981 eorurn
1146 3940 1235 3997 usus,
1267 3926 1309 3983 sic
1337 3932 1370 3982 ut
1393 3922 1477 3982 colu·

121 4009 211 4070 malla
241 4011 299 4069 ista
328 4010 529 4069 tantummodo
559 4009 710 4069 decentiae
739 4017 768 4068 et
796 4010 972 4085 integritatis
999 4025 1089 4069 causa
1115 4027 1167 4087 per
1188 4017 1280 4070 totam
1304 4009 1435 4069 tabulam
1458 4029 1476 4069 a

121 4096 204 4157 ealce
228 4096 267 4155 ad
291 4105 388 4172 caput,
412 4114 464 4156 sen
487 4113 580 4174 usque
603 4095 640 4155 ad
666 4101 727 4154 tao
751 4098 865 4172 integra
888 4098 1059 4155 continuata
1080 4097 1127 4156 sit.

228 4183 401 4244 Inscribitur
422 4192 521 4244 antem
542 4186 599 4242 ista
623 4181 786 4257 columella,
810 4184 994 4258 sexagesima
1016 4186 1245 4259 privativorum,
1268 4186 1338 4260 quia
1360 4183 1476 4258 quoties

121 4268 226 4329 luorum
249 4269 452 4348 scrupulorum
473 4270 656 4346 logarithmis
680 4286 753 4345 opus
777 4278 829 4341 est,
852 4269 973 4346 praefigi
997 4269 1085 4330 debet
1105 4272 1178 4347 ipsis
1194 4272 1345 4348 exscriptis
1360 4273 1475 4345 signum

121 4388 165 4399 -
187 4359 378 4433 privativum.
423 4358 461 4416 Et
484 4360 627 4430 vicissim,
659 4358 774 4431 quoties
798 4355 989 4432 logaritbmus
1012 4358 1129 4417 offertur
1152 4375 1217 4416 curn
1241 4360 1326 4434 signo
1348 4390 1390 4401 -
1414 4358 1476 4434 pri·

121 4445 225 4504 sativo
248 4442 396 4521 praefixo,
429 4444 567 4521 scrupula
590 4461 640 4522 per
663 4460 729 4501 eum
751 4459 809 4502 non
832 4453 899 4503 aunt
923 4445 1104 4523 excerpenda
1126 4462 1162 4505 ex
1183 4446 1302 4504 sinistra
1323 4446 1476 4521 sexagesl-

121 4533 224 4605 msn'a,
248 4531 301 4593 sed
324 4550 359 4591 ex
381 4529 438 4591 hac
460 4531 616 4591 columella
639 4529 767 4588 dextima
790 4532 1010 4607 privativarum.

227 4617 329 4679 Altera
345 4625 538 4679 extremarum
555 4616 709 4679 columella
723 4619 875 4691 sinistimu,
900 4635 975 4694 quae
991 4626 1036 4679 est
1051 4635 1170 4678 menum
1185 4617 1364 4694 quadrantis,
1390 4618 1475 4680 vide-

121 4700 200 4764 bitur
227 4704 377 4782 aliquibus
407 4723 604 4782 snpervacua,
636 4703 734 4781 quoad
757 4707 894 4764 usumin
918 4705 964 4764 bis
987 4706 1110 4781 tabulis3
1141 4706 1250 4782 quippe
1274 4724 1339 4766 cnm
1361 4714 1474 4783 partam

121 4806 224 4853 earnm
245 4795 412 4855 necessario
435 4793 552 4855 lecarim
575 4808 715 4855 canonem
738 4793 833 4869 ipsum
856 4793 1039 4869 semicirculi,
1063 4794 1114 4871 qul
1128 4791 1247 4857 exbibet
1260 4792 1398 4872 scrupula
1411 4797 1475 4855 sin·
