3284 5520
160 309 225 379 496
626 309 670 367 Ex
687 306 915 387 Ephemeridibas
932 306 1053 381 Keplerl.

160 486 320 561 meridiem,
345 485 520 546 omittendas
544 490 652 559 censui,
682 502 860 564 quamquam
883 486 943 546 iere
965 503 1176 562 supervacuas.
1221 486 1285 563 Ego
1308 488 1389 547 euim
1411 486 1506 547 latitu-

160 574 244 635 dines
266 573 304 633 sd
327 575 389 636 dies
411 573 542 651 singulos
567 574 699 646 exhibeo,
724 591 846 650 quarum
868 576 958 633 series
982 573 1011 630 id
1034 574 1148 633 felicius
1168 571 1309 647 indicaui,
1335 573 1417 651 qaod
1438 573 1507 633 indl-

160 680 226 721 care
249 661 356 721 debent
379 666 452 721 istae
475 662 587 721 literae.
630 662 705 721 Nam
734 665 759 721 si
792 661 954 721 meridiana
983 660 1109 721 latitudo
1133 663 1286 729 minuitur,
1319 670 1373 721 aut
1395 672 1507 738 septen-

161 749 294 809 triouslis
317 754 434 821 crescit,
465 748 584 825 planeta
606 749 738 809 aseendit
760 752 789 807 iu
812 750 1059 825 septentrionem,
1090 750 1258 807 sinautem
1279 751 1425 807 minuitur
1444 748 1507 809 lati·

160 835 233 896 tudo
262 836 514 912 septentrionalis,
546 846 597 894 aut
617 839 642 894 si
665 846 789 913 augetur
811 835 970 895 meridiana
995 834 1134 909 latitudo,
1167 836 1288 912 planeta
1311 834 1506 895 descenditis

160 934 299 982 austrum.

247 1035 302 1094 111.
340 1038 390 1095 De
411 1038 560 1107 syzygias
583 1038 701 1095 Lunae
724 1052 803 1095 curn
824 1038 988 1108 planetis,
1012 1037 1191 1096 strebula
1212 1040 1428 1107 mpsotuum.

264 1150 374 1209 Dextra
403 1150 493 1209 lacios
515 1149 603 1209 habet
626 1160 762 1225 aspectus
786 1158 814 1209 et
838 1148 1083 1225 configurationes
1114 1147 1300 1226 planetarum
1329 1150 1502 1210 interseri

160 1255 225 1297 cum
258 1236 342 1309 Sole,
373 1254 426 1297 uec
454 1254 511 1294 non
544 1248 573 1295 et
602 1236 662 1295 alia
690 1237 829 1295 nonnulla
860 1236 1043 1311 planetarum
1073 1234 1248 1295 accidentia.
1294 1234 1384 1295 Hauc
1415 1246 1502 1297 auten

158 1326 261 1383 taciem
285 1326 314 1381 in
338 1323 411 1381 duas
434 1322 558 1382 tabellas
580 1323 768 1383 subdividero
788 1326 880 1381 visum
904 1334 962 1397 est,
987 1340 1111 1400 quarum
1134 1327 1211 1401 prior
1234 1322 1355 1383 exhibet
1376 1334 1500 1401 aspectus

158 1411 259 1471 Lunae
284 1428 349 1470 cum
372 1409 506 1486 planetis,
531 1413 691 1487 rarrtiquitus
714 1421 814 1484 notos,
838 1413 981 1487 posterior
1003 1422 1140 1488 aspectus
1163 1409 1350 1487 planetarum
1373 1413 1450 1471 inter
1469 1428 1499 1485 ee,

159 1498 268 1558 levium
291 1497 409 1575 quidem
432 1508 460 1557 ct
484 1498 665 1573 interiorum,
690 1517 811 1575 quorum
835 1498 910 1557 celer
933 1507 977 1556 cst
1000 1508 1111 1572 motus,
1140 1497 1325 1574 singulorum
1349 1496 1498 1559 columellis

158 1586 297 1663 singulis,
321 1584 550 1663 ponderosorum
576 1603 652 1659 vero,
675 1586 731 1645 hoc
754 1596 798 1645 est
821 1586 1011 1662 superiorum,
1036 1587 1087 1662 qui
1109 1587 1201 1645 rarius
1221 1587 1296 1645 iuter
1318 1603 1352 1645 se
1378 1586 1496 1663 conligu-

158 1685 271 1745 rantur,
304 1690 362 1733 uua
392 1676 536 1732 communi
569 1672 713 1734 columna.
759 1672 877 1748 Triplex
902 1681 946 1731 cst
965 1675 1057 1749 igitur
1079 1676 1153 1733 ratio
1177 1672 1358 1733 notationis:
1390 1672 1493 1733 lunares

159 1762 235 1821 euim
257 1772 394 1838 aspectus
417 1779 482 1819 cum
498 1759 623 1836 ploretis
640 1769 776 1819 notantur
798 1758 883 1819 nudis
899 1758 1125 1834 characteribus,
1148 1759 1411 1836 subintelliguntur
1432 1761 1492 1820 euin

157 1846 243 1907 Luna
265 1860 294 1907 et
317 1847 437 1924 plancta
460 1847 524 1917 ille,
555 1849 605 1923 qui
628 1846 801 1908 columellae
825 1846 966 1923 cujusquo
990 1847 1164 1906 characteris
1188 1857 1232 1907 est
1255 1848 1430 1925 impositus;
1459 1840 1492 1907 iu·

157 1935 293 1994 seriorum
324 1952 389 1993 cum
420 1934 518 2010 aliquo
551 1952 585 1992 cx
622 1936 820 2011 superioribus
851 1944 987 2010 aspectus
1018 1937 1131 1993 notatio
1162 1933 1195 1993 fit
1228 1952 1280 2013 per
1312 1934 1491 1995 characterem

159 2032 295 2099 aspectus
320 2030 349 2080 ct
370 2022 565 2080 characterem
588 2023 754 2098 superioris,
777 2020 1006 2097 subintelligitur
1029 2024 1105 2081 euim
1128 2022 1291 2099 ipseetiam
1315 2022 1432 2081 inferior
1451 2038 1488 2083 ro·

157 2108 293 2168 lumcllae
318 2111 484 2185 impositum
507 2110 687 2185 superiorum
711 2126 781 2168 vero
803 2110 937 2169 hinorum
960 2109 1151 2186 configuratio
1175 2112 1249 2168 iuter
1271 2126 1303 2168 se
1326 2118 1429 2169 mutua
1447 2126 1487 2167 uo·

158 2206 235 2255 tatur
258 2197 350 2256 tribus
373 2195 596 2255 characteribus.
642 2194 791 2255 Interdum
811 2213 866 2255 usu
882 2197 979 2255 veniet
1002 2198 1031 2253 in
1056 2213 1197 2256 concursu
1220 2195 1381 2256 multorum
1401 2210 1486 2273 asper·

158 2290 256 2362 tuum,
286 2291 318 2342 ut
340 2293 477 2361 aspectus
498 2300 553 2342 sua
576 2282 650 2342 cella
673 2283 710 2342 ob
733 2285 899 2359 angustiam
923 2283 1058 2343 exclusus
1088 2284 1253 2343 inueniatur
1281 2285 1312 2342 in
1341 2280 1486 2353 columella,

157 2373 203 2429 eui
226 2388 283 2429 uon
307 2370 432 2443 interior,
456 2369 508 2430 sed
531 2372 662 2446 superior
684 2373 722 2429 sit
741 2373 951 2446 superpositus.
991 2371 1180 2431 Discrimiuat
1196 2380 1352 2449 utramque
1368 2370 1484 2431 tabelltn

156 2456 312 2518 columella
334 2464 486 2534 separata,
517 2457 656 2517 exhibens
681 2456 781 2517 Lunae
804 2457 927 2536 phasee,
960 2467 989 2516 et
1012 2460 1126 2534 quoties
1159 2457 1209 2517 illa
1232 2460 1261 2516 in
1284 2444 1380 2518 nodos
1402 2455 1483 2518 autb

158 2544 275 2624 apsides
298 2547 449 2604 ecceutriei
473 2544 561 2604 soluti
585 2543 702 2605 incidat.

262 2660 294 2719 (q
313 2653 386 2724 Quid
403 2654 446 2708 hic
464 2655 550 2709 rnriet
562 2652 722 2723 Ephernerie
739 2654 807 2706 anni
820 2653 897 2719 tole,
915 2652 1018 2709 dictum
1035 2661 1075 2709 est
1093 2655 1123 2707 in
1135 2655 1312 2724 praefatione
1324 2655 1364 2711 ud
1374 2656 1481 2711 mtrem

156 2722 262 2777 Pheres
283 2728 356 2778 eninr
373 2724 520 2793 plenilunii
542 2724 577 2793 O
599 2730 625 2777 et
649 2722 784 2778 rrouilunri
810 2720 843 2787 0
868 2724 1028 2794 contingunt
1049 2724 1144 2778 iisdem
1167 2725 1323 2791 momentis,
1347 2724 1480 2794 qartus

157 2799 183 2849 et
200 2795 236 2849 o(
260 2793 359 2848 Lunnc
380 2810 441 2848 cum
457 2794 506 2863 Θ,
532 2800 558 2849 et
579 2794 702 2849 seruiunt
723 2792 846 2861 utrisque
867 2792 951 2847 iidem
975 2794 1089 2848 nummi.
1125 2794 1164 2848 Ae
1179 2793 1277 2861 pharia
1294 2794 1443 2849 diciorum
1459 2793 1482 2854 h

152 2864 247 2933 prima
263 2880 300 2919 sc.
321 2863 436 2934 quadra,
454 2864 588 2934 contingit
605 2862 622 2915 l
640 2863 747 2917 circiter
764 2861 841 2916 boris
858 2867 922 2916 onte
942 2866 970 2923 ὓ
992 2864 1026 2932 Θ
1051 2868 1093 2930 1),
1111 2869 1137 2917 et
1155 2864 1245 2917 altera
1267 2864 1307 2930 (I,
1325 2879 1374 2919 seu
1389 2856 1481 2919 secur&

156 2934 278 3003 quadrm
301 2934 412 2988 thoria
430 2934 537 2989 circiter
550 2939 616 3002 post
636 2939 663 2993 t]
685 2932 720 3003 Θ
744 2936 768 2998 b
791 2937 816 2985 et
833 2932 897 2999 hoc,
919 2932 946 2987 ai
967 2939 1033 2987 atur
1045 2934 1227 3003 proportione
1245 2934 1355 2989 nomn
1369 2933 1404 3005 Θ
1419 2938 1442 2989 ei
1457 2930 1481 2995 h

156 3019 225 3071 quae
243 3010 282 3059 eat
300 3003 335 3058 30
352 3003 389 3057 cd
410 3005 446 3068 l.)

263 3102 347 3161 Hanc
370 3106 519 3175 rationem,
544 3120 619 3178 quoe
642 3101 772 3161 nonnihil
796 3102 886 3161 habet
909 3103 1056 3176 novitatis,
1081 3119 1138 3161 uon
1162 3104 1224 3161 siue
1248 3110 1363 3162 maturo
1387 3096 1482 3161 contio

160 3208 225 3249 sum
249 3200 375 3249 secutus.
422 3190 551 3249 Primum
575 3192 651 3247 euim
674 3190 804 3248 conlusio
828 3189 953 3264 plurium
977 3201 1148 3266 aspectuum
1172 3192 1201 3247 in
1218 3206 1307 3248 utram
1330 3189 1407 3249 rliem
1428 3179 1483 3265 apid

161 3288 272 3337 ceteros
295 3280 449 3354 scriptores
473 3279 672 3336 confusionem
695 3278 783 3334 etiam
806 3279 883 3354 parit
912 3280 940 3334 iu
972 3279 1064 3336 oculis
1097 3287 1126 3336 et
1154 3278 1251 3335 animo
1282 3276 1418 3349 lectoris,
1443 3285 1483 3331 utu

158 3382 222 3423 raro
247 3368 334 3424 etiam
358 3368 506 3444 scriptoris
530 3374 559 3423 et
582 3361 772 3441 typographi,
796 3362 869 3422 adeo
894 3374 925 3421 ut
946 3381 1034 3442 saepe
1058 3363 1240 3423 characteres
1264 3381 1417 3441 perperam
1437 3374 1483 3440 pet·

158 3462 313 3524 mutentur,
338 3469 395 3510 uon
420 3470 483 3509 raro
507 3462 643 3527 aspectus
667 3468 724 3508 uon
748 3451 952 3510 contemnendi
976 3454 1153 3523 omittantur,
1178 3451 1486 3528 utplurimumaliuet

159 3539 216 3598 diei
239 3543 372 3616 propriae
396 3538 505 3599 exclusi
529 3539 697 3612 rejiciantur
717 3535 850 3596 indecore
867 3538 905 3596 atl
921 3539 1038 3597 calcem.
1067 3538 1182 3598 Deinde
1198 3538 1296 3614 plures
1321 3556 1378 3615 ego
1401 3548 1487 3615 sequti

160 3629 273 3703 species
296 3636 478 3701 aspectuum,
503 3627 633 3684 conlusio
656 3624 727 3682 mihi
750 3624 842 3683 multo
864 3625 958 3700 major
980 3627 1034 3684 luit
1057 3629 1174 3685 oritura.
1212 3625 1313 3685 'l'ertio
1336 3644 1396 3685 uon
1417 3627 1489 3693 liunt

159 3712 210 3772 sed
235 3713 405 3784 Mercurius,
430 3724 459 3771 et
481 3724 548 3789 post
571 3713 652 3771 illum
674 3714 847 3787 superiores,
872 3729 925 3771 suo
949 3713 1072 3788 quilibet
1095 3712 1205 3786 ordine,
1229 3712 1395 3787 gubernant
1413 3723 1491 3773 mute·

161 3803 254 3858 tiones
278 3817 366 3858 aurae
389 3804 496 3858 mutuis
528 3799 814 3877 configurationibus.
861 3799 935 3858 Cum
965 3803 1054 3874 igitur
1076 3799 1277 3875 Ephemeridis
1308 3802 1493 3860 nobilissimus

158 3889 287 3945 onmium
310 3890 349 3945 sit
372 3886 436 3944 smis
459 3889 658 3962 praecognitio
681 3895 888 3962 tempestatum
911 3905 962 3945 seu
986 3890 1156 3946 mutationis
1179 3905 1284 3958 aurae,
1316 3905 1423 3948 causas
1445 3888 1494 3964 ejut

158 3977 301 4051 genuinas
325 3973 475 4048 aliquanto
499 3974 680 4045 distinctius,
713 3992 800 4050 quam
823 3973 964 4033 hactenus
989 3977 1144 4046 usitatum,
1169 3976 1207 4034 ob
1230 3972 1332 4033 oculos
1356 3974 1494 4052 ponendo

157 4080 221 4122 esec
244 4080 309 4120 sum
333 4063 499 4134 arbitratus,
524 4071 555 4120 ut
578 4063 620 4120 sic
644 4063 803 4121 rectissime
818 4071 1045 4136 agnoscerentur
1060 4062 1194 4121 dellurus
1209 4061 1354 4121 leviorum
1379 4082 1400 4124 a
1421 4062 1497 4123 radiis

155 4149 391 4226 praecedentium
415 4147 453 4209 ad
476 4148 574 4208 radios
596 4151 783 4224 sequentinm
808 4150 920 4207 viciuos
944 4149 991 4209 vel
1008 4160 1118 4223 eontra,
1143 4167 1217 4226 quas
1239 4149 1384 4227 astrologi
1408 4162 1497 4228 porte·

155 4254 218 4296 rom
242 4238 409 4312 apertiones
433 4236 564 4296 dictitare
588 4245 814 4298 consueverunt.

259 4324 350 4384 Porro
373 4323 447 4383 haec
470 4323 673 4400 dispositionis
694 4333 866 4399 aspectuum
891 4326 1071 4384 concinnitas
1101 4322 1216 4401 impulit
1245 4340 1292 4383 mc
1326 4327 1355 4382 iu
1387 4326 1499 4395 induar,

158 4410 235 4488 quod
269 4419 409 4487 quantum
439 4411 500 4471 fieri
530 4420 628 4487 potest
657 4411 854 4471 excusandum
886 4420 915 4470 et
945 4421 1046 4470 eontra
1077 4428 1214 4471 censuras
1236 4413 1387 4471 immaturi
1406 4413 1502 4490 judicii

156 4497 345 4558 muniendum
370 4499 467 4560 video.
513 4498 687 4574 Quicunque
710 4498 851 4557 hactenus
875 4497 1082 4574 Ephemcridcs
1105 4501 1296 4575 scripserunt,
1324 4498 1502 4576 Regionum·

155 4594 250 4659 tanus,
275 4586 442 4661 Stiifflerus,
464 4586 589 4659 Pilatus,
613 4585 806 4657 Reinholdus,
830 4585 958 4659 Stadios,
983 4586 1123 4659 Carellus,
1148 4585 1335 4661 Maestlinus,
1358 4587 1505 4661 Moletiat,

155 4672 251 4746 Scala,
276 4672 471 4745 Evcrhardus,
496 4691 596 4733 omues
620 4675 640 4731 ii
663 4673 764 4732 horam
787 4676 893 4750 cuique
916 4676 1048 4750 aspectui
1063 4673 1165 4734 Lunae
1189 4690 1255 4733 cum
1278 4673 1421 4752 planetis,
1445 4678 1507 4755 qui·

155 4758 222 4819 dam
246 4763 335 4820 etlam
356 4760 447 4823 horae
469 4764 613 4821 miniatum
635 4759 814 4836 adjecerunt,
837 4769 870 4820 ut
892 4760 1058 4838 Cyprianus
1073 4759 1236 4836 Lsoritius,
1258 4760 1415 4840 Magiuus,
1443 4763 1509 4825 os·
