3284 5520
447 328 652 385 rarrsmmu.
672 326 1073 399 instanterpeterent.
1369 334 1433 402 229

84 509 124 569 eui
147 514 249 570 umen
271 509 403 568 innixum
426 508 468 568 ait
489 508 565 568 hanc
587 514 722 585 quartam
743 508 895 567 rationem.
933 508 971 567 lit
992 525 1048 585 ego
1070 509 1161 584 igitur
1183 509 1212 567 in
1235 512 1433 587 superioribus

84 595 295 671 demonstrari,
327 614 415 673 qnam
446 599 543 675 inepte
571 595 786 655 claramontins
815 594 924 654 nodum
952 598 981 653 in
1011 598 1106 671 scirpo
1135 608 1257 671 quaerat
1287 608 1317 657 et
1343 617 1433 676 quam

84 682 188 743 efficiat
209 683 298 760 plane
321 685 393 743 nibil
417 700 482 743 curn
504 685 565 743 suis
589 683 729 743 cuniculis
754 685 781 739 in
796 681 961 758 proruendo
978 683 1034 742 boc
1049 683 1246 758 fundamento,
1271 690 1432 746 monstravi

84 773 176 844 etiam,
202 781 347 847 quatenus
371 772 427 830 boe
449 771 638 831 fundamento
661 770 796 830 fulciatur
818 771 893 829 ratio
916 773 980 843 ista,
1005 778 1150 847 quatenus
1173 782 1290 848 propter
1312 782 1379 833 stet.

184 859 236 919 31.
284 858 422 935 Quintam
446 858 595 936 Tyebonis
618 861 759 917 rationem
783 875 834 932 pro
858 869 972 916 cometa
994 861 1062 916 anni
1091 860 1181 917 1585.
1205 877 1355 920 numerare
1379 861 1432 921 de-

85 945 159 1018 buit,
192 962 270 1021 qnae
293 964 312 1006 a
334 946 515 1006 diversorum
545 946 676 1005 locorum
706 947 868 1004 observatis
900 945 1013 1003 ducitur
1042 947 1071 1002 in
1101 948 1165 1023 ipso
1194 949 1330 1025 scrupulo
1360 965 1432 1006 con-

84 1033 275 1092 venientibus.
317 1035 356 1093 At
378 1051 442 1094 carn
462 1035 525 1110 jam
548 1034 597 1092 fol.
615 1036 687 1093 219.
710 1035 863 1109 praemisit
885 1040 1076 1108 numeratque
1100 1042 1233 1109 quartam
1257 1053 1431 1113 sparsurum.

83 1117 244 1180 Audiamus
268 1123 365 1197 igitar,
389 1120 460 1197 quid
482 1122 697 1182 Claramontius
720 1126 821 1178 contra
842 1120 891 1178 fol.
916 1126 988 1179 222.

184 1209 235 1267 32.
272 1208 402 1267 Primum
425 1208 519 1283 rejicit
541 1208 621 1266 illam
645 1207 682 1267 ad
707 1224 756 1278 ea,
786 1223 862 1282 quae
884 1224 973 1282 supra
995 1214 1096 1264 contra
1118 1205 1267 1283 'l'yeirouis
1291 1213 1431 1270 rationem

80 1293 203 1354 similem
228 1294 376 1374 disseruit,
399 1304 429 1356 et
449 1297 574 1371 reperiet
596 1295 704 1354 ibidem
727 1295 817 1353 lector
840 1296 926 1353 etiarn
950 1301 1064 1353 riostras
1086 1294 1279 1355 defensiones.

183 1384 234 1441 33.
274 1382 387 1442 Deinde
409 1390 507 1459 negat,
531 1381 709 1457 Landgravii
734 1383 954 1440 observationes
977 1399 1042 1439 curu
1066 1379 1243 1456 'I'ycironicis
1267 1387 1295 1440 in
1320 1385 1431 1443 minuto

77 1471 260 1543 convenisse,
285 1473 356 1546 quia
377 1470 480 1548 'I'yclro
502 1472 629 1529 fateatur
652 1472 714 1546 ipse
738 1469 900 1527 dissensum
922 1472 939 1527 6
957 1471 1132 1526 minutorum
1157 1470 1280 1530 infixis.
1318 1472 1432 1529 Discri-

76 1559 156 1616 mine
182 1573 251 1616 vero
274 1565 317 1617 tot
331 1560 506 1616 minutorum
524 1573 671 1630 concesso,
696 1573 781 1634 posse
801 1555 962 1633 parallaxin
980 1556 1073 1613 lunari
1090 1555 1244 1631 aequalem
1259 1559 1428 1618 subsistere.

185 1646 236 1703 34.
274 1645 448 1721 ingeniosus
470 1645 574 1705 saltem
598 1653 643 1704 est
666 1643 881 1703 Claramontius
905 1647 933 1700 in
958 1647 1100 1702 varietate
1123 1651 1359 1705 commentorum.
1398 1645 1429 1705 Si

73 1730 235 1791 distantiae
256 1750 276 1790 a
297 1731 362 1792 fixis
384 1734 500 1809 utrique
524 1733 702 1791 observaturi
726 1737 857 1806 repertae
879 1738 947 1788 sunt
971 1729 1099 1800 eaedem,
1123 1731 1193 1806 quid
1213 1734 1275 1808 jam
1299 1732 1336 1791 ad
1360 1750 1430 1807 rem,

71 1816 157 1894 qnod
179 1821 201 1876 ii
223 1820 252 1876 in
276 1818 350 1880 loeis
373 1820 495 1879 fixarum
519 1818 689 1879 tantundem
713 1821 817 1890 etiam,
851 1817 963 1877 calculo
988 1826 1123 1894 peracto,
1156 1821 1184 1876 in
1210 1819 1274 1879 loco
1298 1827 1429 1879 cometae

69 1909 103 1963 in
131 1906 265 1982 ecliptica
289 1906 448 1968 differunt?
479 1907 544 1966 Non
568 1906 664 1966 estid
688 1906 839 1965 discrimen
864 1912 995 1965 cometae
1018 1906 1176 1984 proprium,
1198 1924 1255 1965 non
1280 1910 1367 1967 etiam
1392 1908 1429 1967 ad

66 1994 141 2069 ejus
168 1986 331 2070 parallaxin
360 1993 508 2054 transferri
532 2002 638 2072 potest.
684 1995 745 2053 Aut
768 1992 905 2067 transfer,
937 1995 962 2052 si
986 1992 1041 2051 diis
1063 1992 1175 2068 piacet,
1207 1995 1243 2053 ad
1266 1995 1429 2072 paraliaxin

62 2085 205 2158 ipsarum
227 2085 314 2141 etiam
339 2082 471 2141 fixarum.
1469 2141 1472 2145 ,

181 2168 231 2228 35.
267 2169 368 2230 'fertio
398 2176 499 2245 negat,
533 2184 647 2228 omnem
676 2167 857 2227 identitatem
880 2166 1083 2225 distantiarum
1107 2175 1238 2227 cornetae
1261 2186 1279 2228 a
1302 2169 1361 2229 fixa
1384 2170 1431 2229 di-

61 2256 170 2317 versis
192 2256 221 2312 in
244 2254 319 2316 locis
341 2258 561 2317 observatarum
585 2255 622 2314 ad
646 2256 702 2314 lroc
725 2253 864 2327 sufficere,
889 2263 922 2312 ut
944 2262 1058 2312 cometa
1080 2255 1223 2331 parallaxi
1247 2265 1353 2316 careat.

180 2342 230 2401 36.
268 2344 405 2405 Concedo
428 2361 485 2402 non
509 2360 639 2401 ornnem:
672 2352 702 2401 at
724 2359 819 2418 neque
843 2343 937 2400 omnis
960 2340 1099 2399 distantia
1121 2344 1212 2400 servit
1236 2345 1429 2404 exstruendae

55 2429 160 2491 simul
185 2428 359 2505 longitudini
384 2439 413 2491 et
437 2430 585 2491 latitudini
609 2439 749 2489 cometae.
788 2430 828 2487 At
850 2430 900 2488 ubi
924 2436 967 2486 tot
983 2432 1249 2505 comparaverimus
1265 2430 1427 2508 distantias,

55 2524 147 2595 quot
167 2517 316 2578 sufficiunt
336 2518 517 2578 definiendae
531 2516 707 2593 longitudini
723 2523 752 2576 et
767 2516 930 2588 latitudini,
954 2524 1023 2574 tunc
1037 2515 1144 2574 sufficit
1160 2516 1298 2577 identitas
1313 2518 1426 2593 harum,

55 2624 104 2667 ex
131 2602 255 2663 duorum
278 2606 409 2665 locorum
434 2607 579 2665 distantiis
603 2612 757 2674 exstructa,
781 2604 819 2662 ad
841 2603 1045 2678 abnegandam
1069 2603 1240 2677 parallaxin.

180 2697 230 2752 37.
261 2691 374 2768 erarto
397 2694 434 2752 ari
455 2694 643 2753 retractiones
659 2693 789 2767 confugit
805 2691 912 2767 Scipio.
945 2693 983 2749 At
1000 2693 1027 2747 in
1047 2699 1160 2750 cometa
1175 2691 1231 2750 hoc
1246 2695 1314 2751 anni
1334 2700 1427 2754 1585.

53 2800 79 2839 a
111 2778 354 2854 refractiouibus,
386 2782 449 2857 jain
482 2789 543 2838 tum
575 2779 751 2857 exploratis,
784 2781 879 2837 minus
912 2785 956 2837 cst
988 2777 1126 2854 periculi,
1161 2796 1248 2854 quam
1280 2782 1308 2837 in
1340 2783 1427 2857 priori

54 2868 140 2926 anni
168 2867 260 2939 loti,
283 2874 354 2927 tunc
375 2869 412 2927 iis
433 2867 563 2926 nondum
587 2874 688 2927 exacte
710 2869 879 2943 perspectis.

179 2954 229 3014 38.
263 2954 393 3015 Tantum
417 2972 482 3015 cum
506 2954 626 3014 dixisset
649 2954 756 3031 Scipio,
782 2953 818 3013 ad
843 2960 1002 3013 extremum
1027 2970 1059 3013 se
1082 2955 1176 3029 ipsum
1192 2955 1338 3032 increpat:
1362 2972 1427 3013 cum

54 3039 176 3119 Tycbo
198 3056 256 3100 non
280 3044 379 3102 omnia
400 3044 589 3120 expresserit,
613 3059 689 3119 quae
713 3041 750 3100 ad
774 3040 992 3117 dijudicandum
1016 3042 1205 3117 requirantur,
1229 3043 1335 3101 frustra
1357 3059 1426 3119 crgo

55 3148 97 3188 se
122 3124 266 3203 judicare.
314 3131 472 3207 Exspectat
495 3131 581 3205 igitur
604 3130 763 3189 editionem
787 3130 1033 3188 observationum.

178 3222 227 3276 39.
268 3216 373 3276 Adbuc
402 3218 491 3293 igitur
519 3224 633 3277 cometa
665 3218 732 3274 anni
765 3221 856 3277 1585.
890 3217 918 3272 in
952 3215 1035 3275 coelo
1068 3224 1112 3275 est
1142 3226 1171 3276 ot
1202 3216 1426 3290 Claramontius,

59 3303 183 3375 bostis,
215 3305 463 3364 existimationem
495 3304 667 3364 eruditionis
696 3321 767 3363 suae
797 3307 1008 3363 astronomicae
1038 3302 1142 3363 frustra
1172 3307 1202 3362 in
1231 3305 1287 3364 hoe
1317 3304 1426 3364 bellurn

63 3389 215 3467 impendit
236 3391 429 3468 repulsosque
451 3391 520 3451 hine
543 3391 580 3450 ad
603 3392 693 3451 alium
717 3398 860 3451 cometam
882 3394 994 3450 transit.

371 3528 413 3595 dd
437 3529 532 3610 Copti
554 3529 602 3595 33.
628 3531 681 3596 fol.
704 3528 772 3594 tat.
797 3530 827 3593 ti
849 3542 916 3609 top.
941 3529 989 3594 ll.
1014 3527 1035 3592 f.
1060 3526 1130 3595 236.
1182 3478 1193 3489 -

179 3656 204 3708 1.
242 3650 317 3709 Cum
345 3650 382 3711 de
412 3660 526 3713 cometa
555 3656 623 3713 anni
651 3661 742 3715 1590.
772 3654 874 3731 Tycbo
903 3653 1045 3713 solemnia
1073 3661 1217 3728 proponat
1244 3663 1425 3729 argumenta,

69 3736 288 3797 Claramontius
311 3741 399 3798 etiarn
415 3738 594 3801 solemnibus
611 3760 646 3801 ea
663 3742 851 3802 futilitatibus
866 3741 990 3814 allatret,
1015 3758 1121 3816 operae
1137 3742 1260 3815 pretium
1275 3759 1322 3799 me
1336 3742 1426 3801 fnisse

69 3826 217 3883 farianum
233 3828 344 3885 censeri
359 3844 485 3901 possem,
509 3831 533 3887 si
550 3837 703 3905 utrumque
719 3837 861 3888 cometam
877 3830 1107 3904 conjunxissem,
1132 3830 1186 3886 nisi
1203 3844 1311 3887 rnorem
1326 3846 1426 3904 gerere

73 3911 244 3972 adversario
268 3914 392 3991 ejusque
416 3917 549 3991 vestigiis
572 3918 706 3975 omnibus
730 3920 863 3975 insistere
886 3919 985 3974 statim
1009 3919 1090 3974 initio
1113 3917 1339 3993 proposuissem.

178 4006 206 4059 2.
245 3998 364 4077 Repetit
386 4003 475 4079 igitur
497 4005 580 4062 initio
605 4003 767 4079 querelam,
800 4003 878 4080 quod
902 4004 1004 4079 Tycbo
1028 4006 1172 4062 rationum
1196 4021 1325 4062 summas
1349 4020 1426 4061 trun-

72 4089 234 4162 cnparerit,
258 4088 457 4165 fundamenta,
480 4091 517 4149 ab
541 4092 795 4151 observationibus
819 4090 961 4164 desunrta,
986 4092 1114 4150 omiserit
1138 4094 1225 4166 inque
1247 4089 1327 4149 alind
1351 4098 1426 4149 tern-

73 4192 128 4250 pus
151 4173 292 4250 rejecerit.

177 4260 291 4337 Repeto
329 4279 384 4337 ego
422 4265 638 4323 excusationem
677 4265 834 4342 Tycbonis.
886 4264 1006 4340 Scripsit
1044 4273 1072 4323 ot
1109 4264 1241 4339 vulgavit
1279 4263 1427 4340 epistolae,

75 4348 102 4404 in
129 4348 239 4423 quibus
267 4349 438 4425 plerumque
461 4351 527 4427 plus
551 4368 615 4411 esse
637 4352 714 4411 solet
736 4351 997 4427 significationum,
1029 4370 1115 4427 quam
1139 4350 1426 4424 demonstrationum,

76 4437 146 4510 qnia
159 4434 304 4512 epistolae
320 4436 619 4514 brevitategaudcnt,
636 4443 664 4496 in
681 4439 977 4498 demonstrationibus
994 4440 1121 4498 taedium
1139 4437 1269 4497 abundat
1283 4438 1426 4498 lectionis.

77 4522 112 4580 Et
132 4530 242 4581 tornum
267 4522 384 4598 quidem
408 4524 462 4584 ill.
487 4525 780 4604 Progymnasroatum
805 4526 840 4585 de
864 4530 984 4586 curaretis
1008 4526 1125 4603 reliquis
1149 4543 1205 4584 non
1229 4526 1364 4601 perfecit,
1396 4537 1428 4586 at

77 4610 296 4671 observationes
323 4618 454 4671 cometae
483 4615 551 4671 anni
584 4617 674 4674 1590.
706 4623 821 4675 exstant
848 4632 1022 4692 possemque
1053 4632 1102 4673 eas
1131 4613 1178 4671 bic
1204 4615 1342 4685 inserere,
1374 4616 1425 4673 sed

77 4704 215 4773 praestat,
239 4697 470 4758 claramontium
494 4710 662 4776 exspectare
686 4701 844 4763 editionem
868 4702 1104 4762 observationum
1128 4702 1264 4762 omnium.

181 4790 210 4847 3.
247 4784 384 4847 Semndo
412 4786 479 4847 loco
507 4797 648 4871 provocat
671 4789 769 4870 Scipio
799 4788 834 4850 ad
862 4789 1024 4852 solutiones
1046 4809 1116 4851 snas
1137 4790 1265 4867 priores,
1296 4805 1425 4867 provoco
