3284 5520
143 337 209 405 150
494 347 497 356 ¹
697 334 729 391 ln
746 334 963 408 Hyperaspirtsn

144 536 161 578 e
184 513 345 578 Germania
367 512 479 592 allatis,
511 517 607 592 iisqne
630 531 696 576 cum
718 515 830 576 Italicis
853 516 1109 578 observationibus
1130 514 1247 578 collatis
1269 521 1416 594 repartum
1440 533 1506 578 asse

145 604 192 665 die
216 607 267 664 29.
292 603 417 680 Augusti
447 607 522 663 iuter
554 603 627 663 duas
650 601 743 664 Ursae
774 603 843 681 maj.
875 603 986 665 stellas.
1033 605 1090 664 Die
1117 605 1166 666 18.
1189 604 1267 665 Nor.
1289 606 1384 682 primu
1408 606 1506 665 risum

144 709 208 752 esse
238 689 363 751 alterum
392 700 536 751 cometem
566 707 657 768 prope
680 691 807 751 Crateris
836 690 937 751 stellas
960 701 989 752 et
1015 695 1052 751 12
1078 691 1190 752 dierum
1212 694 1309 770 spatio
1330 708 1423 770 prope
1448 688 1507 751 24⁰

143 781 329 856 percurrisse.
360 777 492 839 Tertium
508 778 653 854 quosdam
668 779 715 838 die
734 783 761 838 1.
777 778 854 839 Nor.
875 781 999 856 primum
1017 780 1207 857 conspexisse
1222 797 1348 854 narrare,
1364 779 1508 856 plurimos

143 866 296 937 aiiirmare,
320 864 402 925 illum
426 883 484 925 non
507 872 576 926 ante
600 868 651 927 te.
675 866 730 926 eibi
753 874 942 943 conspectum
965 884 1040 941 essa,
1064 866 1187 927 caudam
1211 867 1379 928 exhibuisse
1402 883 1428 927 c.
1448 861 1508 926 40⁰

142 952 336 1030 longitudine.
389 953 566 1013 Distantiam
601 952 668 1012 dein
702 962 880 1015 cometarum
914 972 933 1014 a
965 953 1058 1015 Terra
1094 971 1268 1032 aggressus,
1306 957 1349 1015 sic
1383 955 1509 1031 inquirit

141 1040 316 1118 parallaree.
366 1040 411 1100 Sit
446 1039 526 1116 Qec
563 1040 665 1120 Terra,

142 1127 225 1189 HNP
248 1127 475 1202 firmamentum,
508 1145 555 1188 res
570 1144 663 1204 quae·
1039 1126 1095 1188 Fis-
1117 1129 1139 1177 1.

143 1232 258 1292 cunque
286 1216 362 1275 inter
388 1224 544 1291 utrumque
567 1214 663 1275 colio·
1045 1274 1046 1279 ,
1080 1271 1087 1291 ,

142 1310 210 1363 cata
228 1302 263 1377 T,
286 1302 353 1363 loca
375 1306 405 1361 in
426 1303 534 1363 Terrae
556 1320 662 1381 euper-

141 1389 207 1451 flcie
230 1389 272 1465 A,
297 1388 340 1465 Q:
374 1390 401 1450 T
426 1391 456 1449 in
478 1391 660 1452 firmamento
840 1389 862 1435 θ

141 1478 297 1555 apparebit
327 1475 411 1552 er
443 1478 474 1535 in
495 1476 543 1552 M,
576 1477 663 1538 exA

141 1566 172 1623 in
195 1563 235 1639 P,
266 1563 305 1624 ab
334 1571 413 1624 astro
443 1563 543 1640 aliquo
565 1564 593 1624 N
614 1582 664 1625 re·
750 1575 774 1620 n

141 1658 222 1712 mota
236 1651 399 1712 intervallis
413 1651 474 1711 MN
489 1658 518 1711 et
533 1650 595 1725 ΡΝ,
615 1650 665 1712 vel

142 1738 299 1799 distantiae
327 1738 395 1798 aN
425 1738 561 1799 differunt
590 1740 665 1798 inter
942 1656 1046 1868 ἡ

141 1844 173 1887 aa
197 1843 267 1887 arcu
286 1826 360 1887 MP:
385 1825 479 1901 „baec
501 1825 664 1886 differentia
1006 1849 1058 2027 ὅ
1087 1821 1103 1847 ¹·

139 1912 301 1992 wallonis
316 1931 369 1974 eeu
385 1912 542 1974 diversitas
557 1930 663 1990 espec.
1048 1869 1160 1961 §mr

141 2008 189 2062 tus
222 1999 358 2061 dicitur.“
418 2000 450 2062 Si
482 2018 528 2062 rea
559 2000 663 2061 eadem
1029 1932 1454 2028 ¹225&-

139 2094 298 2167 repouatnr
318 2086 376 2148 aT
399 2089 429 2147 in
444 2087 475 2162 S,
499 2086 661 2166 parallaxin

141 2174 270 2236 interam
293 2193 357 2236 esse
381 2173 435 2235 GL
457 2192 581 2252 eamque
604 2177 712 2251 minui,
736 2193 795 2253 quo
817 2178 912 2254 magis
934 2192 980 2236 res
1002 2173 1184 2236 firmamento
1207 2178 1505 2257 appropinquaverit3

141 2265 251 2340 inipso
274 2269 373 2324 autern
387 2262 570 2324 firmamento
586 2262 698 2325 nuliam
712 2264 774 2324 iore
797 2270 934 2341 aepactae
950 2261 1152 2323 differentiam.
1188 2259 1259 2322 dam
1282 2263 1346 2325 adit
1361 2265 1505 2328 Grassius

141 2350 364 2412 observationes
385 2349 499 2411 Romae
523 2350 577 2425 (C)
607 2359 637 2411 et
661 2352 847 2427 Antwerpiae
869 2348 920 2431 (A)
948 2349 1065 2410 habitas
1097 2357 1127 2409 et
1157 2359 1308 2427 computat
1337 2352 1506 2431 parallaxin

139 2438 280 2516 punctill
307 2437 458 2515 (distantis
484 2433 787 2521 montiniacus)
815 2432 871 2499 56ο
895 2435 957 2512 56¹,
980 2453 1057 2514 qnae
1085 2454 1122 2496 ex
1145 2438 1217 2516 ipsis
1246 2439 1506 2503 observationibus

140 2542 200 2586 non
229 2525 324 2603 major
356 2542 414 2585 uno
443 2523 535 2603 gradu
566 2525 684 2587 eradat.
728 2526 807 2587 Hinc
830 2523 987 2598 concludit,
1011 2530 1155 2585 cometam
1179 2541 1238 2584 non
1260 2525 1351 2588 inisse
1374 2529 1404 2586 in
1426 2530 1506 2591 airis

140 2614 275 2691 regione,
309 2612 394 2690 cujus
422 2611 607 2673 altitudinem
637 2615 721 2693 ponit
747 2615 808 2674 100
835 2612 908 2673 mill.
955 2611 1003 2671 Ad
1033 2611 1202 2673 distantiam
1231 2613 1375 2691 punctiS
1406 2615 1505 2676 velli

142 2701 183 2762 34
205 2699 308 2761 eemid.
353 2698 463 2761 Terrae
486 2706 636 2778 computat
651 2699 814 2780 parallaxin
836 2701 995 2760 maximam
1011 2697 1087 2776 ASQ
1113 2696 1174 2773 Μ’,
1198 2701 1346 2760 minimam
1370 2700 1447 2762 CTA
1473 2704 1506 2764 3‘

141 2793 172 2848 et
200 2786 301 2849 addite
335 2787 576 2863 „observationes
604 2787 661 2847 eibi
690 2790 761 2868 ipsis
785 2795 971 2866 comparatae
993 2787 1134 2863 maJorem
1157 2787 1276 2864 quidem
1300 2783 1330 2849 3¹
1353 2795 1383 2850 ct
1405 2791 1506 2851 mine-

139 2891 201 2936 ram
224 2872 276 2934 24¹
305 2874 433 2952 prodant
460 2873 638 2952 parallaxin,
669 2891 771 2935 verum
799 2891 866 2935 curn
895 2873 1065 2952 hujusmodi
1089 2873 1327 2950 observationes,
1357 2883 1390 2936 ut
1411 2895 1506 2939 exac-

139 2962 271 3023 tissimae
310 2962 399 3035 fiant,
440 2963 589 3039 requirant
624 2964 817 3023 instrumenta
856 2960 931 3022 adeo
968 2962 1114 3038 ingentia,
1151 2968 1184 3021 ui
1216 2965 1246 3020 in
1280 2961 1326 3023 bis
1357 2964 1505 3041 graduum

140 3051 255 3109 minuta
276 3051 348 3109 satis
371 3066 479 3126 magna
501 3048 603 3109 baberi
626 3051 756 3126 possint,
786 3049 855 3110 binc
878 3051 1043 3109 necessario
1064 3049 1215 3125 sequitur,
1245 3051 1341 3110 minue
1364 3060 1504 3114 accurata
1566 3072 1573 3089 ⁸

140 3139 170 3195 in
198 3135 279 3197 hisce
308 3137 415 3195 nostrie
443 3134 591 3214 adscripta
618 3135 723 3197 saltem
754 3136 844 3198 inissa
866 3137 994 3211 minuta,
1031 3152 1097 3196 cum
1118 3136 1318 3199 instrumentis
1342 3139 1387 3198 usi
1409 3141 1504 3200 simus

139 3241 200 3284 non
221 3222 379 3284 admodum
394 3224 539 3301 magnis.“
579 3222 675 3299 Quam
698 3224 737 3283 ob
758 3240 818 3284 rem
839 3223 899 3295 elia
922 3221 1053 3302 procedit
1069 3225 1133 3284 ria:
1158 3220 1207 3283 dic
1225 3226 1273 3283 13.
1291 3225 1362 3286 Dec.
1386 3232 1504 3288 cometa

142 3311 256 3372 Rornae
287 3310 429 3372 decimam
453 3312 567 3372 Arcturi
590 3310 705 3371 stellam
727 3311 787 3373 iere
810 3313 895 3385 texit,
927 3309 1030 3371 codem
1054 3309 1101 3370 die
1125 3309 1329 3372 (delaniensem
1351 3313 1502 3390 quendam

142 3398 313 3472 affirmasse,
336 3396 478 3459 decimam
495 3399 599 3459 Bootis
620 3396 736 3460 stellam
752 3417 789 3458 ax
811 3405 893 3478 parte
909 3398 965 3459 sub
987 3404 1102 3458 comata
1116 3395 1248 3473 latuisse,
1271 3398 1381 3460 nullam
1396 3403 1501 3480 itaque

143 3488 261 3547 omnino
284 3485 446 3564 paraliarin
470 3484 648 3565 deprehendi
671 3487 809 3565 potuisse.
856 3486 997 3546 Aesumta
1019 3483 1162 3565 parallaxi
1185 3484 1299 3563 aliquot
1323 3488 1503 3550 minutorum

142 3579 172 3634 et
202 3575 300 3651 posito
331 3579 445 3633 cometa
482 3575 511 3631 in
541 3572 612 3633 orbe
647 3572 767 3647 Lunae,
800 3580 952 3652 computat
981 3574 1177 3650 quantitatem
1206 3576 1335 3652 corporis
1367 3583 1502 3638 cometae

143 3660 338 3721 490871150
361 3658 563 3721 milliariorum
586 3659 772 3735 cubicorum,
794 3679 883 3738 quam
906 3662 1102 3737 quantitatem
1125 3658 1247 3722 adhibet
1268 3660 1307 3720 ad
1329 3661 1501 3725 refutandos

142 3764 203 3821 eos,
227 3749 277 3822 qui
292 3753 422 3807 cornetae
435 3747 609 3809 sublunares
631 3754 766 3809 statuunt
780 3756 810 3809 et
832 3767 868 3809 ex
883 3748 991 3809 Terrae
1006 3747 1148 3809 halitibus
1164 3749 1308 3811 incensos.
1346 3748 1502 3812 Comatam

141 3851 202 3896 non
228 3834 320 3895 luisse
349 3850 455 3912 corpus
483 3837 600 3913 igneum
630 3853 665 3897 ac
692 3837 811 3913 propria
838 3853 922 3896 usum
952 3834 1018 3896 luce
1048 3834 1228 3895 demonstrat
1258 3840 1359 3897 anctor
1380 3839 1503 3916 insnper

142 3938 158 3982 e
182 3920 340 3982 directione
362 3921 491 3997 caudae,
514 3921 577 3983 Soli
598 3939 713 4000 semper
735 3925 880 4001 opposita,
904 3929 933 3983 at
955 3940 992 3983 cx
1014 3930 1095 3984 motu
1119 3925 1264 3982 constanti
1286 3939 1338 4000 per
1360 3924 1502 3987 circulum

142 4009 286 4088 sphaerae
301 4011 468 4079 marimum,
493 4012 585 4070 motui
600 4008 784 4087 planetarum
799 4009 957 4071 simillimo.
997 4008 1097 4070 Finem
1112 4009 1182 4069 iacit
1196 4009 1369 4070 collocando
1383 4022 1503 4076 cometa

140 4099 218 4159 inter
242 4097 342 4157 Solem
364 4103 394 4158 et
416 4097 531 4158 Lunam
555 4103 584 4158 et
607 4096 717 4159 distare
739 4097 809 4158 dicit
831 4118 850 4158 a
871 4096 980 4158 Terrae
1003 4103 1102 4158 centro
1127 4097 1256 4156 niutau
1279 4096 1351 4159 miii.

246 4197 454 4261 Galilaeae
486 4208 548 4261 tum
579 4204 720 4278 temporis
743 4200 845 4263 morbo
868 4201 993 4261 afflictus
1015 4202 1079 4278 ipse
1102 4201 1220 4278 quidem
1244 4211 1387 4284 cometam
1410 4200 1497 4265 ilium

139 4302 198 4345 nen
227 4286 413 4360 observavit,
447 4294 575 4349 attamen
606 4291 781 4351 sententiam
812 4288 848 4350 de
878 4289 1001 4348 cometis
1032 4287 1178 4350 diversam
1201 4306 1220 4347 a
1243 4287 1363 4349 Graseio
1393 4295 1500 4353 statuit

141 4390 265 4450 eamque
288 4373 431 4452 discipulo
454 4392 508 4436 suo
524 4376 620 4437 Mario
638 4376 844 4438 Guidnccio
868 4378 897 4435 in
921 4374 1074 4436 academia
1088 4376 1260 4436 Florentina
1284 4375 1499 4441 defendendam

139 4462 284 4521 commisit
299 4470 328 4522 et
338 4469 442 4539 postea
456 4464 513 4523 sub
529 4463 662 4541 ejusdem
677 4467 794 4525 nomina
808 4463 935 4542 publicis
946 4464 1023 4542 typis
1039 4462 1267 4541 exsculpendam
1282 4467 1397 4524 curavit
1409 4466 1499 4541 (Dis-

140 4563 224 4608 corso
248 4548 324 4610 dede
347 4548 467 4610 Comata
490 4550 519 4610 di
541 4551 637 4612 Mario
660 4551 814 4613 Guidncci.
856 4552 890 4611 ln
913 4551 1036 4611 Tirenze
1065 4552 1156 4612 1619.
1187 4554 1240 4622 (cir.
1259 4557 1307 4607 vet
1329 4559 1374 4610 Vi.
1398 4574 1425 4623 p.
1444 4562 1499 4630 es).

140 4632 259 4694 Crimini
282 4638 370 4698 vertit
386 4636 517 4714 Graeeio,
541 4638 622 4716 quod
638 4646 756 4701 secutus
778 4641 816 4699 sit
831 4637 1002 4718 Tycbouem
1024 4639 1054 4695 in
1074 4630 1232 4716 rejiciendo
1254 4637 1321 4699 leco
1344 4637 1498 4701 sublunari

140 4730 317 4784 cometarum
351 4732 381 4785 et
411 4731 542 4786 assumta
573 4727 668 4788 orbita
698 4726 787 4787 simili
817 4725 918 4787 orbitis
946 4723 1139 4802 planetarum.
1186 4725 1324 4786 Grassius
1345 4724 1499 4804 respondit

139 4809 195 4874 cub
216 4808 285 4877 neto
308 4814 427 4879 nomine
447 4812 627 4877 bethurii
649 4813 770 4878 sarsit
797 4811 903 4892 (bibra
923 4814 1121 4877 eenonomica
1140 4818 1172 4877 st
1192 4811 1412 4897 pbilosopbloa,
1435 4830 1499 4895 qus
