3284 5520
520 344 563 401 Ad
581 344 680 401 librare
697 345 735 400 11.
752 341 967 412 Anti-Trebonio
984 357 1042 414 cap.
1064 344 1108 399 15.
1427 342 1491 414 203

139 521 257 597 Quanto
280 526 359 584 enim
380 525 481 584 minos
496 528 542 584 est
564 520 747 599 deprehensa
770 521 930 582 differentia
962 522 1182 582 observatam
1213 537 1302 600 quam
1334 529 1488 601 eomputa-

139 618 241 685 mrum,
266 618 348 670 tauto
372 610 500 672 validius
523 610 680 670 destruitur
702 612 797 669 omnis
820 611 938 670 omnino
961 608 1129 688 parallsxls.

242 699 297 757 30.
326 698 385 760 sal
408 698 624 759 claramontis
644 697 765 756 iurantis
788 700 880 757 iuetar
901 713 959 756 non
982 695 1098 755 dubitat
1119 695 1166 757 rel
1189 714 1221 756 se
1244 699 1339 776 ipsum
1363 696 1490 774 laedere,

138 781 298 845 dnmmodo
322 785 400 846 hosti
423 792 537 845 noceat.
584 783 637 844 Sat
659 783 757 858 habet,
781 787 806 844 si
830 785 984 857 lectorem,
1012 800 1070 842 non
1095 785 1236 844 intentum
1259 784 1297 844 ad
1319 793 1413 844 totum
1435 802 1491 845 ns-

138 871 261 946 gotiusn,
284 871 388 933 saltem
410 875 441 932 iu
465 879 597 932 extrema
618 872 762 947 particula
776 880 889 948 pascat
910 873 991 931 inani
1013 873 1127 946 speeie,
1162 873 1245 947 quasi
1277 872 1333 931 hoe
1368 876 1489 949 ipsoex

138 961 258 1034 propria
279 962 425 1036 sapientia
448 960 656 1036 depromserit,
683 960 849 1033 ignoratum
877 957 990 1020 scilicet
1012 957 1159 1036 Tyohoni,
1192 957 1271 1035 quod
1300 962 1364 1035 ipse
1394 967 1492 1020 tamen

139 1044 216 1104 ultro
239 1046 348 1106 tatetur
369 1055 399 1108 et
421 1050 638 1107 excusationem
660 1044 747 1105 tacite
768 1048 871 1107 mereri
895 1045 974 1120 dicit,
998 1045 1142 1121 siquidem
1174 1048 1202 1103 in
1225 1048 1319 1122 prima
1349 1048 1492 1107 observa-

139 1133 219 1190 tione
242 1150 302 1193 uno
324 1134 471 1212 scrupulo,
495 1136 525 1192 in
548 1134 641 1193 altera
663 1130 778 1193 duobus
801 1150 918 1192 sensum
940 1133 1002 1193 tallt
1032 1132 1163 1209 proclive
1186 1134 1286 1207 tuerit,
1318 1133 1366 1193 vel
1393 1137 1492 1211 potius

141 1221 296 1281 occasione
317 1220 513 1296 retractionis,
544 1239 622 1297 quae
643 1221 738 1296 major
773 1219 835 1280 fieri
865 1220 961 1281 soleat
994 1224 1023 1279 iu
1046 1220 1204 1280 decliviora
1225 1220 1380 1281 altitudine
1403 1239 1491 1298 qnam

141 1307 169 1363 in
191 1304 300 1367 altiori.

245 1396 299 1453 31.
337 1393 467 1472 Jamque
495 1401 574 1455 totns
598 1393 787 1456 claramontii
810 1395 964 1455 verborum
988 1396 1114 1473 impetus
1137 1393 1333 1466 catuliacus,
1368 1395 1491 1455 necdum

142 1487 238 1540 tamen
262 1481 383 1558 pertulit
405 1484 510 1542 ictum:
543 1480 738 1560 supplendum
762 1489 808 1542 est
830 1484 902 1543 meis
926 1481 1039 1555 verbis,
1068 1478 1146 1559 quod
1170 1481 1233 1555 ipse
1256 1481 1399 1557 reliquum
1422 1482 1492 1542 tecit

142 1565 179 1626 ad
201 1577 331 1629 mentem
353 1568 565 1645 explicandam.
610 1569 706 1646 Ergo,
741 1568 806 1629 rnlt
829 1569 940 1642 dicere,
975 1571 1000 1627 si
1026 1569 1071 1628 vel
1096 1566 1334 1627 observatione}
1358 1570 1492 1629 retractio

143 1656 246 1714 sitium
269 1654 346 1729 tecit,
369 1655 443 1715 nihil
465 1657 533 1716 hinc
556 1664 702 1716 exstruere
725 1663 824 1733 potest
840 1656 952 1734 Tyeho,
975 1673 1032 1715 non
1056 1661 1154 1731 potest
1175 1653 1221 1711 his
1243 1653 1318 1715 adeo
1338 1655 1492 1716 tallacibus

143 1740 288 1801 indicibus
316 1743 465 1802 contutare
487 1743 665 1821 parallarin‚
697 1745 827 1819 quinimo
860 1746 956 1821 potuit
987 1744 1033 1803 vel
1067 1741 1243 1801 observandi
1273 1759 1351 1802 error
1374 1744 1421 1803 vel
1444 1761 1492 1804 re-

143 1829 246 1889 tractio
269 1837 352 1891 tenta
374 1831 476 1905 tuisse,
514 1838 547 1890 ut
568 1838 719 1907 superaret
747 1830 804 1890 hcc
826 1830 978 1891 discrimen
1009 1833 1094 1889 trium
1118 1830 1294 1888 minutorum
1317 1831 1345 1886 in
1368 1837 1491 1905 tantum,

144 1922 176 1975 ut
205 1915 242 1976 de
273 1934 395 1977 excessu
416 1916 478 1978 lieri
501 1918 595 1995 possit
616 1916 775 1996 parallaxls
798 1917 892 1994 major
911 1917 1016 1977 lunari.
1062 1916 1210 1976 Haeccine
1237 1918 1325 1994 igitur
1353 1917 1493 1977 illationis

143 2010 219 2078 tuae,
245 2002 434 2076 Claramonti‚
458 2021 539 2064 mens
561 2004 630 2064 esti
664 2005 724 2064 Aut
745 2004 819 2065 haec
841 2013 894 2078 est,
918 2013 970 2064 aut
991 2005 1074 2064 nulla
1097 2010 1149 2066 est.

248 2091 300 2149 32.
335 2090 377 2150 At
406 2093 532 2152 immane
560 2098 703 2167 quantum
731 2091 827 2152 adhuc
855 2093 935 2151 absis
971 2093 1009 2151 ab
1037 2094 1092 2151 isto
1115 2104 1215 2167 scopo.
1261 2088 1491 2152 Primum'enim

146 2177 197 2235 etsi
220 2174 259 2236 de
280 2178 374 2237 tribus
402 2179 523 2238 minutis
553 2179 645 2241 hebes
667 2177 782 2239 facilem
806 2179 956 2257 'l'yehonis
979 2179 1207 2250 contessionem,
1240 2177 1369 2238 noudum
1393 2186 1490 2240 tamen

147 2261 254 2323 deser
277 2264 325 2324 rel
353 2270 466 2343 septem
488 2265 590 2326 habes.
636 2265 689 2325 Est
719 2283 790 2326 suus
813 2267 1069 2326 observationibus
1103 2264 1228 2341 siugulis
1261 2264 1380 2341 modus,
1416 2269 1492 2327 intra

148 2366 228 2425 quern
257 2367 289 2411 se
319 2353 449 2412 continet
477 2351 616 2430 quiequid
645 2353 731 2413 errari
764 2360 869 2430 potest.
917 2353 957 2412 At
988 2355 1043 2412 nisi
1074 2353 1210 2413 obtineas
1232 2368 1284 2410 sex
1307 2353 1353 2412 vel
1378 2362 1489 2430 septem

149 2440 320 2498 minutorum
351 2456 416 2499 esse
447 2447 598 2516 peccatum
631 2441 885 2515 observationum,
912 2440 1009 2500 adhue
1031 2440 1218 2517 parallaxeos
1240 2435 1334 2497 lunari
1358 2440 1491 2517 aequalis

150 2522 281 2585 iudicium
303 2525 416 2585 nullum
439 2529 501 2587 erit.

246 2613 299 2673 33.
338 2611 453 2674 Deinde
475 2620 533 2674 tres
555 2614 585 2673 hi
608 2614 754 2690 scrupuli,
788 2630 862 2691 quos
886 2613 988 2691 Tycha
1020 2616 1163 2692 permittit
1186 2614 1424 2673 observationum
1446 2615 1493 2674 in-

152 2698 316 2773 certitudini,
339 2717 358 2759 a
380 2700 495 2760 duabus
518 2702 616 2762 causis
639 2708 715 2761 sunt.
761 2701 836 2762 Pars
869 2702 946 2760 enirn
977 2709 1022 2761 est
1053 2702 1180 2777 abipsa
1213 2700 1390 2761 observandi
1413 2701 1492 2761 dilli-

153 2784 259 2859 cultate,
285 2786 365 2863 quod
387 2789 518 2847 constitit
540 2806 576 2848 ex
599 2789 701 2867 prima,
725 2790 754 2846 in
778 2806 836 2864 qua
859 2804 924 2847 cnm
949 2787 1070 2848 dimidia
1092 2789 1166 2848 hora
1188 2787 1329 2848 distarent
1343 2800 1491 2849 momenta

155 2871 318 2933 oberratae
340 2881 371 2935 et
392 2874 595 2935 declinationis
618 2883 648 2935 et
669 2874 852 2949 altitudinis,
891 2877 938 2935 cui
961 2874 1112 2935 dimidium
1146 2875 1313 2953 scrupulum
1344 2879 1493 2954 augmenti

155 2955 345 3022 declinationis
368 2962 569 3038 competebat,
603 2961 755 3024 discrimen
790 2971 887 3022 tamen
915 2964 1067 3023 inventum
1106 2971 1151 3024 est
1187 2962 1374 3022 altitudinum
1407 2967 1492 3023 unius

155 3045 247 3107 ninntt
268 3050 299 3107 in
322 3051 497 3109 contrarium
520 3050 600 3125 ejus,
634 3050 713 3127 quod
741 3049 854 3111 tactura
878 3059 940 3109 erat
961 3050 1129 3129 parallaxis.
1175 3050 1259 3111 Haec
1281 3051 1414 3110 retractio
1437 3069 1492 3111 no·

156 3135 201 3191 crit
227 3136 258 3193 in
288 3142 371 3195 tanta
400 3135 554 3197 altitudine
586 3134 659 3198 36⁰.
705 3138 775 3197 Fuit
802 3132 892 3214 igitur
926 3137 956 3196 id
990 3137 1143 3199 discrimen
1182 3154 1253 3199 sana
1286 3154 1322 3198 ex
1350 3139 1492 3199 observa·

156 3219 253 3281 ionum
275 3223 390 3283 ritiolo.

251 3310 304 3368 34.
331 3309 530 3371 Veruntamen
553 3328 589 3371 ea
616 3312 683 3388 ipsa
703 3328 734 3372 re
758 3312 963 3390 comprobatur
990 3329 1090 3373 earum
1111 3311 1185 3371 fides
1208 3311 1245 3372 de
1269 3319 1381 3390 cetero,
1411 3313 1490 3389 quod

157 3395 235 3471 najor
258 3414 318 3456 non
343 3395 568 3474 deprehenditur
590 3396 639 3459 hic
661 3397 818 3459 dissensus.

250 3484 303 3545 35.
336 3483 409 3545 Pars
432 3484 549 3545 residua
573 3485 608 3545 de
631 3487 723 3545 tribus
751 3486 895 3563 scrupulis
925 3493 970 3547 est
999 3485 1185 3546 attribuenda
1211 3484 1356 3546 secundae
1389 3487 1492 3545 obser·

154 3571 253 3629 senoni
277 3576 381 3644 estque
403 3590 437 3632 ex
461 3573 633 3633 retractione
655 3575 850 3649 potissimum.
899 3572 1011 3632 Radius
1035 3575 1111 3633 enim
1134 3592 1152 3633 a
1174 3572 1268 3633 sidere
1291 3575 1321 3631 in
1348 3571 1492 3633 19081ιί-

152 3654 249 3716 tudinis
272 3666 408 3719 versante
429 3659 624 3737 proficiscens,
645 3659 707 3736 Jam
730 3661 847 3737 retringi
871 3662 980 3737 incipit.

251 3744 302 3803 36.
337 3745 378 3804 At
401 3763 465 3807 eam
489 3747 690 3807 retractionem
713 3750 857 3823 quinque,
889 3765 940 3807 sex
970 3747 1018 3807 vel
1040 3754 1153 3826 septem
1176 3749 1353 3806 minutorum
1375 3763 1440 3807 esse
1462 3749 1492 3805 in

149 3825 195 3888 bac
217 3828 374 3892 altitudine
396 3832 499 3909 'l'ycho
522 3835 550 3890 in
581 3851 635 3892 sno
667 3832 731 3893 loco
759 3852 908 3910 nunquam
932 3833 1130 3910 deprehendit.
1176 3834 1256 3894 Nihil
1281 3835 1368 3907 igitur
1390 3834 1491 3909 habes,

149 3914 337 3993 dlaramonti,
372 3919 451 3996 quod
482 3922 511 3978 in
540 3921 702 3979 subsidium
731 3921 932 3997 parallaxibue
956 3930 1040 3997 petas
1063 3923 1100 3982 ab
1123 3923 1211 3999 hujus
1234 3923 1415 3981 retractionis
1439 3940 1491 3980 ex-

147 4019 222 4062 cessu
247 4023 338 4084 supra
362 4009 374 4064 l
402 4006 449 4067 vel
473 4010 491 4065 2
516 4009 637 4082 minuta,
662 4025 727 4067 cunr
750 4010 845 4067 minor
867 4008 917 4066 illa
941 4011 1058 4068 omniuo
1083 4012 1121 4068 sit
1144 4013 1162 4068 2
1186 4010 1316 4069 minutis.

249 4093 300 4151 37.
337 4091 476 4153 Nituntur
499 4094 720 4154 observationes
743 4094 911 4171 hujusmodi
927 4098 1062 4171 quamvis
1084 4095 1208 4156 subtiles
1231 4114 1287 4156 sua
1306 4093 1492 4155 multitudine

144 4185 170 4235 et
189 4194 353 4255 eonsensu;
383 4186 415 4239 ut
442 4183 577 4256 quamvis
609 4182 743 4259 singulae
765 4182 923 4242 sollicitum
946 4181 1075 4243 habeant
1098 4183 1250 4258 lectorem,
1275 4185 1345 4259 quin
1369 4189 1398 4240 et
1419 4184 1493 4241 arti-

143 4263 221 4323 lirem
245 4267 342 4343 ipsum
364 4266 470 4341 initio,
494 4267 614 4343 jnnctao
638 4276 735 4328 nmen
757 4268 892 4329 fiduciam
916 4272 1068 4346 acquirant
1097 4273 1124 4328 in
1155 4274 1218 4331 acie
1242 4268 1430 4344 consistendi,
1460 4278 1493 4329 nt

143 4350 175 4410 de
197 4354 369 4412 notionibus
391 4355 607 4415 universalibus
631 4355 854 4433 philosophatur
878 4357 1060 4417 Aristoteles.

246 4440 298 4500 38.
336 4440 472 4516 Denique
495 4444 520 4500 si
536 4445 581 4501 oui
599 4446 694 4502 minus
717 4443 828 4502 firmam
851 4443 937 4503 fidem
961 4445 1071 4504 taeiunt
1091 4447 1165 4503 istae
1180 4442 1357 4503 subtilitatus
1373 4444 1409 4504 do
1424 4444 1489 4505 loco

140 4533 270 4586 cometae
295 4527 500 4603 snpraluuari,
530 4531 640 4606 cogitet
663 4533 703 4603 ie,
726 4540 757 4589 et
779 4533 808 4589 in
831 4531 887 4590 hoc
910 4540 1087 4591 momentum
1111 4546 1174 4589 esse
1196 4546 1255 4589 nou
1277 4530 1359 4603 lere,
1391 4534 1415 4590 si
1439 4550 1492 4608 per

139 4610 307 4687 hujusmodi
330 4616 562 4690 observationes,
586 4625 619 4676 nt
643 4618 743 4678 crebro
768 4617 896 4677 inculcat
917 4617 1038 4695 Tyeho‚
1062 4620 1263 4696 propinquitas
1287 4620 1313 4677 ei
1336 4619 1490 4678 terrarum

138 4700 232 4776 maior
253 4701 406 4762 adimatur.
437 4700 515 4778 Quid
539 4705 642 4764 enimi
675 4703 896 4782 Quinquaginta
917 4701 1048 4766 millibus
1071 4704 1238 4764 milliarium
1261 4709 1490 4782 germanicorum

138 4789 168 4845 in
194 4787 341 4869 protunda
368 4789 495 4852 semeria
522 4791 612 4853 disin
633 4809 653 4853 a
672 4792 758 4853 uobis
782 4791 893 4853 lunaris
920 4792 1048 4873 globus:
1078 4792 1249 4873 quantulam
1283 4793 1372 4873 hujus
1402 4797 1491 4872 spatii
