3284 5520
135 346 203 415 480
604 344 648 399 lix
666 342 894 415 premeridibut
910 344 1032 415 llepleri.

138 528 273 605 perennis
300 528 470 585 aestimator
496 525 747 601 sapientissimus,
778 526 848 601 quin
876 526 980 584 aerarii
1003 524 1159 601 praelectis
1181 524 1212 583 iu
1234 520 1385 583 mandatis
1406 518 1483 595 dard,

137 630 196 675 non
219 622 331 673 tautum
354 612 471 672 residua
493 630 623 673 meorum
645 610 866 688 stipendiorum,
889 629 965 689 quae
987 611 1026 671 ad
1048 610 1107 671 duo
1130 609 1224 671 millia
1238 618 1380 671 monetae
1393 626 1485 687 argon

141 712 207 761 tcae
229 700 349 777 majoris
371 708 569 775 excreverant,
591 700 662 759 milri
685 699 837 759 confestim
860 700 1054 771 exsolverent,
1077 698 1129 759 sed
1149 700 1238 759 etiam
1252 698 1316 757 alia
1331 697 1393 757 duo
1406 696 1486 756 millia

140 788 288 861 adderent,
312 806 388 865 quac
403 788 484 859 milri,
499 786 629 847 lucrosus
644 795 723 846 artes
738 788 880 863 obsequio
896 786 1064 863 Majeatatis
1079 786 1158 847 Suae
1173 786 1378 866 postponenti,
1393 782 1485 845 solatio

139 878 227 953 inque
249 876 407 935 recreanda
429 874 554 945 familia,
578 874 722 933 diuturnis
745 872 859 933 damnis
882 874 1006 946 alll'rcta,
1029 874 1200 949 adjumento
1224 884 1336 935 esseut.
1381 870 1418 931 ld
1439 888 1485 949 quo

139 966 235 1023 minus
256 962 347 1037 lieret,
370 964 552 1039 sequentium
575 979 718 1022 annorum
741 961 920 1035 infelicitate,
944 978 1010 1023 cum
1033 980 1091 1023 aon
1106 960 1275 1021 sullieerent
1289 962 1398 1021 aerarii
1414 976 1485 1037 pras·

138 1052 207 1111 lecti
233 1057 278 1109 tot
303 1054 396 1121 curis,
428 1060 458 1110 et
486 1049 612 1126 denique
641 1053 722 1110 vitas
745 1048 932 1127 Imperatoris
959 1048 1017 1109 line
1044 1052 1167 1109 nimium
1188 1066 1316 1127 propere
1338 1050 1484 1127 appropia·

138 1146 256 1215 quante,
279 1138 413 1197 ellectum
435 1147 489 1197 cst.

245 1226 284 1283 At
305 1242 365 1283 non
387 1242 443 1301 ego
465 1232 620 1301 propterea
642 1226 792 1300 proposito
815 1222 913 1283 destiti
936 1240 990 1283 nec
1013 1226 1142 1283 animum
1165 1220 1356 1303 despondens
1379 1220 1419 1281 ad
1439 1220 1483 1281 alia

140 1310 229 1389 vulgo
256 1316 422 1389 acceptiora
444 1314 595 1389 copiisque
618 1328 712 1369 rerum
735 1309 773 1369 ad
796 1314 876 1370 vitae
897 1310 1082 1388 splendorem
1105 1322 1134 1371 et
1156 1310 1258 1371 luxum
1281 1308 1482 1371 abundantiore

139 1400 257 1472 transii,
288 1404 358 1476 quin
382 1401 498 1477 potius,
528 1409 670 1475 quantum
692 1408 722 1457 et
744 1398 864 1473 publica
886 1398 1057 1473 inquietudo
1080 1407 1109 1459 et
1131 1397 1285 1457 domestici
1309 1398 1481 1457 lactassent

138 1490 227 1566 passi,
251 1490 279 1545 in
302 1504 410 1563 magna
431 1504 525 1546 return
548 1488 685 1561 angustia
708 1484 813 1544 sedulo
840 1488 964 1561 porrexi,
988 1485 1081 1545 donec
1095 1485 1239 1562 llajestas
1254 1486 1376 1557 Vestra,
1398 1484 1479 1543 dinan

140 1575 347 1649 bominumque
362 1572 497 1633 secundis
515 1572 717 1632 uoluntatibus
730 1570 899 1645 succedens,
915 1590 961 1632 me
977 1573 1142 1651 perculsum
1152 1574 1270 1649 jactura
1287 1576 1363 1632 tanti
1378 1571 1478 1631 Patroni

138 1670 291 1735 recrearet,
314 1678 365 1739 per
387 1661 532 1719 lllustrem
556 1668 586 1719 et
608 1658 788 1719 Generosum
811 1660 848 1717 Ι).
865 1660 902 1717 D.
917 1658 1088 1721 llelliricum
1109 1660 1286 1733 ableclaw,
1310 1661 1477 1720 secretiomu

140 1748 326 1808 consiliorum
350 1750 521 1825 participem
545 1755 575 1806 et
590 1764 756 1823 supremum
773 1746 980 1819 Camerarium,
1004 1750 1032 1804 iu
1047 1751 1199 1825 proposito
1214 1766 1282 1809 mec
1298 1750 1389 1823 inque
1402 1748 1477 1805 serri-

140 1838 188 1893 tiis
209 1838 271 1893 suis
293 1838 448 1911 persistere
466 1834 594 1909 juberet,
616 1834 755 1892 subsidiis
777 1836 851 1907 istis,
874 1852 951 1909 quae
975 1834 1142 1910 ldajestatis
1157 1834 1283 1895 Vestrae
1304 1832 1476 1893 fideliomll.

143 1924 282 1981 Ausuiaa
308 1924 467 1999 superioris
489 1920 645 1981 Procerum
668 1921 829 1981 liberalitas
851 1921 922 1979 mibi
945 1924 1059 1999 roganti
1080 1925 1238 1999 superstite
1260 1922 1421 1998 Rudolpbo
1439 1922 1479 1979 ti-

140 2010 269 2081 buisset,
301 2011 448 2085 probatis,
479 2008 617 2067 solarium
641 2007 677 2068 de
699 2025 754 2067 suo
777 2012 889 2067 aerario
912 2008 1062 2085 adjiceret,
1085 2009 1181 2070 locum
1204 2010 1384 2069 habitationi
1414 2021 1501 2065 mere

143 2095 282 2155 idoneum
306 2096 399 2155 Lincii
423 2096 589 2155 decerneret
611 2097 784 2171 omniaque,
809 2112 884 2171 quac
907 2096 945 2155 ab
970 2098 1187 2173 Angustissimo
1211 2098 1406 2156 Antecessore
1427 2110 1524 2171 pro-

140 2186 230 2243 missa
243 2193 334 2256 erant,
358 2182 548 2257 confirmaret,
572 2192 661 2260 utque
684 2183 754 2241 mibi
777 2186 871 2260 primo
894 2200 1013 2260 quoquc
1035 2192 1167 2261 tempore
1186 2184 1415 2255 exsolverentur,
1436 2184 1524 2239 ite-

140 2273 211 2330 ratls
233 2270 379 2329 mandatis
401 2278 524 2347 urgeret.

246 2356 377 2433 Quorum
406 2375 462 2432 ego
489 2357 693 2416 mandatorum
723 2356 857 2417 ellectum
886 2358 1139 2435 exoptatissimum
1167 2356 1236 2415 dum
1259 2366 1414 2433 exspecto,
1440 2362 1524 2429 sp*

141 2448 250 2521 optima
273 2445 425 2518 suffultus,
448 2452 561 2503 tantum
585 2445 655 2503 mihi
679 2446 783 2503 virium
806 2446 926 2521 ingenii,
950 2453 1063 2503 tantum
1087 2446 1116 2501 in
1138 2443 1240 2505 labore
1262 2447 1423 2523 patieritiae
1441 2458 1524 2502 ac-

141 2535 238 2607 cessit,
262 2542 294 2591 ut
316 2534 452 2607 quamvis
475 2535 636 2590 mutatione
660 2533 717 2591 loci
734 2531 853 2603 dillicili,
878 2531 1035 2590 solitudine
1051 2532 1163 2603 doinus,
1187 2533 1350 2603 itineribus,
1374 2532 1524 2605 denique

140 2620 242 2679 morbo
266 2619 402 2679 diuturno
423 2636 480 2677 non
496 2636 599 2696 parum
613 2622 751 2695 temporis
767 2620 944 2697 perderetur,
967 2619 1085 2679 tandem
1101 2629 1198 2678 tamen
1214 2636 1251 2679 eo
1266 2636 1363 2696 usque
1378 2638 1413 2679 ex
1427 2632 1522 2695 pro‘

140 2707 311 2766 fundissimo
334 2706 567 2783 speculationum
590 2714 620 2766 et
643 2709 894 2782 comparationum
917 2706 1022 2783 pelago
1044 2706 1148 2765 luerim
1171 2707 1334 2780 eluctatus,
1358 2717 1390 2766 ut
1412 2704 1500 2766 ruti-

141 2797 213 2853 tutis
241 2795 370 2854 motibus
398 2795 525 2853 omnium
553 2793 736 2871 planetarum
764 2796 894 2853 animum
917 2794 955 2851 ad
978 2795 1147 2853 scribendas
1170 2793 1383 2871 prcmeridas
1403 2806 1488 2852 auae·

139 2899 202 2939 rum
226 2888 266 2941 30
291 2883 525 2960 praeteritorum,
555 2882 662 2957 quibus
686 2883 907 2941 observationes
929 2883 1143 2939 astronomicae
1167 2880 1275 2941 Brabei
1299 2890 1330 2940 et
1352 2890 1487 2941 meteoro-

140 2970 255 3045 logicae
279 2986 363 3028 meae
386 2970 542 3028 continuae
565 2975 685 3046 possent
707 2971 888 3048 examinari,
909 2976 940 3028 et
963 2974 1002 3028 50
1027 2971 1139 3027 circiter
1160 2971 1347 3044 sequentium
1371 2968 1479 3046 adjicere

141 3061 322 3135 primamque
353 3059 438 3114 istam
468 3057 497 3112 in
526 3073 634 3113 anuum
662 3064 833 3131 sequentem
861 3054 952 3115 seculi
982 3054 1125 3115 decimum
1148 3058 1306 3131 septimum
1329 3066 1480 3135 compotrrt

140 3152 170 3203 ct
191 3146 233 3203 sic
256 3147 402 3219 specimen
426 3146 606 3218 surgentium
633 3142 824 3202 Tabularum
849 3143 1004 3218 Rudolplu'
1025 3142 1120 3202 doctis
1142 3143 1279 3203 exhibere
1302 3148 1452 3219 potuerim

244 3232 316 3289 Cum
333 3233 420 3307 igitur
435 3231 554 3291 tabulae
568 3233 658 3308 ipsae,
684 3247 790 3289 nomen
807 3232 845 3289 ab
863 3231 936 3308 lmp.
956 3230 1115 3309 Rudolpbo
1138 3233 1267 3301 sortitae,
1299 3230 1381 3290 illius
1405 3230 1480 3309 potis·

138 3321 244 3376 simum
267 3318 368 3376 honori
392 3321 526 3395 aprime
549 3335 648 3378 carum
672 3328 808 3391 auctore,
840 3318 1070 3377 celebratissimo
1093 3316 1204 3377 artifice
1229 3317 1374 3395 Tycbone
1403 3315 1480 3377 Brale

140 3408 242 3465 merito
266 3405 429 3464 destinatae
452 3408 523 3477 sint,
555 3404 779 3483 prerueridum
803 3422 872 3465 vero
897 3423 970 3481 opus
994 3406 1092 3464 animo
1117 3413 1290 3481 conceptum
1315 3409 1379 3484 ipse
1402 3406 1481 3481 Majo-

139 3495 223 3551 statis
239 3492 715 3567 VestraeNominiAugustissimo
732 3491 840 3551 dudum
854 3495 1083 3552 consecraverim
1094 3496 1209 3565 tacitus,
1226 3496 1385 3553 corrreuire
1398 3493 1483 3554 exisu'·

139 3582 236 3653 mavi,
268 3590 301 3639 ut
332 3598 398 3639 cum
427 3583 523 3658 operis
552 3582 634 3639 initio
663 3579 878 3639 dedicationem
909 3583 996 3639 ctiaru
1026 3580 1174 3657 publicam
1198 3580 1354 3641 exordirer.
1403 3580 1484 3657 Quart

67 3698 71 3705 ·
139 3667 288 3741 Majestati
314 3667 435 3726 Vestrae
459 3671 581 3743 primam
605 3668 680 3725 hauc
694 3668 915 3744 Ephemeridem
939 3686 973 3726 ex
999 3667 1120 3727 Tabulis
1136 3667 1285 3745 Rudolphi
1309 3671 1424 3745 passim
1446 3684 1485 3729 ex·

139 3756 238 3830 petitis
270 3753 494 3814 venerabundus
525 3755 613 3814 otlcro
644 3763 734 3831 utque
764 3774 829 3815 eam
857 3773 959 3815 sereno
989 3755 1072 3813 vultu
1099 3754 1244 3832 adspiciat
1270 3763 1362 3831 atque
1386 3775 1423 3815 ex
1444 3756 1488 3815 lor

142 3842 282 3920 principio
307 3844 396 3901 totius
420 3844 517 3917 operis
540 3840 766 3920 Ephemeridum
789 3842 1029 3917 'fabularumque
1051 3845 1177 3918 ipsarum
1194 3860 1276 3918 spem
1292 3842 1374 3901 baud
1391 3845 1488 3903 irritru

139 3930 285 4007 concipiat
312 3936 342 3988 ct
370 3928 562 4005 Imperatoria
590 3929 806 4005 magnificentia
836 3940 1021 4009 promoveat,
1050 3928 1174 4005 supplex
1202 3946 1264 3987 oro.
1311 3930 1401 3989 Certo
1425 3932 1489 3991 enim

139 4019 304 4094 promittere
332 4018 441 4087 ausim,
471 4017 495 4074 sl
525 4016 573 4074 vel
601 4035 636 4075 ea
666 4017 775 4088 solum,
806 4035 882 4093 quae
906 4016 964 4076 duo
987 4017 1181 4094 Imperatores
1206 4018 1419 4093 augustissimi
1437 4020 1490 4095 jur

139 4102 247 4161 dudum
271 4103 342 4161 milri
365 4103 402 4162 arl
425 4103 499 4163 llaec
521 4101 619 4162 studia
641 4103 819 4179 perficienda
842 4102 1039 4177 destinarunt,
1070 4106 1248 4163 aerariorum
1269 4104 1431 4181 praelecti,
1460 4104 1491 4165 ad

139 4208 213 4266 quos
237 4190 394 4250 devolutae
416 4200 484 4250 sunt
507 4192 579 4250 istae
593 4191 772 4265 largitiones,
796 4194 859 4251 sinc
875 4209 956 4251 mora
971 4200 1159 4267 exponerent,
1183 4210 1242 4250 non
1258 4191 1414 4253 delaturos
1430 4192 1492 4254 mili

138 4277 295 4354 adjutores,
321 4296 411 4337 unum
434 4277 472 4336 ad
495 4277 683 4338 calculandus
706 4279 928 4339 observationes
950 4279 1139 4357 Brabcunas,
1166 4280 1289 4338 alterum
1313 4280 1352 4338 ad
1376 4298 1491 4360 compo·

138 4364 241 4424 tandas
265 4365 393 4442 reliquas
416 4364 624 4444 premerldus
648 4365 750 4426 eodem
774 4367 918 4443 excrnplo,
942 4367 1020 4442 quod
1044 4368 1107 4442 ipsc
1130 4370 1159 4423 in
1182 4370 1331 4443 praesenti
1351 4368 1493 4446 preme·

138 4453 200 4511 ride
224 4455 346 4530 praeiri,
371 4455 485 4512 tertium
509 4452 548 4511 ad
570 4452 779 4532 descriptiones
802 4456 991 4525 necessarius,
1016 4453 1054 4512 ad
1077 4458 1284 4514 correctionem
1307 4464 1448 4532 typorum
1470 4462 1494 4516 et

138 4539 363 4600 delineationes:
395 4557 518 4616 quorum
542 4542 638 4617 operis
661 4543 723 4618 ipse
745 4541 933 4613 sublevatus,
963 4540 1001 4600 od
1024 4541 1221 4601 absolvendas
1244 4548 1274 4600 et
1296 4544 1494 4603 emendandas

138 4626 264 4700 tabulas,
289 4627 327 4687 ad
349 4626 569 4687 adornationem
594 4628 882 4703 demonstrationum,
906 4628 944 4687 ad
967 4632 1188 4704 conceptionem
1206 4639 1236 4689 et
1255 4629 1496 4692 dilucidationem

137 4720 244 4788 textus,
268 4714 434 4775 erudiendis
456 4716 573 4793 publice
595 4715 754 4776 lectoribus
777 4719 945 4789 necessarii,
968 4715 1007 4774 ad
1029 4714 1184 4776 lectionem
1203 4716 1330 4792 denique
1345 4718 1495 4791 librorum,

138 4808 226 4861 antea
247 4804 279 4861 in
301 4803 357 4862 hac
378 4805 500 4863 matoria
522 4804 705 4880 scriptorum,
728 4811 823 4863 totum
845 4807 976 4864 animum
997 4803 1146 4880 applicare
1169 4812 1198 4865 et
1219 4804 1420 4881 pulcherrima
1442 4810 1497 4867 ista
