3284 5520
157 310 220 377 124
656 308 699 363 De
717 307 836 365 cometis
854 306 937 362 libelli
955 308 1002 362 lll.

154 504 256 547 versus
278 486 442 565 eclipticam
467 487 668 562 descendente,
693 490 747 548 ctsi
770 488 913 566 superfuit
936 487 982 548 dic
1006 488 1056 546 26.
1082 483 1233 561 Octobris,
1257 488 1386 566 conspici
1408 493 1508 549 tamen

154 575 230 635 ultra
251 574 377 651 triduum
400 593 458 635 non
481 578 634 652 potuisset,
659 578 712 637 5151
735 593 869 636 55155515
893 574 1005 635 coelum
1028 574 1140 634 luisset.

255 661 312 721 Per
335 656 570 724 constellationes
592 667 643 723 via
665 670 796 723 cometae
818 663 892 723 hacc
914 662 984 722 fuit:
1009 663 1182 739 subpriore
1204 658 1278 737 pede
1300 658 1394 721 Ursae
1419 677 1506 721 coor-

153 756 208 819 tus,
233 757 362 809 ventrem
379 748 471 810 Ursae
494 753 564 811 rasit
586 754 758 828 transiitque
780 757 809 809 51
832 752 917 827 quasi
940 749 1067 810 medium
1082 749 1207 810 Bootem
1229 751 1336 825 accuiq
1359 748 1507 809 1555115-

149 836 221 910 15511
244 838 272 893 15
295 837 547 898 constellationem
565 838 713 915 Serpentis
736 856 830 914 eoque
853 838 1012 898 secundum
1033 834 1245 914 longitudinem
1266 853 1415 914 percurso,
1440 853 1506 898 oum

153 924 208 981 sub
230 941 319 982 manu
340 928 435 1001 priore
452 923 598 1003 Ophiuchi
612 929 756 1003 coepisset
772 925 911 987 inclinare
926 928 990 998 iter,
1012 923 1130 984 taudem
1154 925 1183 981 in
1206 922 1312 1001 pedem
1335 923 1400 999 ejus
1421 926 1505 1002 prio·

153 1028 214 1068 rem
236 1013 330 1070 evasit
352 1015 440 1088 inque
463 1015 536 1073 tibia
558 1014 709 1088 adhaesit3
733 1031 786 1073 nec
807 1021 879 1089 puto
903 1013 1067 1090 eclipticam
1082 1011 1224 1088 attigisse,
1249 1014 1440 1087 quantumuis
1455 1013 1502 1073 rel

150 1097 318 1173 longissime
341 1101 523 1176 superfuerit.
550 1103 667 1178 *Atque
689 1101 761 1161 baec
783 1102 1030 1177 apparitionis
1053 1100 1298 1160 circumstantiae.

255 1185 318 1245 Has
344 1204 411 1246 vero
435 1191 665 1248 circumstantias
689 1205 789 1247 omnes
808 1188 955 1264 applicare
971 1187 1008 1246 ad
1031 1186 1365 1264 significationes,
1390 1184 1503 1247 lubrica

151 1289 196 1330 ros
219 1281 280 1331 cst:
304 1274 392 1333 faciat
414 1278 463 1350 qui
488 1277 569 1335 volet
591 1294 662 1335 5555
686 1275 752 1335 fidei
775 1274 922 1352 periculo,
947 1292 1002 1352 ego
1027 1282 1059 1333 ut
1082 1272 1177 1333 officio
1200 1275 1360 1333 astronomi
1382 1273 1501 1334 functus

149 1377 223 1433 sum,
246 1362 288 1418 ita
312 1379 412 1420 vocem
435 1363 488 1421 tali
511 1363 597 1423 alicui
621 1365 709 1423 etiam
729 1381 764 1422 er
781 1362 940 1439 astrologia
954 1362 1096 1435 formabo,
1119 1360 1377 1433 demonstraturus,
1402 1360 1502 1421 bario-

148 1445 228 1504 landi
258 1447 361 1506 modos
391 1449 460 1508 mihi
490 1468 548 1510 non
571 1453 751 1526 incognitos,
783 1448 970 1527 praedicendi
994 1466 1064 1509 vero
1087 1466 1221 1521 munere,
1252 1448 1310 1506 boc
1332 1455 1378 1507 est
1399 1466 1501 1508 151515

149 1535 338 1610 assequendi,
363 1538 480 1597 minime
503 1541 655 1614 promisso.
701 1538 794 1614 lgitur
817 1541 843 1596 si
866 1539 931 1612 quis
953 1537 1010 1597 hoc
1032 1538 1121 1596 sumit
1142 1552 1194 1613 pro
1218 1534 1362 1609 confesso,
1386 1552 1503 1596 cursum

148 1621 235 1697 hujus
259 1631 389 1684 cometae
413 1642 478 1684 cum
502 1629 537 1684 iis
560 1627 793 1694 circumstantiis,
818 1626 924 1700 quibus
947 1631 991 1685 est
1005 1624 1174 1701 descriptus,
1199 1639 1252 1682 seu
1267 1623 1308 1682 ab
1320 1621 1505 1700 intelligente

148 1709 247 1785 aliqua
270 1719 412 1786 creatura,
435 1730 487 1772 seu
510 1713 548 1772 ab
571 1716 635 1789 ipso
652 1714 717 1773 Deo
741 1713 951 1773 conformatum
975 1729 1040 1773 esse
1063 1713 1091 1769 in
1108 1710 1185 1770 hunc
1200 1708 1296 1783 finem,
1320 1716 1353 1769 ut
1368 1709 1504 1788 singulae

117 1850 120 1856 ,
148 1799 382 1858 circumstantiae
404 1800 610 1876 significationi
632 1800 800 1860 formandae
822 1801 978 1873 servirent,
1010 1806 1080 1858 tune
1107 1800 1136 1856 in
1165 1798 1243 1857 huuc
1264 1796 1384 1857 modurn
1407 1798 1504 1873 expli-

148 1883 257 1942 candus
281 1885 437 1945 videretur.
469 1887 605 1947 Directus
628 1897 657 1948 et
679 1887 837 1948 secuudum
861 1887 990 1947 ordinem
1012 1887 1161 1963 signorum
1184 1884 1330 1959 incedens,
1353 1887 1504 1962 negotium

148 1970 294 2045 siguificat
316 1989 368 2031 seu
392 1983 512 2034 natrrrae
536 1983 762 2036 consentaneum
785 1982 814 2035 et
837 1973 930 2034 ordini
954 1973 1082 2051 politico,
1105 1990 1158 2033 555
1180 1971 1259 2048 quod
1283 1970 1385 2032 confici
1401 1973 1503 2033 etab-

147 2058 224 2116 solvi
240 2061 355 2135 penitus
372 2060 478 2120 debeat
492 2057 555 2141 (¹⁸).
594 2063 631 2120 Et
654 2066 723 2138 quia
746 2064 858 2121 initium
883 2070 912 2121 et
934 2062 998 2120 finis
1022 2078 1086 2120 cum
1109 2062 1224 2136 trigono
1247 2061 1333 2137 igneo
1355 2059 1503 2135 coincidit,

56 2174 67 2187 ·
147 2149 298 2221 negotium
321 2149 409 2223 igitur
431 2151 535 2209 attinet
559 2149 597 2208 ad
620 2157 729 2210 statum
749 2150 874 2226 reipubl.
898 2157 927 2209 et
949 2147 1091 2229 ecclesiae
1114 2154 1296 2224 praesentem
1319 2153 1349 2206 et
1371 2165 1408 2207 ex
1431 2148 1503 2208 vot'o

145 2235 320 2309 praecipuae
349 2235 543 2296 multitudinis
558 2231 620 2316 (¹⁹),
651 2246 680 2296 et
703 2240 772 2313 quia
796 2244 911 2297 cometa
934 2253 1035 2297 versus
1057 2252 1155 2295 novae
1177 2234 1280 2294 stellae
1304 2233 1390 2294 sedas
1413 2234 1503 2310 latus,

145 2321 296 2397 negotium
320 2321 349 2379 id
373 2323 508 2383 attinebit
530 2342 580 2398 ea,
605 2343 680 2400 quae
702 2344 754 2402 per
777 2342 886 2385 annrrm
912 2325 1004 2384 1604.
1031 2323 1123 2384 1605.
1147 2329 1231 2397 acta,
1256 2322 1362 2398 viaque
1386 2324 1440 2382 erit
1463 2321 1503 2383 ad

144 2409 377 2468 reformationem
401 2411 510 2487 mundi,
534 2430 609 2488 quae
632 2412 786 2488 perillam
809 2412 924 2471 stellam
946 2409 1104 2488 significari
1126 2416 1245 2486 putatur
1259 2405 1322 2488 (²⁰).

249 2495 382 2573 Cumque
398 2498 485 2574 hujus
501 2499 594 2560 seculi
609 2508 740 2560 cornetae
755 2501 857 2559 turbas
873 2499 973 2558 crebro
988 2496 1216 2573 significaverint
1230 2495 1380 2573 roligionis
1396 2511 1498 2572 55555,

145 2583 315 2660 plerumque
338 2584 424 2643 simul
447 2588 572 2646 turbato·
587 2596 713 2664 utroque
736 2595 814 2648 statu
837 2587 986 2663 religionis
1010 2591 1039 2645 et
1061 2582 1257 2660 reipublicae,
1288 2585 1357 2642 anni
1381 2582 1501 2658 quidem

147 2675 239 2730 1531.
263 2680 377 2732 5515515
400 2675 429 2729 15
445 2672 595 2747 Η5115115,
619 2675 759 2753 Saxonia,
782 2674 917 2734 Balthico
941 2674 1023 2741 mari,
1050 2673 1143 2732 1532.
1161 2667 1403 2747 iuWestphalia,
1427 2669 1501 2730 Bol-

142 2758 201 2834 gio,
229 2759 321 2820 1533.
346 2761 374 2816 15
397 2759 623 2838 Wirtembergia
645 2772 676 2821 51
697 2763 782 2834 51151,
809 2766 901 2823 1538.
925 2763 954 2819 15
979 2758 1096 2836 Anglia,
1123 2759 1216 2818 1589.
1240 2760 1269 2815 15
1292 2758 1411 2830 Μ15515,
1435 2756 1500 2816 Tu-

142 2846 245 2921 ringia,
270 2845 508 2924 Brandeburgica
531 2846 671 2921 Marchia,
695 2850 905 2909 Brunaviceusi
927 2847 1046 2922 ditione,
1073 2847 1167 2906 1558.
1190 2863 1303 2905 rursum
1326 2847 1356 2903 in
1379 2843 1499 2920 Anglis‚

143 2931 258 3011 Gallia,
283 2933 402 3010 Belgio,
431 2937 575 2995 156915
600 2936 745 3007 Saxonis,
772 2939 863 2994 1511.
892 2937 1037 2996 158015
1062 2932 1192 3013 plurimis
1214 2931 1288 2992 locis
1312 2930 1499 3008 Germaniae,

146 3024 237 3079 1582.
257 3019 409 3090 Coloniae,
433 3022 535 3097 Aquis,
563 3024 654 3082 1585.
671 3026 700 3081 15
717 3023 826 3097 Gallia,
853 3024 945 3084 1590.
961 3021 998 3083 ad
1014 3022 1148 3082 Rhenum
1165 3022 1253 3096 inque
1268 3019 1375 3096 Styria,
1403 3022 1497 3080 1593.

142 3109 251 3182 passim
275 3109 303 3164 in
320 3106 487 3182 Germania,
514 3111 605 3170 1596.
629 3114 658 3168 15
676 3111 810 3181 Ρ515515,
835 3104 950 3182 Succia,
974 3108 1080 3186 Styria,
1105 3107 1194 3184 paulo
1218 3114 1284 3184 post
1306 3107 1499 3182 sequentibus

142 3194 246 3267 turbis,
274 3195 508 3270 confusionibus,
533 3196 613 3273 vulgi
637 3199 890 3276 instigationibus,
913 3195 1119 3270 seditionibus,
1143 3194 1244 3268 bellis,
1275 3195 1498 3268 mutationibus,

142 3289 193 3340 aut
216 3285 459 3343 attestationibus
483 3284 531 3343 151
553 3286 693 3361 autiquae
716 3286 762 3345 151
786 3303 883 3345 novae
905 3285 1068 3361 religionis:
1091 3282 1153 3343 fieri
1176 3282 1311 3358 equidem
1333 3285 1443 3358 potest,
1467 3288 1499 3340 ut

138 3368 201 3444 jam
224 3371 310 3428 etiarn
334 3370 427 3430 simile
451 3372 520 3447 quid
543 3375 652 3448 passim
677 3376 793 3432 eveniat
809 3369 873 3448 (Ἢ).
912 3371 952 3430 Hi
975 3373 1051 3432 enim
1074 3370 1162 3430 hodio
1180 3369 1367 3429 ecclesiarum
1383 3385 1498 3427 151515-

142 3474 198 3531 que
229 3456 409 3532 publicarum
432 3477 484 3536 por
506 3460 654 3535 Europam
676 3468 744 3518 sunt
766 3461 873 3532 morbi,
905 3459 1039 3535 adeoque
1064 3457 1238 3517 Germaniae
1261 3458 1360 3534 gravis
1383 3455 1498 3532 pridem

143 3542 259 3603 videtur
280 3562 339 3620 pax
361 3547 433 3618 ista,
461 3563 515 3605 555
538 3547 643 3606 desunt
665 3547 844 3606 irritamenta
867 3550 990 3622 passim,
1021 3545 1128 3620 quibus
1152 3544 1221 3605 olim
1245 3562 1302 3620 pax
1325 3541 1405 3603 bello
1427 3560 1498 3619 per-

142 3633 247 3690 mutari
278 3634 432 3691 consucvit
456 3629 523 3709 (²²).
570 3633 639 3691 Vidi
673 3633 741 3693 olim
772 3635 996 3710 descriptionem
1026 3639 1157 3692 cornetae
1188 3634 1347 3708 poeticam,
1378 3631 1409 3688 in
1437 3647 1498 3706 qua

142 3726 255 3778 cometa
277 3736 342 3777 cum
365 3721 454 3796 longa
476 3737 531 3778 sua
554 3720 648 3780 cauda
669 3739 809 3798 perquam
834 3720 985 3796 eleganter
1007 3720 1230 3796 comparabatur
1243 3717 1391 3778 haeretico
1405 3734 1495 3792 noro,

143 3809 192 3882 qui
215 3807 351 3866 fanaticis
373 3808 562 3867 concionibus
584 3808 725 3885 populum
749 3809 908 3869 seduceret.
955 3807 1033 3867 Saus
1060 3824 1115 3866 nec
1141 3806 1217 3868 hauc
1239 3805 1340 3882 rejicio
1364 3803 1497 3882 explica·

139 3896 257 3967 tionem,
280 3897 335 3950 arisi
353 3893 440 3969 quod,
464 3902 496 3953 ut
520 3912 604 3954 omen
621 3897 702 3954 Deus
725 3903 849 3968 avertat,
872 3912 989 3972 precor3
1012 3895 1176 3954 haeresium
1200 3896 1277 3953 euim
1299 3892 1417 3953 abunde
1440 3899 1495 3964 est,

138 3999 223 4041 115155
248 3989 357 4054 555115,
382 3985 432 4058 qui
455 3982 587 4041 haeresin
611 3985 783 4042 intentatam
807 3984 932 4042 fateatur
948 3977 1021 4063 (²³).

241 4069 286 4127 Ex
310 4069 417 4128 circulo
441 4086 542 4128 551555
565 4078 707 4143 55155155,
731 4072 814 4146 cujus
829 4069 1013 4130 altitudinem
1028 4068 1089 4145 poli
1106 4066 1164 4124 diri
1182 4084 1245 4127 5555
1262 4064 1394 4135 eandem,
1418 4083 1495 4142 quae

139 4166 183 4215 551
205 4155 334 4228 Romae,
358 4155 513 4234 Neapolis,
537 4156 717 4234 Hispaniae,
741 4156 869 4216 madium
892 4175 961 4217 vero
985 4153 1043 4214 25υ
1066 4156 1204 4230 Aquarii,
1227 4160 1341 4231 potest,
1366 4155 1417 4228 qui
1441 4153 1496 4212 de·

137 4242 260 4302 lectatur
290 4243 430 4317 fortuitis,
461 4247 590 4319 pressius
622 4244 760 4319 indagare
788 4253 917 4304 actorem
940 4243 1073 4316 fabulae,
1103 4250 1203 4301 uatum
1226 4241 1309 4300 illum
1332 4239 1406 4299 forte
1429 4257 1495 4300 erse

139 4330 225 4411 dictis
246 4331 337 4402 locis,
361 4331 575 4406 horoscopaute
599 4329 656 4388 21ο
680 4330 877 4405 Geminorum,
916 4332 1093 4392 culminanto
1118 4327 1175 4388 25Ο
1197 4329 1335 4404 Aquarii,
1359 4335 1411 4386 aut
1433 4327 1495 4387 alia

137 4416 237 4493 aliqua
260 4421 481 4494 praecipuorum
504 4417 634 4479 locorum
658 4417 857 4495 dispositione,
882 4437 947 4479 cum
971 4416 1028 4477 25ο
1050 4419 1174 4493 Aquarii
1197 4417 1385 4476 conformata.
1429 4413 1495 4473 lta·

138 4521 193 4578 que
224 4514 387 4565 scrutentur
416 4505 556 4580 astrologi
586 4505 717 4564 themata
746 4525 800 4566 sua
830 4507 984 4578 coelestia,
1016 4500 1042 4564 si
1065 4503 1143 4580 quod
1167 4504 1262 4563 forsan
1286 4502 1423 4560 idoneum
1446 4504 1494 4567 iu-

137 4593 267 4652 veniant.
306 4593 343 4651 Et
365 4593 434 4669 quid
457 4595 481 4652 si
501 4594 564 4668 jam
587 4592 702 4652 demum
726 4593 849 4654 durante
872 4602 987 4655 cometa
1008 4599 1095 4651 natus
1117 4593 1156 4649 sit
1179 4591 1286 4666 aliquis
1310 4587 1394 4647 dictis
1408 4587 1489 4661 locis,

138 4680 187 4753 qui
216 4679 266 4739 ubi
297 4679 459 4740 adoleverit
488 4678 742 4757 praesignificatae
772 4682 939 4741 hominibus
961 4680 1126 4739 afflictionis
1150 4685 1251 4737 auctor
1274 4674 1407 4736 eradat?
1444 4673 1495 4735 Sic

137 4763 296 4826 Alexandri
318 4767 437 4847 Magni,
461 4770 504 4832 sic
526 4766 704 4830 Mithridatis
726 4771 804 4847 regis
826 4768 929 4845 Ponti,
952 4769 995 4827 sic
1016 4766 1195 4828 Mahometis
1216 4761 1493 4844 pseudoprophetae
