3284 5520
644 327 858 384 Commentarius
876 289 995 396 Kepleri.
1431 328 1494 395 783

139 473 248 581 Tertio,
272 506 492 584 Mardocempal
516 515 546 568 et
560 508 782 585 Nabopolassar
803 516 873 567 sunt
890 506 1058 582 Babylonii,
1083 523 1133 565 cur
1155 524 1213 565 non
1237 516 1266 565 et
1282 507 1495 566 Nahonassar?

140 595 261 670 Quarto,
285 596 490 656 salmanassar
512 596 670 671 imperavit
691 598 720 653 iu
743 596 829 669 Nino,
854 596 1075 654 observationes
1098 597 1193 653 laetae
1218 595 1380 672 Babylone,

246 710 293 768 Ab
317 727 352 768 eo
376 716 516 785 tempore,
541 725 599 784 quo
615 709 767 769 Israelitae
790 708 910 768 sedibus
935 708 1005 767 rnoti
1029 716 1105 780 suut,
1128 707 1261 784 politiam
1286 708 1432 782 quandam
1447 726 1494 767 re-

138 798 259 870 tinuere,
278 798 351 856 forte
367 805 395 855 et
410 813 507 872 regem
524 793 611 870 Osee,
636 815 728 873 usque
744 795 782 855 ad
798 814 906 855 anuum
924 799 1016 868 3272,
1035 797 1111 854 circa
1127 812 1202 871 quae
1218 804 1349 872 tempora
1364 796 1493 855 Phraor-

140 892 184 944 tes
208 901 312 944 caesus
335 896 379 943 est
402 883 439 942 ad
462 883 570 942 Ninum
593 903 611 942 a
633 884 842 943 Nabulassare.

245 997 391 1056 Eusebius
414 1004 444 1055 et
459 997 573 1056 Annius
595 1015 684 1073 saepe
707 996 847 1056 falluntur
869 998 896 1053 in
920 1013 1062 1055 annorum
1080 996 1193 1072 imperii
1209 992 1416 1071 assignatiohe,
1439 1013 1494 1056 uos

139 1086 228 1160 igitur
258 1102 310 1162 pro
341 1086 425 1144 annis
451 1089 500 1156 10,
527 1092 563 1144 17
590 1085 802 1145 Salmauassari
833 1085 995 1143 tribuamus
1019 1082 1056 1142 ad
1080 1083 1310 1142 concinnandam
1333 1084 1493 1143 historiam.

140 1171 233 1247 Igitur
247 1173 376 1249 perlecta
392 1172 577 1248 expeditione
592 1172 714 1250 Syriaca
729 1171 941 1245 Salmanassar,
964 1181 995 1228 ut
1009 1170 1125 1230 Nahum
1139 1176 1167 1230 3.
1193 1171 1346 1246 colligitur,
1372 1173 1494 1249 Aegyp·

140 1266 200 1318 turn
223 1262 331 1319 invasit
356 1268 500 1337 captaque
516 1259 561 1319 No
586 1269 615 1319 et
637 1277 738 1319 eversa
762 1258 849 1338 (quae
866 1260 1005 1335 probatur
1021 1256 1210 1335 Alexandria)
1235 1259 1311 1318 bello
1335 1259 1421 1319 finem
1439 1263 1494 1317 im-

141 1350 250 1423 posuit,
275 1365 342 1422 rege
365 1365 430 1405 seso
454 1347 587 1406 dedente.
632 1347 699 1425 lpse
722 1350 811 1422 igitur
833 1356 892 1405 tum
917 1346 1037 1404 ulterius
1061 1356 1187 1417 portast
1211 1364 1393 1422 progressum
1426 1365 1492 1406 narn

141 1433 243 1510 procul
266 1432 356 1493 dubio
372 1434 530 1511 Babylonii
554 1438 582 1492 iu
607 1432 669 1494 dies
690 1452 722 1493 se
746 1434 960 1505 confirmarunt,
986 1433 1186 1492 deficientibus
1202 1433 1239 1491 ad
1254 1452 1285 1492 se
1302 1437 1406 1494 vicinis
1422 1453 1496 1511 gou-

142 1523 231 1595 tibus,
255 1530 284 1580 et
307 1521 557 1581 Salmauassarem
582 1525 609 1580 in
633 1540 665 1581 se
689 1529 877 1594 attraxerunt,
902 1523 951 1597 qui
976 1520 1099 1580 rebelles
1124 1523 1151 1577 in
1170 1521 1352 1598 llahylonica
1376 1526 1494 1598 regione

143 1613 248 1687 partim
271 1608 384 1667 domuit
408 1612 558 1684 victosque
583 1612 612 1666 in
628 1609 816 1669 Phoenicium
841 1611 1021 1684 transposuit
1043 1625 1137 1683 eoque
1158 1608 1235 1667 bello
1252 1612 1421 1669 sexenuium
1436 1611 1494 1669 sere

141 1699 302 1755 consumsit
324 1695 449 1776 (2.Par.
476 1703 526 1756 32.
552 1716 578 1758 v.
604 1703 652 1756 13.
682 1697 811 1772 loquitur
834 1695 1032 1755 Sennacherib
1064 1695 1099 1755 dc
1127 1696 1254 1771 iaruilia;
1290 1696 1349 1754 vid.
1375 1697 1492 1773 2.Reg.

144 1789 192 1854 18,
218 1781 283 1863 34),
308 1785 392 1860 cujus
416 1783 533 1859 quidem
557 1783 625 1843 belli
650 1787 759 1844 exitum
783 1784 939 1843 verisiurilc
963 1792 1008 1843 est
1029 1782 1106 1840 hunc
1128 1784 1228 1856 fuisse,
1253 1793 1285 1842 ut
1306 1783 1495 1843 Nahonassar

142 1871 327 1947 Babylonem
351 1871 468 1947 quidem
492 1874 637 1944 retineret,
662 1871 712 1930 sod
736 1872 878 1930 tributum
898 1869 1047 1949 penderet.
1086 1870 1177 1946 idque
1194 1871 1250 1930 hac
1265 1874 1418 1932 occasione
1433 1872 1494 1930 fiori

141 1962 246 2035 potuit,
270 1961 294 2016 si
311 1958 524 2026 salmanassar,
549 1959 704 2018 multarum
726 1963 856 2034 gentium
877 1969 905 2018 et
922 1960 1036 2017 urbium
1053 1958 1153 2030 victor,
1178 1960 1207 2016 in
1223 1958 1375 2019 obsidione
1391 1960 1495 2036 Baby·

141 2046 216 2104 lonis
233 2045 397 2119 decesserit,
423 2046 523 2105 relicto
539 2046 665 2106 haerede
681 2047 907 2119 Sennachcriho,
932 2064 1009 2105 auno
1027 2052 1120 2116 3234,
1145 2049 1194 2122 qui
1210 2056 1254 2105 est
1272 2053 1320 2107 13.
1344 2047 1496 2120 Ezechias,

142 2132 221 2190 tilius
245 2150 316 2192 vero
339 2151 404 2191 cum
427 2134 633 2193 Nahonassare
657 2134 744 2192 modo
768 2134 846 2193 dieto
870 2135 1050 2209 transegerit.
1098 2134 1139 2191 Ex
1164 2132 1220 2192 hoc
1243 2134 1384 2192 iaciamus
1409 2137 1496 2193 Arte·

142 2223 260 2292 carmin,
287 2223 421 2295 quamvis
445 2222 513 2279 huic
537 2227 577 2281 50
593 2224 662 2279 anui
685 2222 857 2293 tribuantur,
883 2221 1079 2279 Sennacherib
1106 2239 1174 2278 vero
1198 2228 1344 2281 tantum3
1369 2224 1496 2298 impera·

142 2311 224 2367 verit.
273 2307 332 2367 Sed
361 2326 426 2366 cum
455 2309 626 2383 magnitudo
650 2310 741 2384 patris
764 2327 857 2367 reruni
880 2317 1027 2384 gestarum
1050 2325 1160 2367 novum
1185 2311 1387 2384 imperatorem
1410 2309 1497 2368 infla-

141 2405 204 2454 rent
232 2403 261 2454 et
289 2396 509 2455 exstimularent
537 2395 575 2455 ad
599 2395 701 2456 eadem
726 2398 866 2471 vestigia,
896 2395 1138 2468 Sennacheribus,
1163 2395 1330 2454 tentandam
1353 2397 1497 2455 fortunam

141 2492 221 2541 ratus
246 2486 274 2540 in
299 2482 511 2555 occidentales,
542 2483 757 2560 expeditionem
780 2486 905 2542 marinio
930 2502 994 2542 curu
1018 2491 1160 2559 apparatu
1184 2484 1306 2560 suscipit
1327 2501 1404 2542 auno
1427 2501 1496 2560 pro-

141 2571 239 2644 ximo,
272 2581 408 2630 causatus
432 2571 643 2644 delectionem,
675 2589 762 2647 quarn
786 2590 850 2629 cum
875 2571 940 2629 aliis
963 2573 1090 2630 lecerunt
1112 2569 1247 2630 Judacus
1270 2581 1300 2630 11
1322 2571 1496 2648 Aegyptius,

143 2675 218 2734 quos
241 2667 325 2733 pater
347 2659 475 2717 noudum
499 2659 701 2718 mulctaverat.
740 2655 905 2740 (Aegyptio
929 2658 1047 2735 quidem
1070 2658 1171 2717 urbem
1193 2658 1239 2717 No
1263 2657 1421 2733 ademerat,
1445 2658 1497 2719 sod

143 2747 168 2802 is
200 2746 273 2804 lorte
306 2746 402 2804 denuo
432 2739 614 2828 rebellavit.)
662 2747 793 2805 Accessit
816 2745 932 2818 eodem,
965 2745 1043 2821 quod
1066 2745 1207 2805 Ezechias
1231 2744 1417 2806 Palaestinos
1439 2745 1497 2805 huc

140 2849 234 2908 usquc
258 2835 403 2892 coutinuis
428 2833 512 2893 bellis
529 2844 691 2893 vexaverat
706 2833 871 2908 multasque
889 2851 988 2894 eornm
1005 2834 1091 2893 urbes
1107 2841 1225 2909 ceperat
1239 2832 1279 2912 (2.
1295 2833 1367 2911 Reg.
1388 2840 1436 2905 18,
1454 2834 1496 2911 8).

143 2918 280 2978 Mortuus
304 2930 348 2978 est
371 2923 447 2978 circa
471 2920 548 2979 idern
572 2932 686 2997 tempus
701 2920 891 2980 Nahonassar
907 2938 1164 2996 successoremque
1180 2923 1209 2978 in
1227 2921 1380 2999 Babylone
1394 2930 1497 2980 nactus

142 3015 187 3065 est
209 3006 488 3083 Mardocempadum
512 3012 574 3068 sive
590 3008 889 3081 Merodachhaladan,
913 3027 1000 3085 quem
1023 3011 1165 3084 scriptura
1190 3017 1277 3068 vocat
1298 3008 1389 3067 filium
1404 3005 1497 3067 Bala-

142 3094 242 3169 dauis,
267 3097 330 3154 sive
354 3096 410 3154 hoc
433 3113 537 3154 nornen
562 3098 677 3173 privato
700 3095 908 3155 Nahonassaro
931 3098 999 3169 luit,
1030 3098 1092 3155 sive
1116 3095 1205 3168 alius,
1230 3114 1318 3172 quum
1340 3097 1496 3156 Nahonas-

133 3174 215 3241 'seris
245 3185 300 3240 iste
329 3183 415 3241 luerit
438 3183 532 3256 lilius',
565 3201 698 3259 unusque
722 3202 758 3241 ex
781 3183 878 3258 Magis
903 3184 939 3242 ad
963 3202 1083 3259 regnum
1108 3183 1231 3255 electus,
1263 3186 1312 3260 qui
1337 3202 1401 3243 mos
1425 3186 1498 3244 inter

140 3268 246 3328 Persas
279 3268 405 3329 duravit.
452 3271 541 3329 lirant
571 3289 674 3347 nempe
704 3273 851 3347 sapientes
880 3275 908 3329 in
937 3289 1043 3347 magna
1067 3272 1239 3330 auctoritate
1264 3270 1433 3349 Babylone,
1466 3280 1497 3329 ut

142 3375 178 3416 ox
201 3355 331 3416 deremia
363 3366 392 3415 11
415 3358 539 3418 Daniele
571 3358 733 3434 colligitur,
766 3368 794 3418 et
827 3367 895 3418 tuuc
918 3359 1015 3418 floruit
1042 3360 1221 3418 astronomia
1251 3358 1497 3434 observatumque

140 3452 316 3519 portentum.

246 3557 444 3617 Sennacherib
467 3567 546 3618 recta
561 3562 645 3635 petiit
661 3559 829 3635 Aegyptum
847 3559 1001 3634 urbesque,
1026 3576 1102 3635 quae
1119 3557 1289 3617 intermedio
1305 3560 1408 3617 itinere
1424 3560 1497 3617 sitae

117 3653 233 3718 erant,
258 3644 407 3704 deditione
431 3656 459 3705 et
483 3649 512 3703 vi
535 3648 620 3724 oepit.
666 3648 699 3706 In
725 3650 847 3705 transitu
870 3650 981 3706 vicinas
1004 3654 1106 3722 gentes
1130 3664 1181 3724 per
1204 3646 1316 3722 legatos
1339 3643 1494 3718 allocutus,

141 3732 256 3791 Arabas
280 3733 397 3809 quidem
420 3734 458 3792 ad
481 3735 623 3811 imperata
648 3744 776 3811 promtus
799 3737 913 3810 reperit,
939 3733 1015 3793 unde
1031 3733 1199 3794 Herodotus
1224 3752 1290 3793 eum
1306 3751 1403 3809 regem
1420 3735 1496 3792 Ara·

141 3821 210 3878 bum
240 3820 381 3898 appellat.
426 3820 575 3880 Judaeum
607 3840 676 3880 vero
700 3831 732 3879 ut
754 3821 891 3880 rebellem
915 3821 1061 3881 hostiliter
1084 3839 1240 3897 aggressus
1264 3829 1308 3880 est
1331 3822 1496 3895 multasque

140 3908 227 3966 urbes
250 3907 385 3967 dudaeae
409 3911 537 3968 munitus
560 3912 646 3986 cepit.
684 3907 732 3967 Ad
756 3926 822 3968 eum
846 3909 1026 3969 obsidentem
1051 3918 1212 3985 campestre
1236 3909 1411 3985 praesidium
1436 3908 1496 3966 last·

141 3994 212 4065 chis,
237 4013 313 4071 quae
336 3996 508 4056 intermedio
532 3998 634 4057 itinere
657 3999 715 4055 sita
734 4006 797 4055 erat
812 3997 979 4073 Aegyptum
996 3998 1086 4069 eunti,
1110 3998 1223 4074 legatos
1240 3999 1329 4055 mittit
1345 3995 1495 4064 Ezechias,

142 4084 259 4141 veniam
283 4083 479 4158 deprecatum.
519 4083 716 4144 Sennacherib
740 4101 837 4158 regem
858 4084 1024 4143 luditicatus
1050 4084 1171 4143 multam
1194 4086 1319 4160 imperat
1341 4085 1496 4156 ingentem,

142 4187 202 4244 qua
224 4174 365 4247 praestita
389 4171 452 4229 urbi
468 4170 673 4249 Jerosolymae
696 4169 885 4230 nihilominus
909 4174 1043 4244 minatur,
1068 4174 1152 4248 quasi
1179 4170 1256 4230 idem
1280 4172 1420 4248 lecturus,
1442 4171 1497 4229 etsi

140 4257 213 4315 nihil
246 4257 412 4334 reliquisset
434 4257 578 4319 Judaeus.
624 4258 659 4317 Id
690 4259 807 4335 quidem
838 4258 980 4318 Ezechias
1012 4260 1106 4319 luerat
1138 4259 1277 4317 odoratus
1309 4268 1398 4334 atque
1430 4257 1497 4318 ideo

140 4346 242 4405 urbem
266 4345 303 4404 ad
327 4344 508 4405 obsidionem
532 4346 681 4406 lesendam
700 4348 939 4405 communiverat.
980 4345 1046 4421 Quo
1069 4349 1147 4406 sacto
1163 4346 1409 4405 Sennacheribum
1425 4362 1495 4421 pro·

141 4431 189 4493 cul
212 4432 302 4492 dubio
326 4432 461 4504 offendit,
486 4444 518 4492 ut
540 4435 654 4510 legatos
677 4431 864 4513 (Idebessos),
888 4443 993 4493 terram
1017 4443 1046 4494 11
1069 4437 1168 4493 urbem
1192 4430 1348 4509 poscentes¹
1370 4436 1497 4493 mitteret

140 4521 342 4599 populumque
366 4521 528 4596 magnificis
553 4522 649 4581 verbis
673 4523 709 4582 ad
734 4521 927 4581 deiectionem
942 4521 1114 4582 sollicitaret
1129 4532 1159 4580 et
1174 4522 1213 4580 ab
1228 4523 1358 4581 amicitia
1375 4521 1498 4597 Aegyp·

142 4612 220 4668 tiaca
244 4608 420 4683 deterreret;
454 4626 577 4685 cumque
600 4610 672 4667 nihil
696 4611 715 4666 ii
738 4608 926 4685 proficerent,
957 4609 1075 4669 tandem
1098 4608 1221 4669 redeunt
1243 4609 1279 4667 ad
1304 4626 1415 4684 regern,
1447 4609 1497 4683 qui

141 4704 230 4772 capta
254 4696 360 4756 bachis
383 4695 526 4769 Lobuam,
552 4695 620 4757 olim
643 4695 788 4769 Judaeae,
812 4714 890 4757 nunc
912 4696 1071 4757 idumaeae
1093 4704 1249 4755 montanae
1273 4695 1392 4756 ditionis
1416 4696 1498 4754 obsi-

141 4783 247 4860 debat,
279 4787 358 4846 viam
388 4784 446 4844 sibi
476 4793 609 4847 sternens
631 4784 850 4864 Jerosolymeo.⁴
889 4784 1007 4847 Interea
1029 4785 1127 4846 Sedau
1155 4784 1204 4845 val
1226 4783 1267 4844 So
1295 4801 1346 4845 rex
1368 4784 1497 4862 Aegypti
