3284 5520
146 303 212 373 242
637 303 775 373 Tycbouis
792 303 1004 375 Hyperaspistas

92 526 97 537 .
146 483 311 543 latitudinis
334 484 464 558 elicitur,
496 482 525 543 id
549 485 592 544 sic
615 485 703 545 etiam
726 482 840 562 patebit
861 483 979 545 clarius.
1025 483 1158 543 Assumit
1186 485 1263 543 euim
1286 481 1506 544 Claramoutius

148 571 227 631 illam
251 569 369 648 quidem
388 576 447 646 ts‘,
470 572 545 630 hanc
569 588 637 630 vero
658 575 716 630 14¹.
754 571 824 631 dam
845 589 915 631 vero
932 574 956 629 si
971 588 1022 646 per
1036 570 1229 631 differentiam
1245 570 1437 631 latitudinum
1454 575 1505 631 14¹

148 676 257 736 operer,
274 657 422 718 eliciturus
438 677 503 718 sum
518 659 728 720 horizontalem
744 676 802 718 non
819 658 911 717 multo
927 661 1069 717 minorem
1085 676 1174 735 quam
1189 658 1277 717 modo
1294 677 1346 734 per
1363 662 1416 720 20‘
1435 659 1505 732 18”,

146 753 219 822 puta
241 748 355 806 circiter
377 746 429 806 20⁴
455 743 548 829 211311,
572 749 642 822 quia
665 747 738 806 haec
760 746 923 805 latitudinis
946 744 1110 805 differentia
1133 764 1164 805 se
1188 746 1318 805 extendit
1341 766 1359 805 a
1382 747 1505 806 meridie

146 837 176 892 in
203 836 446 911 septentrionem,
478 852 553 911 peuc
575 844 608 892 ut
630 833 760 892 locorum
783 833 890 893 Terrae
914 832 1064 893 distantia.
1109 834 1150 892 At
1172 836 1196 892 si
1218 851 1270 909 per
1296 837 1346 894 151
1371 833 1504 911 iongitu-

147 920 222 979 dinis
246 938 356 998 operer,
380 939 446 981 oum
469 927 582 981 cometa
604 921 690 979 luerit
714 920 893 979 humillimus
916 938 971 980 uec
989 938 1128 996 magnum
1145 921 1296 981 discrimen
1313 920 1504 981 altitudinum

146 1010 176 1066 in
201 1020 324 1084 utroque
339 1007 446 1068 Terrae
470 1009 544 1082 ioco,
560 1010 676 1084 -quippe
700 1016 815 1068 cometa
838 1025 940 1067 versus
959 1026 1095 1066 occasum
1112 1012 1263 1081 existente,
1288 1026 1355 1068 cum
1371 1008 1504 1069 locorum

146 1096 285 1155 distantia
300 1115 318 1154 a
333 1098 529 1173 septentrione
553 1095 688 1154 tendatur
709 1098 738 1153 iu
761 1094 920 1169 meridiem,
944 1106 1027 1154 tanta
1040 1094 1235 1170 parallaxium
1251 1094 1415 1155 differentia
1431 1114 1504 1156 con·

145 1182 224 1243 ficiet
253 1185 399 1260 ingentem
427 1183 589 1259 parallaxin
618 1186 712 1259 ipsam
742 1182 863 1242 totalem
886 1184 916 1240 in
939 1181 1098 1244 horizonte.
1145 1184 1188 1242 Ex
1212 1199 1271 1259 quo
1294 1186 1445 1258 sequitur,
1476 1185 1500 1241 si

146 1269 304 1345 parallaxis
327 1288 385 1328 non
409 1271 548 1345 majorem
573 1273 600 1327 in
624 1269 778 1329 altitudine
801 1271 948 1345 praestitit
971 1268 1162 1330 differentiam
1185 1287 1273 1347 quam
1293 1273 1353 1344 li‘,
1377 1270 1501 1331 eandem

145 1359 174 1414 in
198 1357 380 1434 longitudine
403 1375 588 1433 nequaquam
611 1364 758 1434 praestare
774 1358 907 1433 potuisse
923 1356 1113 1417 differentiam
1129 1359 1279 1433 majorem,
1301 1375 1342 1416 sc.
1364 1362 1427 1438 15‘,
1449 1359 1502 1419 aed

146 1447 264 1503 omnino
288 1447 491 1521 perexiguam,
520 1461 578 1503 nou
602 1444 751 1517 obstante,
781 1444 859 1521 quod
882 1447 965 1521 ipsae
988 1444 1155 1522 parallaxes
1177 1443 1372 1521 longitudinis
1395 1464 1449 1523 per
1471 1464 1503 1505 se

144 1534 201 1591 sint
224 1531 313 1593 valde
336 1549 459 1609 magnae
484 1549 585 1592 versus
609 1531 798 1591 horizontem.

251 1625 300 1679 13.
340 1618 529 1679 Convincitur
558 1620 647 1695 igitur
676 1618 749 1680 haee
776 1618 1015 1679 observationum
1043 1621 1186 1679 assumtio
1214 1620 1318 1678 erroris
1341 1618 1502 1694 manifesti,

144 1712 177 1764 ut
205 1704 326 1765 dubium
355 1706 467 1765 nulium
497 1707 638 1782 supersit,
668 1705 765 1765 locum
796 1714 928 1766 cometae
952 1723 987 1765 ex
1010 1705 1167 1766 auimuthls
1190 1714 1220 1766 et
1242 1705 1449 1767 altitudinibus
1472 1714 1503 1767 et

144 1794 322 1870 temporibus
344 1792 525 1869 Landgravii
546 1809 605 1853 non
628 1790 692 1852 elici
711 1793 833 1868 justum.

252 1886 300 1939 14.
329 1878 433 1939 Ρ11111
455 1888 554 1940 autem
578 1883 606 1937 in
630 1880 665 1939 iis
688 1896 752 1939 esse
775 1883 888 1953 vitium,
913 1878 993 1954 quod
1016 1881 1045 1937 in
1061 1880 1159 1939 locum
1173 1879 1367 1956 longitudinis
1384 1888 1415 1940 et
1429 1880 1502 1941 lati·

144 1966 253 2028 tudinis
286 1966 442 2040 redundet,
472 1970 500 2024 in
532 1969 733 2026 tractationem
762 1966 956 2042 parallaxium
980 1962 1047 2048 (per
1070 1966 1250 2026 diversamm
1279 1966 1412 2043 ejusdem
1444 1968 1503 2028 diei

143 2054 280 2114 horarum
304 2053 473 2128 observata,
498 2072 573 2130 quac
597 2057 744 2113 invenitur
766 2055 845 2130 apud
868 2053 1038 2130 Tychonem
1062 2061 1140 2114 tomo
1164 2055 1203 2112 ΙΙ.
1234 2054 1459 2133 Progymnasm.
1484 2074 1503 2115 a

143 2140 194 2200 ici.
212 2135 426 2223 11111144)
449 2158 506 2200 nou
530 2141 605 2201 adeo
628 2143 746 2218 copiose
768 2142 919 2203 redundet.
958 2141 1033 2201 Nam
1054 2143 1125 2216 quia
1146 2149 1281 2201 manetur
1302 2142 1405 2202 codem
1423 2142 1501 2217 ioco,

143 2235 242 2289 manet
264 2229 337 2287 situs
360 2230 552 2304 instrumenti,
577 2237 675 2289 manet
696 2228 896 2306 horologium:
921 2228 1077 2288 cohaerent
1098 2229 1185 2305 igitur
1201 2232 1274 2288 inter
1289 2247 1321 2289 se
1337 2230 1416 2289 hono
1434 2234 1501 2290 viu·

144 2315 210 2376 culo
233 2324 293 2375 tam
316 2316 474 2390 azimutha,
497 2334 585 2393 quam
607 2316 711 2392 horas,
735 2324 861 2395 suntque
886 2317 1041 2376 interualla
1060 2315 1158 2392 justa,
1181 2319 1295 2376 termini
1317 2318 1342 2375 si
1366 2310 1501 2393 peccant,

142 2401 260 2481 aequali
282 2410 419 2479 peccaut,
449 2413 477 2464 et
499 2403 550 2464 illa
573 2404 691 2481 quidem
714 2420 780 2463 cum
803 2409 881 2463 omni
904 2403 1068 2463 subtilitate
1091 2405 1120 2460 in
1144 2404 1422 2464 demonstrationem
1444 2423 1501 2467 ve·

143 2493 238 2566 niunt,
262 2492 309 2549 isti
332 2492 447 2550 nonnisi
470 2509 568 2551 crassa
591 2499 620 2551 et
642 2491 841 2568 superficiaria
861 2493 1017 2569 positione.

249 2583 298 2639 15.
327 2577 365 2636 Et
387 2595 454 2639 ecce
478 2579 666 2639 fundamenta
690 2577 888 2652 claramontii,
914 2579 1020 2654 quibus
1041 2575 1090 2639 ille
1112 2596 1196 2637 suam
1220 2579 1500 2640 demonstrationem

142 2665 331 2742 superstruit,
361 2665 554 2743 paraliaxium
583 2666 698 2727 scilicet
726 2665 876 2727 lunaribus
907 2667 1058 2742 majorum.
1113 2663 1343 2726 Observationes
1372 2684 1408 2727 ex
1438 2685 1500 2728 uua

141 2759 224 2830 parte
248 2755 371 2812 vitiosae
393 2762 469 2829 sunt,
493 2749 1088 2824 11111111111111111111111111111
1112 2753 1251 2827 calculus,
1276 2753 1402 2830 denique
1426 2773 1444 2814 a
1468 2774 1500 2816 ac

141 2842 205 2918 ipso
229 2838 402 2901 dissentiens
424 2848 453 2900 et
476 2844 598 2902 certiore
620 2840 759 2902 methodo
783 2843 934 2901 convictus
956 2840 1102 2901 salsitatis.
1151 2839 1280 2902 Haecine
1304 2848 1350 2901 est
1371 2838 1500 2903 demon·

141 2927 258 2989 share?
290 2927 439 2988 Haeccine
467 2928 538 2989 fides
566 2928 787 3004 pollicitationis
816 2936 884 2989 tuae
909 2926 1112 2987 Claramouti'?
1147 2927 1196 2988 Me
1220 2946 1289 2989 vero
1313 2930 1448 3006 ineptum
1471 2938 1501 2992 et

142 3021 302 3088 amentem,
327 3018 377 3091 qui
401 3023 514 3091 tempus
538 3015 583 3074 his
603 3014 763 3075 refutandis
785 3016 892 3094 perdel
916 3034 1004 3093 quam
1027 3033 1073 3075 mc
1096 3017 1244 3092 poenitet,
1277 3014 1367 3077 semel
1392 3017 1500 3094 pedem

142 3104 171 3161 in
194 3102 251 3162 boo
274 3102 389 3178 Augias
412 3101 561 3162 stabulum
585 3102 731 3163 intulissei

141 3245 339 3329 11111117.
357 3247 409 3315 111.
426 3247 490 3323 titi,
516 3248 595 3328 quud
619 3246 828 3313 sidiumenta
851 3248 946 3313 solun
963 3248 1121 3329 patiturn-
1136 3250 1176 3313 ad
1193 3248 1340 3314 rationem
1356 3250 1499 3332 prienen.

245 3361 324 3423 Satis
348 3362 383 3422 de
406 3361 463 3422 hoc
485 3362 522 3420 ad
546 3378 609 3437 cap.
635 3369 669 3435 4,
698 3363 756 3420 uisi
783 3362 862 3439 quod
893 3381 928 3422 err
957 3363 1044 3423 modo
1069 3362 1153 3423 dietis
1177 3364 1358 3423 retractionis
1381 3365 1499 3445 asylum

141 3451 248 3509 arctius
272 3449 433 3510 occluditur
457 3448 655 3508 Claramoutio
674 3451 702 3505 in
719 3449 788 3526 biga
804 3450 1042 3511 observationum
1059 3453 1162 3528 capitis
1178 3452 1291 3527 prioris.
1328 3449 1404 3512 Cum
1420 3456 1499 3514 euim

141 3535 304 3597 differentia
334 3538 375 3597 ibi
404 3535 618 3612 longitudinum
651 3538 823 3611 pronunciet
860 3537 977 3613 quidem
1007 3538 1167 3598 secundum
1197 3537 1359 3615 paraliaxiu
1399 3549 1429 3601 et
1456 3543 1499 3601 sic

141 3630 241 3682 contm
254 3624 466 3697 retractionem,
491 3627 528 3682 sit
550 3639 618 3681 vero
639 3625 746 3681 vitiosa
769 3627 936 3685 testimonio
959 3624 1137 3686 differentiae
1157 3625 1344 3685 latitudinum
1367 3636 1498 3706 reperta:

15 3714 25 3734 ⁴
141 3712 243 3769 vitium
266 3712 322 3771 hoc
344 3728 401 3769 non
427 3711 595 3770 causabitur
616 3710 765 3784 retractio,
790 3711 840 3771 sed
865 3720 943 3788 teget
965 3715 1063 3789 potius
1088 3712 1123 3772 de
1148 3730 1182 3773 eo
1206 3717 1294 3772 etiam
1317 3713 1415 3791 majus
1439 3716 1497 3777 ali·

141 3797 228 3872 quid,
260 3798 339 3875 quod
362 3806 476 3875 praeter
498 3797 545 3869 id,
571 3796 649 3873 quod
673 3814 811 3859 excusare
835 3807 932 3876 potest
954 3799 1128 3876 parallaxis,
1158 3803 1293 3876 peccavit
1316 3801 1497 3878 observatio,

139 3887 197 3942 nisi
220 3886 424 3945 retractionem
449 3884 603 3944 diversitas
627 3888 701 3944 iuter
723 3885 797 3945 haec
821 3885 877 3945 duo
901 3887 967 3946 loca
986 3894 1113 3963 ponatur
1129 3886 1215 3947 valde
1233 3887 1363 3948 evidens.
1404 3891 1498 3969 Atqui

140 3979 210 4032 tunc
233 3990 285 4049 per
307 3973 508 4032 retractionem
534 3979 593 4030 tam
616 3990 751 4048 magnum
777 3974 941 4033 turbabitur
965 3974 1002 4048 id,
1027 3973 1105 4051 quod
1129 3992 1180 4053 per
1194 3973 1357 4052 parallaxin
1375 3995 1412 4037 ex
1426 3976 1497 4039 ion-

138 4058 271 4136 gitudine
302 4061 462 4137 putabatur
484 4061 593 4136 optime
617 4062 816 4120 constitutum.
862 4062 908 4121 lta
931 4079 1076 4140 nusquam
1099 4062 1158 4123 iere
1180 4061 1285 4139 pedem
1306 4064 1497 4126 111111811-

139 4150 199 4226 pio,
222 4150 293 4225 quin
317 4149 489 4225 gravissime
513 4148 663 4225 impingat.

625 4285 835 4367 11111118.
861 4283 913 4351 iol,
939 4284 1003 4351 311.

244 4418 270 4470 1.
309 4409 417 4470 Totum
449 4408 505 4469 hoc
535 4415 623 4487 caput
652 4409 784 4485 ejusdem
814 4417 859 4470 est
886 4410 997 4471 ianuae
1029 4427 1094 4470 cum
1125 4412 1237 4487 priore:
1270 4412 1496 4475 observationes

137 4497 286 4559 Maestlini
318 4515 370 4558 seu
399 4494 466 4556 loca
488 4499 586 4572 potius
609 4497 740 4556 cometae
764 4499 791 4555 in
816 4496 951 4575 ecliptica
974 4498 1143 4574 designata,
1176 4516 1252 4574 quae
1276 4498 1496 4562 Claramontius

137 4585 266 4659 adhibet,
291 4601 349 4644 non
363 4591 430 4643 sunt
446 4584 483 4642 ad
499 4585 693 4643 necessariam
709 4584 776 4643 huic
790 4588 939 4661 processui
954 4585 1148 4644 subtilitatem
1162 4584 1273 4659 limata,
1290 4603 1355 4659 ¹uon
1370 4590 1496 4665 1311111

137 4673 348 4748 observatoris,
372 4671 425 4732 sed
448 4674 518 4748 quia
540 4672 685 4731 rarissime
710 4681 824 4732 cometa
848 4675 877 4731 in
899 4674 1062 4749 ipsissimas
1087 4673 1160 4733 duas
1183 4674 1276 4735 lineas
1297 4673 1417 4751 incidit,
1440 4694 1496 4753 per

137 4760 221 4821 binas
242 4755 389 4838 quamque
412 4756 514 4820 stellas
537 4758 647 4819 ductas.
