3284 5520
439 326 538 384 Libl.
574 327 703 386 Comatae
720 327 785 384 anui
802 329 879 386 tate.
915 328 1073 399 capsim
1368 332 1432 399 101

180 506 274 584 Atqui
301 505 376 570 bace
404 514 487 569 tauta
512 509 666 587 prolixitas
695 508 791 570 lineae
814 507 867 568 ΡΥ
888 525 947 568 οοο
975 510 1113 569 convenit
1136 526 1201 569 cum
1225 507 1432 570 observatione

86 595 183 673 eapitis
212 602 244 655 et
271 595 384 658 caudae
413 603 562 659 mmetae:
595 600 720 674 primum
749 598 826 657 enim
854 603 970 656 cometa
999 597 1055 655 luit
1085 598 1167 655 initio
1197 595 1374 656 clarissimus
1403 604 1433 657 et

82 680 312 744 evidentissimus
341 693 478 762 aspectu3
512 693 544 746 at
565 685 617 743 BF
647 684 773 745 altitudo
803 691 933 744 cometae
965 683 1013 743 vel
1044 687 1129 760 quasi
1157 684 1239 743 ficret
1263 683 1320 743 bec
1342 692 1430 760 pacto

81 769 194 831 tandem
224 769 342 850 longior
371 774 436 851 ipsa
460 771 515 832 BA
547 770 700 832 altitudine
723 771 812 833 Solis.
855 771 1012 830 Evidentia
1044 788 1112 830 varo
1143 779 1279 848 aspectus
1309 779 1432 832 testatur

79 856 109 917 de
139 858 364 936 propinquitate
393 859 508 936 majori.
552 858 684 934 Deinde,
719 861 744 919 si
773 866 889 921 cometa
919 866 979 917 tam
1010 865 1138 919 remotus
1168 867 1198 918 et
1228 859 1303 917 ultra
1331 858 1432 919 Solem

76 946 156 1006 initio
180 948 297 1023 statim,
331 965 397 1008 eum
427 946 523 1008 cauda
554 946 618 1023 ejus
645 945 748 1008 tendat
768 949 799 1005 in
822 948 989 1024 oppositum
1011 944 1104 1019 Solis,
1139 944 1235 1006 cauda
1256 962 1314 1005 nen
1337 946 1430 1006 multe

76 1030 157 1094 aliter
180 1033 358 1111 objiceretur
375 1036 452 1095 risui
474 1037 504 1092 in
520 1034 553 1108 Ε,
577 1052 667 1112 qnam
688 1036 718 1092 in
736 1032 772 1095 G.
812 1035 904 1111 Atqui
926 1033 980 1091 luit
1003 1031 1254 1093 evidentissimum
1276 1033 1431 1094 discrimen

74 1122 242 1197 apparentis
270 1120 463 1199 longitudinis
493 1119 605 1183 caudae
635 1130 759 1200 utraque
788 1124 869 1182 vice:
900 1122 996 1198 prima
1025 1122 1102 1180 enim
1125 1119 1252 1181 dienen
1275 1116 1432 1181 οὶοοο30ο

74 1208 177 1285 longa,
202 1207 249 1269 die
273 1216 302 1270 9.
325 1211 398 1271 Dec.
424 1211 488 1269 risa
510 1216 554 1268 est
578 1204 634 1268 72⁰
656 1209 759 1286 longa,
783 1210 839 1268 etsi
862 1226 981 1268 neeesse
1004 1215 1064 1282 est,
1088 1210 1214 1268 movisse
1237 1207 1318 1268 illam
1342 1208 1432 1269 etiam

74 1313 102 1356 re
122 1313 215 1372 vera,
238 1298 264 1356 si
286 1314 344 1358 nen
367 1305 481 1358 cometa
502 1297 557 1356 luit
578 1299 672 1374 prima
695 1297 743 1357 die
764 1296 856 1356 multe
879 1297 1056 1355 remotiora
1079 1296 1169 1356 Terra
1192 1314 1281 1372 quam
1305 1298 1334 1357 9.
1357 1295 1429 1356 Dee.

75 1382 190 1456 Tertio,
223 1389 320 1461 neque
349 1385 406 1446 hoe
436 1386 574 1444 convenit
603 1384 768 1444 evidentiae
798 1382 910 1443 caudae
933 1386 961 1441 in
983 1383 1143 1459 principie,
1176 1390 1209 1442 nt
1232 1383 1283 1441 illa
1306 1400 1336 1442 rs
1361 1401 1431 1445 vera

75 1488 189 1530 sursum
211 1474 310 1549 petius
337 1475 501 1550 porrigatur
523 1489 542 1531 a
564 1471 669 1545 Terra,
704 1489 793 1548 qaam
817 1471 952 1531 deorsum
976 1486 1079 1530 versus
1102 1470 1201 1543 illam,
1235 1472 1431 1546 porrigeretur

76 1566 172 1617 autem
202 1575 334 1634 smsnm,
365 1562 390 1619 si
418 1566 533 1620 cometa
562 1559 638 1619 ultra
660 1559 712 1618 ΡΥ
742 1559 896 1635 trajiceret
943 1556 1168 1631 conducimus,
1203 1565 1347 1617 cometam
1369 1575 1428 1618 non

77 1645 163 1707 luisse
186 1652 248 1705 tam
270 1647 460 1707 altum-inter
482 1648 575 1721 initia,
597 1646 650 1707 sed
673 1648 835 1707 citeriorem
858 1644 936 1706 Sele.

176 1733 292 1809 Restat,
307 1742 341 1794 ut
352 1735 519 1811 trajectoria
532 1741 663 1795 transeat
678 1737 752 1793 inter
766 1735 910 1794 sectiones
920 1731 1025 1806 media,
1042 1732 1194 1809 quasdam,
1212 1738 1244 1791 ut
1258 1734 1335 1791 circa
1345 1729 1380 1806 Q,
1393 1731 1429 1807 Y,

77 1819 242 1897 relinquens
271 1823 360 1895 infra,
394 1821 551 1899 quasdam,
583 1829 616 1881 ut
644 1824 721 1881 circa
749 1821 783 1897 Z,
806 1821 830 1896 I,
859 1838 957 1897 supra.
1004 1822 1079 1880 Dico
1111 1821 1310 1896 trajectoriam
1339 1819 1429 1879 luisse

78 1925 162 1967 uuam
194 1925 231 1968 ex
253 1909 290 1968 iis
313 1912 445 1982 risoriis,
474 1926 550 1986 quae
574 1909 626 1971 25.
649 1910 721 1970 Dec.
745 1917 813 1969 sunt
835 1914 988 1985 sequutae.
1032 1907 1108 1967 Nam
1131 1909 1187 1968 boc
1210 1907 1256 1966 die
1280 1908 1362 1966 visus
1386 1914 1431 1966 est

78 2001 189 2055 cometa
203 1998 234 2053 in
260 1993 316 2056 18⁰
330 2005 374 2071 111,
396 1996 448 2057 Sel
463 1999 493 2055 in
517 1990 594 2078 3¹).st
610 1998 669 2076 b:
693 1995 868 2073 quadratum
892 2013 961 2072 ergo
977 1992 1065 2068 Solis,
1089 2013 1142 2055 scu
1158 2003 1280 2072 tangens
1304 1994 1430 2053 orbitam

79 2081 181 2142 Terrae
203 2084 233 2141 in
253 2083 277 2156 Ι,
300 2084 364 2143 ibat
377 2086 406 2143 in
429 2078 505 2164 3¹l,⁰
524 2085 588 2154 ἐξ,
612 2100 678 2142 cum
701 2101 760 2160 qua
783 2083 828 2143 IK
850 2083 976 2142 iaciebat
1001 2084 1141 2159 anguium
1161 2077 1276 2163 15'l20,
1302 2098 1370 2157 ergo
1385 2081 1431 2140 IK

79 2169 225 2230 resecabat
254 2170 291 2230 de
322 2172 418 2232 orbita
438 2171 480 2229 IB
507 2188 606 2230 areum
631 2168 697 2230 31⁰.
744 2170 775 2230 Si
804 2187 874 2231 vere
898 2170 996 2230 dietim
1021 2169 1083 2229 Seli
1107 2170 1154 2230 vei
1177 2169 1284 2229 Terrae
1307 2168 1430 2245 gradum

80 2258 199 2331 tribuas,
231 2255 459 2319 11310125.
483 2257 556 2319 Dec.
586 2265 662 2318 retre
693 2257 819 2317 ordinati
850 2260 1013 2334 pertingent
1044 2275 1136 2332 usque
1168 2257 1206 2315 ad
1233 2256 1344 2330 locum,
1379 2258 1431 2316 ubi

80 2341 118 2404 die
142 2346 196 2402 24.
220 2345 296 2405 Neu.
320 2344 411 2406 Terra
439 2346 503 2407 luit.
548 2346 640 2421 Atqui
669 2348 761 2405 sectio
792 2346 893 2405 debuit
922 2344 985 2405 fieri
1016 2351 1084 2405 ante
1107 2344 1191 2402 illurn
1213 2344 1325 2417 lecum,
1360 2346 1432 2418 quia

80 2429 146 2492 aliis
176 2440 292 2492 cometa
322 2433 369 2493 die
392 2435 443 2493 24.
466 2432 542 2491 Nor.
573 2434 601 2490 iu
632 2435 698 2509 ipsa
720 2433 810 2493 Terra
837 2434 954 2504 luisset,
990 2449 1048 2492 nen
1076 2433 1165 2507 igitur
1195 2433 1276 2491 viarm
1299 2439 1378 2490 esset
1399 2433 1431 2489 in

81 2518 172 2592 coele,
207 2537 298 2596 quare
321 2519 398 2580 ultra
421 2521 436 2579 I
458 2520 626 2595 trajecteria
647 2521 760 2580 secabit
783 2521 906 2579 orbitam
929 2517 1065 2579 Telluris.
1112 2520 1245 2595 Denique
1268 2519 1294 2576 si
1317 2525 1431 2577 tuemur

82 2605 174 2666 ordina
204 2606 405 2668 decrescentes
439 2607 557 2667 diurnas
588 2609 737 2684 portiones
766 2608 966 2684 trajectense,
1001 2607 1081 2666 nulla
1113 2609 1222 2666 visoria
1255 2605 1304 2664 fiet
1335 2607 1431 2682 aptior

81 2694 259 2771 trajecteriae
287 2696 318 2753 in
341 2696 536 2772 applicatione
561 2695 730 2755 mechanica
753 2693 932 2754 diversarum
954 2694 1112 2766 linearum,
1146 2693 1352 2770 epichiremate
1377 2693 1429 2751 VI.

80 2779 271 2855 formatarum,
295 2800 384 2859 quam
400 2800 476 2859 quae
500 2782 528 2841 8.
546 2780 682 2842 Januarii
704 2780 822 2842 tendere
839 2783 903 2841 visa
926 2790 970 2840 est
985 2783 1015 2839 in
1035 2776 1115 2863 974⁰
1133 2789 1167 2857 52,
1191 2780 1304 2840 scilieet
1319 2778 1429 2839 TVNO

81 2875 124 2935 rut
144 2868 250 2945 aliqua
270 2870 377 2933 vicina
417 2870 494 2929 Nam
518 2871 573 2930 etsi
595 2869 670 2929 alias
692 2870 859 2946 trajeeteria
881 2867 974 2929 tendit
995 2869 1024 2926 in
1047 2867 1144 2928 lecum
1168 2867 1341 2944 quadratum
1366 2867 1430 2942 ejus

82 2952 141 3029 leci,
165 2959 196 3015 in
214 2974 273 3032 que
289 2956 410 3017 diurnus
424 2957 480 3017 luit
494 2960 637 3017 maximus
654 2957 696 3035 (id
714 2974 782 3018 vere
804 2957 859 3015 fnit
873 2959 903 3015 in
926 2964 1026 3016 nestre
1041 2964 1156 3016 cometa
1171 2958 1247 3015 cirea
1269 2954 1357 3013 finem
1375 2957 1426 3023 ἐξ

81 3050 140 3104 ante
164 3046 195 3104 9.
220 3044 408 3118 Decembris,
433 3061 528 3121 eoque
551 3045 716 3121 trajeeteria
739 3048 769 3103 in
792 3044 879 3105 linem
903 3040 943 3125 ὓ
967 3043 1086 3104 tendere
1108 3043 1237 3117 debuit),
1261 3042 1309 3102 bic
1331 3049 1430 3101 tamea

81 3128 195 3190 diurnus
218 3131 312 3191 factus
335 3139 380 3190 est
401 3133 546 3192 maximus
568 3139 687 3208 prepter
700 3131 775 3192 alias
799 3135 886 3191 etiam
909 3149 1023 3205 causas,
1047 3133 1160 3191 scilieet
1181 3138 1299 3207 prepter
1321 3146 1430 3207 appro-

80 3219 295 3295 pinquationem
311 3218 438 3278 Telluris
461 3221 491 3278 in
506 3217 534 3278 G
549 3218 689 3280 directam
713 3218 751 3278 ad
773 3227 871 3296 partes
894 3219 1078 3295 trajeeteriae
1101 3219 1181 3295 apud
1198 3218 1240 3290 V;
1264 3224 1297 3274 ut
1319 3223 1429 3293 quante

81 3303 196 3366 diurnus
225 3323 368 3383 apparens
397 3306 488 3366 fiebat
516 3308 609 3366 minor
638 3307 675 3366 eb
704 3306 923 3365 inclinationem
947 3306 1002 3365 TV
1024 3304 1062 3364 ad
1086 3304 1142 3365 GV
1171 3305 1312 3379 majorem
1342 3322 1432 3380 qnam

80 3393 105 3453 in
125 3393 161 3466 T,
186 3400 269 3453 tante
293 3395 422 3453 vicissim
444 3402 600 3471 augeretur
623 3394 661 3453 eb
685 3394 853 3453 distantiam
877 3393 933 3453 GV
956 3388 1097 3452 minorem
1120 3410 1208 3469 quam
1232 3390 1292 3450 TE.
1330 3390 1431 3449 Testi-

79 3481 206 3540 monium
236 3479 306 3540 huie
334 3479 429 3541 lineae
452 3482 586 3559 perbibet
607 3482 696 3540 etiam
719 3481 814 3542 cauda
836 3487 984 3554 cometae,
1019 3482 1089 3556 quia
1112 3488 1141 3539 ct
1163 3479 1324 3539 demittitur
1347 3495 1382 3536 ex
1404 3476 1431 3534 T

78 3584 176 3628 versus
207 3566 262 3628 iter
284 3567 391 3628 Terrae
418 3568 509 3644 fitque
537 3569 583 3628 ilii
613 3570 641 3626 in
665 3569 690 3627 E
717 3586 782 3628 cum
806 3587 860 3628 saa
883 3569 1064 3629 extremitate
1089 3569 1205 3645 propior
1228 3582 1321 3641 eeqae
1344 3563 1432 3623 latior

78 3657 104 3713 in
131 3660 263 3716 extreme
294 3656 464 3733 apparebit;
497 3662 527 3715 et
554 3658 578 3714 si
610 3672 646 3715 ex
668 3656 693 3713 Ε
715 3663 847 3733 spectata
870 3657 925 3714 luit
948 3653 1003 3714 34⁰
1025 3654 1129 3731 longa,
1164 3670 1284 3713 manens
1306 3669 1337 3711 re
1362 3669 1432 3712 vera

77 3741 267 3819 longitudinis
297 3741 444 3819 ejusdem,
475 3746 584 3820 peterit
610 3760 645 3803 er
671 3741 699 3801 G
722 3742 814 3802 videri
839 3740 896 3801 41⁰
917 3742 1007 3817 longa
1029 3750 1058 3801 et
1080 3748 1157 3801 recte
1180 3741 1298 3816 objecta
1320 3739 1433 3798 Telluri

77 3832 104 3888 in
118 3828 148 3890 G
169 3830 324 3907 apparebit
345 3832 497 3907 angustior
519 3838 548 3890 ct
571 3829 698 3906 dilutior,
721 3833 791 3907 quio
813 3831 996 3891 extremitate
1018 3847 1073 3888 sua
1094 3831 1232 3889 remetior
1254 3847 1274 3887 a
1292 3824 1320 3885 G
1343 3844 1433 3904 quam

75 3918 154 3996 prins
175 3918 216 3977 ab
238 3918 273 3978 E.

178 4004 241 4065 Nec
267 4021 386 4065 movere
416 4002 503 4065 debet
532 4004 685 4078 lectorem,
718 4004 797 4080 qued
820 4003 901 4064 videt
928 4005 1017 4064 etiam
1040 4003 1115 4062 bane
1137 4003 1245 4063 lineam
1269 3999 1431 4063 ATVNOO

75 4092 171 4149 sortiri
193 4098 291 4169 partes
307 4100 454 4152 extremas
468 4091 614 4152 versusO
638 4092 763 4169 majores
782 4110 869 4168 quam
892 4096 968 4152 cirea
983 4097 1014 4150 si.
1052 4091 1128 4150 Nam
1143 4091 1172 4148 id
1195 4109 1246 4167 per
1265 4089 1305 4148 th.
1322 4089 1431 4147 XXX.

75 4178 184 4237 laeunn
215 4186 260 4240 ast
289 4186 459 4257 prepterea,
492 4181 563 4255 quia
591 4196 645 4255 ege
675 4179 802 4257 capii.
834 4182 894 4239 vim
917 4180 1002 4238 intuli
1025 4178 1295 4251 observationibus,
1330 4177 1432 4236 volens

77 4262 142 4324 illas
170 4264 303 4345 redigere
333 4268 364 4325 in
391 4267 522 4327 ordinem
551 4267 712 4326 constantis
740 4266 924 4328 decrementi.
971 4266 1068 4341 Quare
1097 4269 1173 4324 circa
1197 4268 1225 4324 3.
1249 4264 1337 4330 Jam,
1373 4280 1431 4339 que

75 4350 120 4411 die
144 4362 259 4415 cometa
281 4360 344 4413 erat
366 4355 442 4414 circa
462 4356 494 4426 e,
518 4354 633 4413 duobus
656 4353 794 4431 gradibus
819 4355 900 4432 illum
923 4355 989 4431 plus
1012 4355 1041 4411 in
1064 4354 1273 4428 consequentia
1296 4353 1431 4428 protrusi,

75 4455 163 4514 quam
195 4439 439 4518 lngelstadiensis
469 4442 638 4501 observatio
669 4442 776 4512 babet,
811 4445 839 4499 in
873 4441 930 4500 fine
963 4458 1032 4500 vero
1065 4439 1111 4499 die
1145 4440 1195 4498 18.
1225 4437 1294 4497 Jan.
1327 4439 1433 4497 retinui

76 4525 245 4587 Schickardi
260 4528 497 4590 observationem
512 4530 668 4604 integram:
692 4531 792 4604 itaque
808 4531 906 4606 spatia
920 4528 991 4587 mila
1006 4530 1081 4588 eirca
1101 4534 1292 4599 scommata,
1315 4527 1391 4584 circa
1406 4522 1432 4583 0

77 4621 194 4674 extenta
223 4617 349 4677 inerunt.
394 4614 426 4675 Si
457 4617 524 4693 quis
552 4618 613 4677 etio
642 4615 788 4690 abundat,
821 4618 846 4675 is
875 4614 985 4675 diurnis
1012 4617 1041 4673 iu
1071 4613 1179 4674 circulo
1203 4629 1309 4689 magno
1332 4619 1432 4671 utatur

76 4698 143 4774 illis,
166 4704 309 4779 quisunt
332 4701 469 4781 adscripti
493 4702 531 4763 ad
552 4706 714 4781 marginem
735 4703 895 4763 tabulaea
922 4705 969 4762 15.
993 4702 1064 4763 Dec.
1088 4718 1182 4777 usque
1205 4699 1242 4759 ad
1266 4700 1369 4775 finem3
1404 4706 1434 4759 et

77 4799 277 4857 mammae
305 4808 341 4860 ex
368 4789 514 4859 distantiis
537 4792 576 4855 ab
598 4792 802 4859 intersectione
824 4789 937 4855 edeam
959 4788 1165 4867 longitudinis,
1200 4787 1319 4853 schema
1341 4789 1430 4859 etiarn
