3284 5520
146 298 208 362 11ss
650 293 786 364 Tycbonis
805 294 1018 366 Hyperaspistes

143 480 173 534 et
195 474 339 533 corruenti
360 489 444 532 muro
467 475 527 532 vim
548 473 626 533 ultro
649 474 752 536 inferre
774 473 940 539 meditatur.
977 473 1053 550 Non,
1078 475 1182 552 inquit,
1204 477 1235 535 in
1257 473 1335 536 idem
1350 473 1505 553 eclipticus

143 569 284 637 punctum
315 567 413 637 partes
444 563 510 620 viae
539 563 698 623 cometissa
730 563 906 637 tendebant,
939 579 998 622 non
1027 571 1109 623 eraut
1136 564 1226 640 igitur
1248 561 1380 640 ejusdem
1403 560 1505 624 circuli

142 666 261 709 maxrmr
284 664 378 708 arcus.
1258 653 1262 669 '

248 736 298 795 30.
342 736 405 811 Ego
434 751 504 794 vero
535 743 564 793 ct
593 735 813 795 fundamentum
843 737 899 796 boc
929 735 1083 796 defendere
1113 745 1183 798 ets
1205 754 1287 798 muro
1316 740 1382 814 ipso
1405 737 1504 798 eidem

144 823 244 881 innixo
277 821 467 882 insultantem
500 821 640 899 repellere
673 825 800 883 vicissim
834 823 966 884 meditor.
1012 824 1132 883 Interim
1164 825 1233 884 dum
1267 827 1344 886 vires
1377 832 1503 902 uterque

145 925 214 968 suos
231 912 402 987 experimur,
427 916 485 968 stet
498 911 673 970 inconcussa
689 914 821 985 assertio,
845 922 990 972 cometam
1005 913 1061 971 sub
1078 914 1206 972 maximo
1222 913 1331 974 circulo
1347 914 1504 974 incessisse

144 1013 240 1072 eoque
263 997 354 1056 videri
379 1014 468 1074 supra
489 996 604 1057 Lunam
625 998 723 1058 fuisse.

287 1203 327 1269 le
349 1203 486 1269 secunda
507 1202 628 1269 ratione
655 1201 811 1284 lyelouls.
855 1205 898 1272 ld
920 1203 983 1270 lib.
1005 1204 1039 1270 ll.
1064 1203 1135 1287 dap.
1156 1204 1185 1269 b.
1209 1202 1265 1272 iol.
1288 1203 1355 1272 ltu.

251 1347 277 1403 1.
311 1344 477 1405 Secundum
505 1343 721 1422 probabilitatis
749 1352 952 1421 argumentum
974 1346 1077 1423 Tycbo
1101 1346 1184 1406 duxit
1205 1365 1224 1406 a
1246 1353 1345 1406 motus
1368 1354 1503 1407 cometae

142 1433 240 1510 specie
269 1432 402 1492 ordinata
430 1432 627 1509 crediditque,
661 1432 719 1491 tale
749 1433 859 1492 mobile
888 1433 1021 1494 altiorem
1052 1451 1141 1511 quam
1168 1434 1374 1496 elementarem
1396 1451 1502 1510 sapere

143 1522 283 1596 originem
307 1529 336 1579 ct
359 1519 539 1578 domicilium
561 1519 648 1596 plane
671 1518 807 1581 eoeleste.

250 1611 279 1668 2.
320 1607 536 1675 claromontius
558 1609 675 1683 gemino
698 1615 727 1665 et
749 1607 796 1666 bic
819 1615 926 1667 conatu
948 1609 1082 1685 insurgit.
1128 1607 1173 1667 Ac
1195 1610 1288 1685 primo
1311 1613 1401 1684 negat
1424 1624 1498 1668 con-

143 1698 340 1771 sequentiam,
365 1712 454 1771 quam
477 1698 539 1772 ipse
560 1695 701 1769 maJorem
724 1697 952 1772 propositionem
975 1695 1053 1756 fecit.
1099 1694 1140 1753 At
1161 1695 1381 1771 regularitatem
1404 1696 1501 1756 incre-

143 1785 235 1841 menti
258 1788 286 1843 et
309 1782 485 1842 decrementi
508 1789 672 1859 competere
695 1785 783 1840 etiarn
806 1782 1040 1841 elementaribus.

249 1871 278 1928 3.
319 1870 382 1928 Etsi
404 1886 462 1928 non
487 1867 580 1927 defuit
596 1867 744 1945 Tyehonis
767 1872 861 1928 oratio
885 1887 992 1929 causae
1015 1887 1095 1942 suae,
1119 1868 1204 1946 plrrra
1227 1875 1324 1930 tamen
1348 1887 1384 1929 ea
1405 1870 1502 1928 innuit

143 1972 231 2031 quarn
264 1955 343 2016 dicit.
390 1954 471 2031 Quas
502 1958 579 2014 enim
602 1956 779 2030 cogitatione
800 1966 954 2015 assecutus
977 1965 1040 2017 erat
1061 1956 1256 2031 objectiones,
1289 1956 1389 2030 diluit;
1425 1973 1503 2034 quas

143 2046 261 2120 insuper
276 2043 327 2102 alii
350 2042 386 2102 de
401 2044 526 2121 propriis
549 2043 675 2119 quisque
691 2046 796 2103 mentis
818 2061 888 2102 suae
908 2043 1035 2103 tenebris
1059 2054 1155 2104 esseut
1170 2043 1322 2119 adJ'ectnri,
1345 2042 1503 2103 diluendas

143 2133 276 2190 veritatis
290 2129 430 2190 studiosis
453 2129 570 2206 reliquit
588 2128 778 2189 meditatione
801 2139 830 2190 et
853 2130 1026 2190 deductione
1049 2130 1312 2204 fundamentorum,
1335 2147 1414 2208 quse
1438 2132 1503 2213 ipse

142 2220 252 2295 primns
282 2220 389 2295 posuit
434 2216 470 2275 Id
500 2218 554 2277 hac
584 2219 613 2274 in
645 2217 810 2292 objectione
840 2217 979 2277 diluenda
1009 2236 1064 2277 usu
1096 2221 1184 2280 venit.
1229 2219 1298 2278 Duo
1322 2222 1400 2278 enim
1423 2217 1503 2278 ultra

143 2323 187 2381 sa,
212 2322 289 2382 quae
305 2305 408 2382 Tycbo
432 2306 536 2381 tetigit,
561 2304 736 2364 inculcanda
749 2312 826 2379 sunt,
850 2323 940 2364 unum
955 2323 991 2365 ex
1014 2313 1096 2383 parte
1120 2305 1351 2378 elementarium,
1375 2303 1502 2364 alterum

142 2410 178 2452 ex
200 2401 283 2471 parte
307 2392 487 2452 coelestium.
533 2391 582 2451 Sic
605 2394 681 2451 enim
704 2392 833 2468 loquitur
855 2393 997 2452 hocloco
1020 2393 1132 2470 Tycbo,
1156 2401 1188 2452 ut
1210 2395 1305 2469 magis
1327 2409 1385 2452 non
1409 2392 1502 2452 fuisse

141 2480 365 2554 elementarem,
401 2497 489 2556 quam
523 2486 554 2537 ut
588 2479 678 2538 fuisse
712 2480 869 2539 coelestem
899 2487 1056 2543 assereret.
1101 2479 1232 2541 Inferiori
1266 2481 1343 2540 enim
1375 2481 1403 2539 ei
1434 2479 1502 2539 loco

142 2566 268 2641 ademto,
292 2566 368 2626 vidit
390 2566 465 2626 ultro
485 2566 549 2642 Jam
571 2569 749 2644 superiorem
768 2567 901 2644 relinqui.
939 2565 1010 2626 Jam
1032 2569 1061 2624 in
1084 2566 1141 2626 bac
1163 2569 1324 2627 assertione
1346 2566 1502 2644 probanda

142 2665 295 2716 contentus
319 2655 374 2714 fuit
396 2654 506 2726 dicere,
531 2663 674 2713 cometam
697 2672 752 2714 nec
774 2655 871 2731 ignem
893 2655 983 2714 fuisse
1006 2655 1035 2711 in
1058 2657 1177 2731 regione
1200 2657 1301 2730 ignea,
1324 2658 1502 2715 nerninem

143 2745 171 2800 in
188 2745 278 2804 aeria.
321 2743 368 2802 De
389 2743 462 2801 locis
484 2759 580 2818 aquae
605 2741 767 2802 salterrae
790 2742 935 2802 elemento
958 2758 1016 2801 non
1040 2749 1102 2801 erat
1124 2748 1156 2800 nt
1177 2744 1335 2818 cogitaret,
1367 2743 1439 2820 quia
1462 2740 1501 2801 ds

142 2839 273 2892 meteoro
296 2828 468 2908 disputavit,
492 2829 521 2886 id
545 2836 591 2888 est
613 2828 649 2888 de
672 2845 702 2888 re
725 2831 754 2886 in
778 2829 905 2888 sublimi.
1012 2859 1015 2865 -

230 2921 259 2977 4.
309 2916 368 2977 Sed
396 2919 467 2994 quia
491 2915 705 2976 claromontius
736 2917 863 2994 aliique,
899 2933 974 2992 qnos
1004 2917 1079 2976 inter
1106 2922 1136 2975 et
1162 2917 1327 2994 meipsum
1350 2915 1501 2993 profitear,

142 3004 277 3083 exempla
306 3021 364 3063 non
392 3004 465 3076 loci,
499 3002 552 3062 sed
580 3012 750 3062 naturarum
776 3005 996 3062 elementarium
1029 3003 1193 3081 proferunt,
1226 3005 1254 3061 in
1285 3003 1393 3079 quibus
1423 3004 1502 3062 inest

140 3093 315 3168 regularitas
345 3092 514 3149 incrementi
544 3090 795 3166 decrementique,
829 3090 1043 3149 claromontius
1074 3090 1171 3148 fluxus
1199 3099 1229 3151 et
1250 3090 1377 3150 refluxus
1399 3092 1501 3163 maris,

140 3195 196 3255 ego
218 3178 379 3256 ponderum
401 3176 450 3236 vol
472 3177 643 3237 libratorum
666 3176 714 3238 vel
737 3179 768 3234 vi
790 3178 1002 3255 projectorum,
1031 3194 1107 3254 quae
1135 3194 1192 3236 non
1215 3179 1301 3254 ragis
1323 3177 1501 3256 impulsibus

140 3274 173 3324 ut
196 3266 330 3326 flammae
354 3267 510 3341 ventique,
539 3264 575 3323 de
599 3266 706 3341 quibus
728 3264 846 3342 Tyebo‚
878 3266 930 3324 sed
953 3264 1093 3323 ordinatis
1115 3264 1300 3324 successibus
1323 3264 1502 3324 attendunt

140 3353 178 3413 ad
193 3354 342 3431 fastigium
365 3352 521 3413 celeritatis
538 3360 567 3412 et
590 3355 740 3412 remittunt
756 3355 876 3412 iterum:
899 3350 1103 3430 explicandum
1120 3355 1209 3427 igitur
1231 3358 1276 3411 est
1297 3351 1366 3411 buic
1388 3353 1501 3431 proba·

141 3441 248 3501 bilitatr'
271 3459 361 3501 cornu
383 3441 441 3499 boc
463 3442 537 3498 aciei
559 3439 658 3509 latius,
681 3450 713 3499 ut
735 3448 764 3498 et
785 3440 831 3498 his
854 3440 1000 3499 instantiis
1023 3447 1198 3499 occurratur.

248 3533 276 3589 b.
312 3528 350 3587 Et
366 3544 507 3604 aquarum
523 3525 641 3602 quidem
660 3526 824 3603 exemplum
840 3525 925 3586 facile
941 3525 1120 3604 prodigatur.
1156 3526 1223 3586 Non
1238 3527 1315 3585 enim
1338 3525 1500 3603 tranquillo

141 3614 306 3675 libramenti
321 3624 422 3675 tenore
445 3616 528 3673 terris
543 3614 704 3673 infunditur
718 3631 798 3674 mare
814 3622 843 3673 et
859 3612 1028 3686 refunditur,
1052 3612 1104 3672 scd
1120 3613 1260 3673 fluctuum
1281 3614 1500 3690 reciprocorum

139 3702 355 3780 pulsationibus
371 3703 517 3762 continuis
534 3705 631 3773 utitur,
655 3704 684 3760 in
700 3718 810 3761 morem
828 3710 857 3761 ct
872 3702 950 3760 venti
967 3708 997 3760 et
1011 3700 1155 3775 flammae,
1179 3717 1303 3777 qnorum
1318 3702 1500 3777 agitationes

139 3790 272 3850 turbatas
295 3789 397 3867 'l'ycho
423 3789 488 3865 jure
519 3788 660 3851 obtendit.
706 3788 788 3848 Idem
819 3788 975 3848 dicendum
1003 3788 1038 3847 de
1067 3790 1152 3848 certis
1174 3787 1302 3866 periodis
1324 3789 1500 3849 animalium

138 3877 380 3951 alternationum,
416 3894 451 3937 ex
483 3876 641 3936 Aristotele
674 3875 800 3950 ablatis,
835 3893 908 3952 quas
942 3875 1009 3935 ideo
1043 3876 1179 3952 apposito
1213 3875 1343 3953 epitbeto
1372 3874 1499 3936 Pronlus

138 3966 359 4043 πολυφλοισβον
380 3966 527 4043 paradino,
550 3966 631 4024 varie
654 3963 843 4023 fluctuantem
866 3961 1006 4040 appellat.

245 4054 272 4111 6.
319 4053 365 4111 De
389 4050 548 4111 missilibus
571 4067 641 4112 vero
665 4058 694 4110 et
716 4069 768 4110 seu
791 4066 881 4110 nervo
904 4067 957 4110 sen
979 4051 1046 4108 uitri
1068 4050 1172 4126 spiritu
1195 4048 1340 4109 inultum
1364 4050 1498 4110 excussis

139 4142 183 4199 sio
212 4157 405 4217 responsurus
433 4138 489 4197 fnit
511 4138 613 4215 Tycbo
644 4146 781 4215 rogatus:
816 4146 912 4196 motus
936 4136 1050 4196 illorum
1074 4144 1103 4196 ct
1125 4138 1313 4197 brevissimos
1337 4153 1402 4197 esse
1425 4145 1497 4198 ata

140 4245 230 4287 eausa
261 4228 407 4302 terrestri;
442 4234 586 4285 cometam
617 4227 647 4283 in
677 4227 926 4302 septuagesimum
957 4224 1032 4284 diem
1063 4241 1157 4301 usqne
1184 4219 1345 4301 perstitisse
1376 4225 1408 4281 in
1439 4223 1497 4285 boc

137 4322 234 4376 motus
262 4316 308 4376 sui
339 4314 539 4387 decremento,
568 4330 623 4373 nec
646 4315 748 4389 utique
771 4312 868 4372 Terris
891 4329 1044 4372 excussum
1068 4329 1122 4372 nec
1144 4312 1271 4372 terrestri
1293 4308 1371 4370 mole
1393 4311 1496 4384 fnisse,

136 4405 167 4460 in
199 4421 286 4480 quarn
317 4402 448 4462 violenta
478 4410 578 4477 posset
610 4402 763 4478 impressio
785 4400 857 4461 fieri.
902 4398 1013 4475 Quodsi
1036 4399 1213 4459 concedatur
1236 4399 1354 4458 omnino
1377 4406 1497 4459 cometa

138 4506 174 4549 ex
198 4491 299 4568 aliqua
322 4491 448 4550 terrestri
470 4506 596 4548 caverna
626 4491 655 4546 ri
684 4489 803 4565 spiritus
825 4489 945 4546 nistrosi
968 4487 1067 4546 subito
1090 4488 1181 4546 coorti
1206 4503 1241 4546 ex
1264 4485 1496 4546 inflammatione

138 4578 167 4635 in
198 4578 353 4638 sublimem
382 4581 478 4636 adrem
510 4575 648 4654 explosus
670 4592 749 4647 esse,
783 4575 917 4651 exemplo
940 4576 1003 4633 sarri
1027 4573 1123 4647 illius,
1158 4573 1237 4651 quod
1260 4590 1296 4634 ex
1319 4571 1404 4633 coelo
1428 4590 1495 4634 cum

138 4662 291 4741 delapsum
324 4672 402 4725 esset
429 4664 467 4724 ad
490 4663 630 4740 Capraria
659 4662 784 4736 fluenta,
818 4659 992 4721 Aristoteles
1024 4661 1136 4722 censuit
1168 4664 1199 4719 vi
1229 4662 1349 4738 spiritus
1372 4656 1496 4742 (opinor
1527 4666 1535 4686 ·

136 4752 205 4811 talis
227 4754 345 4814 nistrosi
367 4747 565 4832 subterranei)
596 4752 677 4827 prius
703 4752 733 4809 in
755 4750 847 4810 altum
870 4749 996 4826 ejectum
1017 4749 1127 4823 fuisse,
1157 4749 1222 4825 jam
1243 4746 1495 4828 perpendendum,
