3284 5520
470 336 644 407 Spicrlcginnr
663 350 697 391 ex
715 335 889 393 Truthratcrc
907 335 1030 394 Galilaei
1387 341 1450 409 271

95 520 190 580 nantis
211 518 360 596 explicare
381 534 414 577 se
437 519 509 578 eitra
533 515 671 576 damnum
694 531 879 576 numeromm
900 534 961 576 non
983 518 1124 594 potuisse,
1148 519 1227 596 quod
1250 527 1348 581 tamon
1367 518 1452 580 dam·

94 625 161 666 num
184 605 260 665 nihil
282 609 404 667 attineat
427 621 549 684 scopum
572 606 751 680 argumenti,
780 603 833 664 scd
862 613 975 664 tantmn
1002 623 1055 682 per
1077 606 1258 668 conditiones
1280 610 1392 684 positar
1415 625 1452 668 ex

94 693 266 768 abundanti,
289 695 472 772 impunitatis
494 710 547 771 spe
570 700 720 771 concepte,
742 700 825 752 tanto
848 695 1081 769 perseveraverit
1103 694 1247 756 licentius

197 781 368 843 Galilaeum
390 780 509 859 quidem
532 797 588 857 ego
607 780 673 856 Jure
697 779 792 839 haheo
809 789 989 855 excusatum,
1012 784 1109 858 utqui
1124 784 1306 863 exprobrarit
1321 785 1451 842 ietauorr

93 869 243 948 lychoni,
266 872 353 948 quasi
375 887 436 930 rem
458 870 558 944 magui
579 866 619 926 ad
640 866 728 927 fidem
751 865 920 944 dogmatum
943 872 1097 944 momenti,
1127 871 1180 930 sed
1204 871 1373 932 adversario
1397 887 1451 929 suu

92 957 209 1032 Sessio,
240 960 289 1018 cni
318 956 412 1017 videri
440 958 571 1033 queritur
593 953 761 1029 Galilaeae,
790 973 823 1014 se
846 955 1026 1016 intellectum
1047 975 1134 1017 suum
1156 958 1261 1020 debore
1283 961 1451 1035 mancipare

93 1045 255 1106 intellectui
284 1045 425 1118 allomm,
456 1051 529 1121 puta
550 1042 702 1120 ‘l'ychonis
731 1043 879 1120 operibus.
925 1043 1011 1104 Hanc
1034 1043 1082 1106 ille
1103 1050 1275 1107 servitutem
1298 1066 1317 1107 a
1338 1063 1371 1105 se
1392 1062 1450 1104 non
1489 1043 1492 1047 ’

92 1135 200 1210 inJuste
222 1132 355 1211 repellit,
386 1131 530 1210 producta
552 1131 608 1190 hac
630 1129 784 1204 labecula,
814 1148 891 1207 quae
918 1132 983 1207 cjns
1013 1133 1067 1192 riri
1088 1132 1162 1194 libro
1186 1138 1317 1213 contigit.
1363 1131 1451 1208 Quod

92 1238 162 1281 veru
185 1219 341 1281 Galilaeae
362 1220 412 1281 lol.
437 1221 490 1278 24.
512 1218 624 1295 allegat
646 1226 677 1281 ct
698 1217 800 1277 laudat
823 1217 1066 1295 claramontium,
1090 1220 1240 1298 ‘l'ychonis
1263 1229 1451 1301 oppugnato-

91 1326 161 1382 rem,
186 1309 217 1369 id
239 1309 283 1368 llli
305 1316 378 1386 puto
402 1306 544 1368 excidisse
564 1306 605 1365 nd
627 1309 751 1384 primam
771 1306 880 1366 lamam
900 1306 971 1366 editi
987 1307 1234 1386 Anti-Tychonia
1274 1310 1371 1386 Quod,
1394 1310 1451 1369 uisi

92 1396 188 1476 lallor‚
210 1396 374 1476 poenitebit
395 1413 463 1456 eum
484 1394 571 1470 huJus
595 1395 754 1471 praeconii,
779 1395 846 1469 uhi,
870 1411 959 1471 quam
980 1396 1058 1457 mule
1081 1414 1126 1457 res
1148 1415 1168 1457 a
1190 1397 1389 1458 claramontio
1412 1399 1451 1458 slt

93 1494 186 1560 gesta,
208 1485 367 1545 maduerit
1230 1542 1239 1563 .

197 1578 226 1631 ι.
264 1571 391 1632 Martem
413 1568 511 1630 Terris
540 1570 705 1648 propiorem
734 1571 799 1645 ipso
828 1567 898 1629 Sole
927 1569 1003 1644 lieri,
1034 1574 1159 1631 assumit
1185 1571 1303 1633 Sarsius
1325 1572 1374 1635 lol.
1397 1574 1450 1633 tu.

94 1658 185 1719 veluti
208 1659 439 1721 demonstratum
461 1675 480 1717 a
502 1656 660 1737 Tychone,
684 1657 820 1714 nimirum
842 1656 970 1717 utillud
992 1659 1132 1733 obtineat,
1157 1659 1236 1737 qnod
1256 1668 1302 1719 est
1316 1659 1451 1737 'lychonl

95 1764 158 1806 cnm
182 1747 347 1827 Copcruico
370 1762 532 1818 commune,
556 1744 661 1804 Martis
685 1760 802 1804 cursum
825 1748 1018 1806 ecceutricum
1041 1749 1118 1806 circa
1140 1764 1246 1825 corpus
1268 1747 1346 1807 Solis
1369 1746 1450 1808 ordi·

95 1837 166 1893 nari.
211 1835 276 1895 Etsi
302 1851 379 1895 roro
408 1833 504 1894 detexi
531 1849 588 1908 ego
610 1840 680 1891 aute
703 1849 795 1892 anuos
822 1838 859 1892 15
883 1835 913 1890 ln
936 1833 1160 1895 Commentariis
1183 1835 1220 1896 dc
1242 1843 1324 1895 motu
1345 1834 1450 1896 Martia

95 1921 296 2002 deceptionem
323 1921 468 1998 aliquam,
500 1937 577 1997 qnae
599 1918 733 1997 'l'ychoni
755 1921 811 1979 luit
833 1921 954 1981 obtrusa
977 1939 996 1980 a
1018 1924 1079 1982 anis
1102 1922 1343 1998 calculatoribus,
1374 1939 1450 2000 quos

94 2026 157 2068 curn
181 2012 246 2086 ipse
268 2010 359 2070 vellet
381 2027 418 2070 ex
441 2007 699 2068 observationibus
722 2017 890 2085 computare
912 2008 1075 2085 parallaxin
1098 2009 1218 2085 Martis,
1247 2010 1290 2069 illi
1312 2028 1332 2070 a
1354 2020 1450 2071 mente
1566 2024 1570 2031 ·

93 2096 242 2175 heltonis
269 2098 439 2158 aberrantes
466 2103 672 2172 computarunt
693 2111 730 2154 ex
752 2094 965 2172 diagrammate
989 2096 1205 2174 Copemicauo,
1236 2098 1315 2176 quod
1345 2116 1450 2158 manus

94 2187 257 2261 operationi
283 2184 417 2245 adhibita
443 2192 580 2256 testatur,
611 2185 641 2240 iu
670 2200 730 2258 qua
752 2183 807 2241 luit
827 2186 925 2259 posita
946 2183 1105 2261 parallarris
1127 2184 1206 2245 Solis
1230 2193 1248 2245 3
1273 2189 1451 2246 minutorum

94 2281 125 2330 ut
145 2274 308 2333 certissime
332 2271 540 2344 demonstrata,
565 2286 655 2347 quaro
677 2269 781 2329 Martis
804 2271 964 2346 parallaxis
986 2271 1096 2347 prodiit
1110 2271 1149 2332 ad
1165 2275 1184 2331 6
1201 2276 1313 2333 circiter
1328 2276 1450 2348 minuta,

94 2376 157 2418 cnm
187 2377 245 2436 ego
272 2378 309 2420 cx
336 2359 395 2420 illis
422 2361 496 2436 ipsis
517 2358 790 2431 observationibus,
821 2375 895 2434 quaa
918 2359 1022 2436 Tycho
1044 2370 1251 2436 proposuerat,
1284 2370 1450 2438 computem

93 2445 196 2507 Martia
217 2447 376 2526 acrunychi
399 2446 565 2523 parallnxin
588 2462 647 2504 non
669 2445 810 2522 maJorem
826 2449 845 2504 ι
861 2449 999 2505 minutis:
1023 2455 1154 2507 attamen
1169 2466 1216 2509 res
1231 2457 1330 2507 manet
1346 2449 1449 2508 eodem

93 2542 180 2608 statu,
204 2533 310 2595 Martis
332 2533 420 2595 stella
443 2552 477 2595 cx
500 2532 646 2610 parellaxi
669 2536 688 2591 i
711 2536 890 2593 minutorum
911 2533 944 2592 fit
966 2537 1086 2611 propior
1109 2538 1174 2611 ipso
1196 2536 1280 2609 Sole,
1310 2545 1343 2595 nt
1365 2536 1450 2611 cujus

92 2621 252 2699 parallaxls
273 2625 402 2682 maxima
425 2638 483 2681 nou
507 2623 633 2681 excurrit
655 2637 748 2696 usque
772 2619 810 2679 ad
833 2626 851 2680 3
876 2624 997 2696 minuta,
1021 2631 1054 2681 ut
1068 2623 1210 2684 hacteuus
1228 2623 1369 2684 creditum
1384 2623 1448 2682 luit.

94 2708 133 2768 lix
155 2713 332 2771 tractatione
355 2712 432 2770 eninr
455 2708 608 2787 eclipsium
625 2707 726 2767 Lunae
750 2710 851 2768 crebro
875 2709 922 2767 rel
945 2709 1027 2768 nulla
1049 2710 1097 2769 vel
1121 2713 1208 2770 unius
1230 2711 1323 2770 solius
1345 2712 1450 2769 minuti

93 2796 251 2872 parallaxis
278 2799 410 2872 elicitur,
441 2796 621 2873 quandoque
650 2798 799 2869 immanis,
828 2804 915 2874 prout
942 2798 1049 2857 luerint
1071 2797 1255 2859 conditiones
1278 2799 1397 2858 umbrae
1421 2804 1450 2856 ct

93 2885 326 2946 cummsuntiae
347 2885 489 2965 physicae
510 2883 559 2944 vel
582 2885 658 2943 airis
681 2887 788 2943 terreni
811 2883 858 2943 vel
881 2885 1035 2945 aethereae
1058 2886 1242 2946 substantiae
1257 2889 1334 2946 circa
1348 2885 1449 2947 Solam

93 2973 186 3050 ipsum
209 2972 310 3050 lusae,
334 2989 412 3050 quae
426 2974 556 3032 varietas
571 2972 722 3048 negotium
739 2971 796 3031 hoc
809 2971 1032 3032 subtilissimum
1046 2973 1209 3033 altitudinis
1225 2973 1302 3034 Solis
1318 2982 1449 3033 acentro

93 3057 198 3120 Terrae
230 3061 353 3138 eJusquc
384 3059 571 3137 parallareos
593 3058 751 3137 plurimum
774 3060 938 3136 perturbat,
970 3068 1003 3121 ut
1025 3068 1149 3121 testatus
1172 3079 1237 3123 sum
1259 3063 1289 3120 in
1311 3061 1450 3139 Epitoma

93 3148 299 3210 dshonomiae
320 3157 390 3209 ante
414 3151 431 3208 3
454 3164 550 3207 annos
572 3146 659 3206 edita.

196 3233 312 3311 Quodsi
333 3238 401 3313 quis
424 3238 453 3294 in
476 3234 655 3306 methodum,
679 3251 739 3310 qua
754 3231 941 3295 Ptolemaeus
958 3243 1002 3295 cst
1017 3253 1089 3295 usus
1103 3239 1133 3294 iu
1149 3236 1355 3296 constituenda
1370 3234 1449 3295 Solis

92 3321 255 3398 altitudine,
277 3326 407 3400 inquirat
426 3322 604 3400 diligentius,
628 3320 883 3383 demonstrationis
899 3321 1017 3398 quidem
1033 3323 1187 3383 artificium
1203 3326 1352 3401 egregium
1367 3341 1449 3383 enm·

92 3412 144 3469 nris
169 3409 292 3471 extollet
314 3410 467 3483 laudibus,
499 3418 630 3470 assumta
661 3425 730 3468 vero
758 3410 963 3486 pronunciabit
985 3413 1216 3487 suspectissima,
1248 3419 1387 3488 uuquam
1410 3409 1449 3470 ad

93 3497 145 3558 hoc
167 3500 277 3576 ipsum,
300 3498 381 3575 quod
398 3497 587 3558 Ptolemaeus
601 3514 621 3556 a
636 3497 784 3556 veteribus
805 3505 1040 3575 transsumserat,
1062 3499 1255 3559 evincendum
1277 3499 1446 3558 subornatu.

193 3585 230 3645 In
253 3588 522 3664 compensationem
545 3593 643 3646 tamen
665 3584 754 3660 hujus
777 3583 874 3643 damni
897 3584 982 3645 elicio
1006 3603 1063 3663 ego
1082 3603 1117 3646 ex
1139 3588 1279 3648 solarium
1294 3586 1448 3662 eclipslum

94 3673 299 3734 observatione
321 3673 485 3752 parallaxiu
508 3671 600 3746 Solis,
633 3689 821 3749 quaequam
844 3671 974 3750 plurimis
998 3673 1156 3751 eclipsibus
1179 3675 1359 3753 satisfaciat,
1389 3690 1448 3732 uon

93 3763 233 3839 majorem
255 3778 314 3821 uno
336 3763 459 3835 minuto,
483 3761 680 3836 confirmoque
701 3759 776 3819 hanc
791 3759 870 3819 Solis
884 3759 1079 3834 altitudinem,
1101 3761 1191 3838 paulo
1207 3764 1346 3825 minorem
1362 3762 1449 3838 tripla

94 3848 222 3910 creditae
243 3848 395 3922 hactenus,
419 3848 558 3909 confirmo
581 3850 700 3924 inquam
721 3848 884 3906 rationibus
907 3849 1115 3926 archetypicis,
1139 3868 1226 3926 quae,
1249 3852 1349 3909 nescio
1373 3866 1449 3925 quo·

95 3936 179 3997 modo
202 3938 316 4011 ceteris,
339 3936 409 3996 mihi
433 3936 538 3997 saltem
561 3937 677 4012 egregie
698 3935 890 3993 satisfaciunt.
927 3935 976 3996 Sic
992 3938 1080 4012 igitur
1095 3937 1253 4014 parallaris
1269 3936 1347 3996 Solis
1363 3939 1448 3994 trium

94 4028 279 4098 minaturum,
302 4043 321 4084 a
343 4023 485 4104 Tychone
507 4040 608 4084 secure
631 4024 718 4080 nimia
741 4039 882 4083 concessa
906 4025 1054 4083 veteribus
1068 4032 1097 4085 ct
1112 4025 1231 4098 credita,
1254 4043 1305 4103 per
1320 4026 1449 4099 potiores

94 4114 334 4173 ratiocinationes
356 4130 376 4171 a
396 4128 443 4172 me
465 4111 585 4171 redacta
607 4118 653 4170 est
675 4108 713 4169 ad
736 4126 826 4169 unum
848 4112 1001 4186 minutum,
1024 4111 1183 4188 parallaxis
1207 4129 1276 4173 vero
1292 4111 1396 4170 Martis
1419 4111 1449 4168 in

95 4196 168 4260 boiis
198 4202 337 4277 opposito
367 4201 398 4257 lu
421 4199 534 4260 (lencm
566 4197 723 4258 observata
744 4207 789 4256 est
811 4216 830 4257 a
852 4197 968 4259 Brnheo
990 4198 1115 4259 duorum
1137 4202 1250 4261 circiter
1273 4202 1448 4257 minutorum

95 4290 185 4347 atsto
206 4286 303 4363 major
324 4287 435 4349 Solari:
459 4286 568 4363 quibus
590 4287 694 4363 positis
716 4287 857 4361 sequitur,
880 4303 996 4346 cursum
1018 4286 1122 4347 Martis
1146 4289 1224 4347 circa
1246 4287 1345 4347 Solem
1368 4284 1449 4345 ordi·

94 4377 167 4449 tari,
192 4374 274 4451 quod
296 4392 333 4435 cx
354 4374 505 4452 ‘l'ychonis
526 4373 739 4451 hypothesibus
762 4373 920 4433 inculcavit
943 4374 1069 4436 Sarsina.
1114 4375 1152 4433 Et
1174 4378 1311 4448 vicissim,
1335 4375 1360 4432 ai
1383 4375 1449 4449 quis

95 4464 194 4540 recipit
216 4462 396 4540 hypotheses
410 4461 559 4541 ‘l'ychonis
583 4462 630 4520 vel
653 4463 742 4520 etiam
764 4460 917 4538 Oopernici
940 4463 969 4520 in
992 4462 1048 4522 hac
1069 4469 1151 4538 parte
1176 4463 1214 4522 ob
1237 4479 1342 4522 musas
1364 4460 1448 4535 alias,

96 4547 140 4610 ιιι
170 4566 207 4609 cx
238 4549 382 4626 parallaxi
405 4548 509 4609 Martis
540 4548 709 4626 acronychii
736 4549 913 4608 minutomm
936 4552 955 4607 2
979 4549 1158 4609 demonstrat
1185 4548 1346 4626 parallaxin
1370 4547 1449 4607 Solis

96 4650 148 4695 nort
171 4636 315 4713 majorem
338 4654 398 4697 uno
420 4639 542 4710 minuto,
565 4653 624 4713 quo
646 4639 811 4711 argumenti
835 4654 941 4713 genere
964 4655 1019 4715 ego
1041 4655 1106 4696 sum
1130 4655 1200 4696 usus
1223 4640 1252 4695 in
1268 4637 1406 4713 Epitoma
1420 4643 1449 4694 et

97 4723 173 4782 allhl.
218 4723 304 4784 Haec
326 4723 444 4802 quidem
465 4728 509 4785 sic
530 4730 598 4783 sunt
620 4730 806 4799 comparate,
829 4723 989 4800 parabatis
1012 4724 1089 4784 S'olis
1111 4726 1210 4802 potius
1234 4742 1269 4784 ex
1292 4723 1448 4802 hypothesi

98 4808 219 4887 elicitur,
242 4828 331 4889 qnam
353 4812 576 4891 hypothesiaex
591 4809 745 4888 parallnxi,
767 4827 826 4871 non
841 4818 943 4873 tamen
956 4815 1101 4889 existimo,
1125 4810 1293 4875 Galilacum
1304 4811 1363 4872 hoc
1376 4812 1448 4871 artie
