3284 5520
144 314 189 384 46
411 371 414 375 .
737 323 780 377 De
798 318 917 377 cometis

248 490 346 552 Morte
368 493 571 571 Imperatoris,
594 495 715 558 Domini
737 502 807 572 mei,
823 538 826 543 -
840 506 907 576 post
929 512 1040 572 paucos
1063 509 1156 554 annos
1179 501 1353 566 consecuta,
1386 493 1503 568 excepit

143 578 202 637 mei
225 581 419 654 patrocinium
440 585 491 660 qui
513 586 667 659 successit,
692 586 765 662 Imp.
782 586 867 646 Caes.
884 582 1074 660 Matthias,
1096 600 1212 658 meque,
1235 588 1268 640 ut
1282 598 1387 641 munus
1402 597 1501 639 meum

145 668 345 727 continuarem
368 670 423 729 suh
446 672 507 729 suis
531 674 680 748 auspiciis,
703 674 780 734 ultro
800 674 906 748 iussit:
932 687 1056 746 cumque
1079 671 1281 741 intellexisset,
1304 667 1410 727 melius
1432 676 1462 726 et
1485 685 1501 726 c

142 769 174 812 re
196 759 393 816 astronomica
415 757 485 830 iore,
509 760 535 816 si
558 759 652 818 Lincii
675 761 774 821 sedem
798 761 989 838 quietiorem,
1014 775 1102 833 quam
1125 756 1318 833 pollicebatur
1340 753 1411 814 aula
1431 753 1501 813 Ma-

140 839 208 915 iest.
231 841 310 902 Suae
340 844 552 919 ambulatoria,
587 846 762 923 incolcrcm,
798 846 999 922 Ordinumque
1027 844 1115 921 hujus
1144 845 1314 922 provinciae
1344 841 1500 918 stipendiis

144 938 277 1005 exparte
300 931 481 1007 sublevarer,
504 933 707 994 liberalissime
730 939 819 995 etiam
844 937 872 992 in
895 934 952 992 hoc
975 935 1131 994 consensit.
1177 931 1326 1007 Coepique
1349 947 1409 988 non
1431 946 1502 1007 spe-

142 1033 207 1075 rare
230 1025 344 1077 tantum
366 1021 488 1094 melius,
521 1020 573 1080 sed
602 1021 640 1080 ad
669 1022 755 1082 finem
780 1025 869 1082 etiarn
891 1021 987 1098 operis
1009 1019 1190 1078 Tabularum
1212 1016 1361 1093 Rudolphi
1386 1026 1502 1075 cetero-

141 1120 265 1179 rumque
287 1109 409 1183 propius
431 1107 591 1185 adspirare.
637 1107 751 1184 Quibus
774 1112 804 1168 iu
828 1111 973 1170 exercitiis
996 1107 1066 1166 dum
1087 1125 1193 1183 pergo,
1216 1121 1329 1164 rursum
1352 1121 1421 1163 ecce
1443 1112 1502 1162 tres

143 1208 221 1251 anuo
244 1197 393 1270 superiore
416 1206 547 1254 cometae
569 1207 776 1272 apparuerunt,
801 1214 925 1274 quorum
947 1195 1104 1270 descriptio
1128 1211 1147 1252 a
1169 1211 1215 1253 mc
1238 1195 1351 1252 ratione
1373 1193 1503 1250 nruucris

146 1281 328 1355 exigebatur.
373 1280 444 1341 dam
466 1284 554 1358 igitur
577 1292 693 1359 tempus
718 1303 783 1345 esse
805 1290 982 1344 monuerunt
1005 1284 1075 1341 artis
1098 1283 1184 1357 periti
1208 1289 1237 1340 et
1258 1279 1344 1339 rebar
1366 1280 1444 1355 ipse,
1469 1288 1504 1336 ut

142 1369 338 1426 intermissam
368 1370 516 1446 quondam
540 1370 698 1431 editionem
721 1372 975 1433 demonstrationis
998 1372 1158 1429 cometicae
1181 1371 1374 1427 instaurarem
1397 1383 1503 1426 acces·

143 1455 285 1532 sioneque
314 1459 511 1532 praesentium
544 1466 723 1518 cometarum
752 1460 980 1537 locupletarem,
1013 1467 1043 1517 et
1073 1459 1143 1534 quia
1175 1455 1317 1516 Sereniss.
1347 1452 1501 1512 Archidux

140 1539 416 1604 Maximilianus
438 1547 577 1623 proximis
601 1547 705 1606 diebus
728 1557 795 1606 aute
813 1548 881 1606 latis
897 1552 1097 1619 concesserat,
1121 1545 1255 1619 utigitur
1271 1559 1376 1601 munus
1391 1557 1503 1616 meum,

142 1636 211 1689 ante
237 1636 275 1690 12
298 1648 394 1691 annos
415 1634 509 1710 ipsius
533 1632 634 1693 Seren.
658 1633 853 1709 destinatum,
881 1634 944 1708 jam
972 1648 1059 1708 porro
1080 1630 1200 1691 haeredi
1223 1629 1394 1690 Serenitatis
1417 1643 1502 1703 suae,

140 1716 254 1778 scilicet
276 1718 486 1795 Imperatoriae
507 1719 627 1796 Majcst.
651 1721 829 1782 dedicarem:
862 1738 921 1796 qua
951 1737 1038 1795 super
1069 1737 1099 1778 re
1127 1719 1190 1794 jem
1220 1717 1375 1777 consilium
1398 1714 1437 1777 G.
1461 1716 1502 1774 D.

140 1803 310 1865 Lcouhardi
332 1806 464 1867 Helffrici
487 1825 506 1868 a
526 1806 672 1885 Maggau,
704 1808 777 1885 Mcj.
808 1808 887 1869 Suae
917 1808 1046 1883 supremi
1069 1806 1243 1878 Camerarii,
1274 1805 1502 1880 exquisiveram.

141 1892 252 1952 Verum
275 1911 352 1971 quae
375 1912 476 1956 omues
498 1893 649 1955 homiuum
672 1907 795 1959 cosmus
819 1906 964 1956 extremos
987 1896 1165 1967 intervertit,
1196 1894 1252 1952 hoc
1276 1894 1365 1951 etiam
1387 1907 1502 1967 propo-

105 2036 108 2041 .
141 1982 229 2038 situm
253 1999 349 2040 meum
373 1985 486 2057 evertit,
510 1992 540 2043 et
563 2001 639 2059 quae
662 1986 779 2060 regibus
795 2000 852 2043 non
869 1984 971 2062 parcit,
996 1984 1084 2041 ctiam
1109 1998 1155 2040 me
1170 1981 1304 2056 percutit,
1327 1995 1405 2039 mors
1430 1995 1504 2054 pro·

141 2085 213 2146 pera
233 2067 421 2140 Monarchae,
445 2069 565 2129 alterius
585 2071 648 2146 jam
670 2071 790 2131 Domini
813 2075 880 2146 mei,
904 2086 973 2147 pars
995 2071 1149 2147 potissima
1171 2066 1316 2127 malorum
1338 2086 1356 2126 a
1379 2068 1503 2125 cometis

141 2157 361 2230 cruciatorum,
393 2174 453 2232 qua
482 2160 614 2235 proxime
643 2167 711 2235 post
740 2160 850 2219 Fratris
882 2156 1148 2217 Maximiliaui
1179 2165 1302 2215 mortem
1331 2163 1502 2228 consecuta,

141 2241 281 2302 revolvor
311 2261 378 2304 ecce
400 2238 510 2326 (iatum
532 2263 628 2306 meum
651 2241 786 2329 secutus)
816 2264 882 2306 oum
904 2244 1023 2318 studiis,
1055 2261 1122 2304 cum
1145 2243 1301 2320 operibus,
1331 2242 1504 2301 cumomni

141 2347 210 2407 spe,
241 2347 307 2390 curn
337 2335 402 2408 ipsa
429 2330 556 2408 denique
588 2331 773 2394 dedicatione
800 2352 867 2393 mea
890 2333 928 2392 ad
951 2331 1051 2392 Seres.
1076 2332 1158 2392 Vest
1183 2333 1301 2390 unicum
1324 2339 1353 2389 et
1375 2329 1503 2387 duorum

141 2415 236 2494 Impp.
261 2419 362 2478 (laces.
386 2427 416 2479 et
438 2418 634 2480 Maximiliani
659 2421 843 2494 Archiducis,
866 2425 954 2480 trium
977 2420 1096 2478 fratrum
1119 2418 1284 2487 haeredem,
1308 2434 1360 2493 spe
1388 2419 1503 2492 optima

110 2560 114 2571 ,
142 2505 245 2580 fretus,
268 2506 337 2567 iore¹
354 2515 386 2565 ut
409 2506 489 2585 quod
511 2507 584 2566 nulli
608 2508 723 2568 illorum
748 2507 953 2587 displicuisset,
977 2506 1008 2565 id
1031 2509 1120 2566 etiam
1143 2506 1241 2567 Sercu.
1266 2503 1373 2564 Vestra
1395 2506 1523 2579 aequis·

107 2584 110 2593 ’
143 2591 236 2652 oculis
260 2594 408 2653 intueatur
430 2601 455 2655 el
481 2612 569 2672 super
592 2613 627 2656 eo
651 2595 802 2656 doctorum
825 2600 962 2668 virorum,
987 2611 1111 2670 quorum
1132 2594 1174 2652 illi
1197 2594 1285 2668 copia
1307 2601 1364 2665 est,
1386 2589 1503 2667 judicia

142 2683 285 2756 exquirat.
333 2681 404 2755 Cui,
429 2683 548 2759 quando
573 2686 614 2743 ita
636 2684 691 2742 iert
713 2684 874 2744 infallibilis
899 2684 970 2742 ordo
992 2681 1194 2759 providentiae
1217 2680 1345 2753 divinae,
1369 2678 1406 2737 de
1430 2696 1502 2737 suc·

141 2770 273 2828 cessione
301 2770 330 2826 in
358 2772 518 2846 provinciis
548 2772 711 2831 Austriacis
741 2789 776 2831 ex
808 2773 906 2830 animo
939 2768 1086 2846 gratulor,
1118 2767 1382 2844 gratulationisque
1413 2783 1500 2825 meac

141 2872 231 2931 super
252 2859 360 2915 minaci
383 2859 412 2914 in
436 2857 586 2935 publicum
609 2860 726 2917 fortuna
748 2861 864 2934 siguum
882 2859 970 2917 affero
986 2858 1223 2929 minacissimum,
1247 2864 1428 2914 cometarum
1446 2853 1502 2912 dc·

139 2946 342 3018 scriptionem,
375 2946 446 3020 quia
475 2947 646 3005 mutationis
675 2962 771 3004 rerum
794 2945 1036 3021 significationem
1059 2945 1207 3002 continere
1230 2950 1392 3001 censentur.
1438 2940 1502 3001 Nec

140 3029 228 3090 valde
255 3030 394 3090 abhorret
423 3032 461 3090 ab
490 3032 546 3091 hac
570 3031 753 3091 dedicatione
777 3041 957 3092 cometarum
979 3033 1067 3089 trium
1090 3029 1338 3090 luculentissimus
1361 3027 1501 3104 idemque

142 3126 172 3176 et
203 3117 338 3176 ultimus:
370 3126 451 3177 ortus
480 3120 557 3177 euim
589 3136 624 3177 ex
653 3118 706 3178 illo
735 3118 809 3178 coeli
831 3119 914 3189 loco,
946 3120 996 3194 qui
1019 3117 1120 3179 Seren.
1145 3116 1253 3177 Vestra
1274 3125 1412 3176 nascente
1436 3114 1501 3174 Soli

139 3204 277 3280 praebuit
304 3205 480 3280 hospitium,
512 3205 623 3265 scilicet
652 3224 689 3266 ex
717 3205 848 3265 confiniis
872 3205 1041 3285 Scorpionis
1063 3213 1092 3264 et
1114 3204 1279 3280 Sagittarii,
1309 3220 1395 3262 cursu
1419 3202 1501 3261 illius

142 3294 241 3351 cursui
264 3294 408 3352 contrario
431 3310 483 3368 per
506 3292 641 3366 Libram,
672 3310 748 3368 quae
771 3293 871 3354 Seren.
896 3294 1019 3353 Vestrae
1043 3292 1198 3366 culminat,
1229 3290 1338 3367 rapidis
1359 3291 1499 3366 passibus

141 3387 170 3438 et
192 3387 287 3438 tractu
310 3380 422 3439 caudae
444 3379 616 3456 longissimo
640 3382 799 3453 transiens,
823 3381 861 3439 ad
883 3382 1123 3457 septemtrionum
1147 3379 1272 3438 confinia
1295 3379 1390 3446 veuit,
1414 3379 1501 3453 quasi

142 3465 242 3525 Sereu.
259 3465 384 3526 Vestrae
401 3466 500 3538 Solem
524 3485 595 3527 aure
618 3466 794 3543 prehensum
816 3468 995 3541 admoneret,
1019 3484 1118 3526 curam
1142 3467 1272 3542 aliquam
1290 3464 1395 3540 Regni,
1420 3463 1501 3540 quod

144 3570 180 3614 ex
206 3561 318 3632 septem
340 3554 434 3614 stellis
456 3571 516 3613 una
539 3555 650 3630 efligies
673 3562 726 3628 est,
749 3557 779 3613 in
803 3572 835 3615 se
858 3558 1008 3631 suscipiat.
1045 3553 1081 3613 Id
1103 3563 1136 3612 ut
1157 3553 1247 3612 faciat
1269 3553 1368 3612 Seren.
1392 3551 1502 3612 Vestra

142 3648 173 3701 et
202 3640 342 3701 incolumi
370 3642 542 3703 valetudine
564 3645 674 3719 possit,
703 3644 781 3701 votis
803 3645 861 3718 piis
883 3662 902 3702 a
924 3644 990 3702 Deo
1015 3639 1083 3718 Opt.
1106 3640 1187 3700 Max.
1212 3638 1370 3717 petendum
1393 3655 1500 3699 conseo

141 3727 289 3804 simulque
318 3731 348 3786 iu
379 3729 436 3788 hoc
466 3728 545 3790 hello
576 3731 665 3791 vicini
692 3731 774 3805 regni
804 3730 1089 3801 formidolosissimo,
1122 3727 1200 3804 quod
1224 3736 1382 3786 extremam
1403 3743 1501 3787 rerum

144 3817 275 3874 omnium
298 3816 500 3877 contusionem
522 3817 607 3876 nobis
630 3820 765 3888 minatur,
789 3834 825 3875 ex
848 3816 898 3875 illa
921 3819 987 3893 ipsa
1000 3816 1101 3876 Seren.
1119 3816 1243 3875 Vestrae
1263 3823 1379 3873 matura
1401 3820 1500 3874 aetate

140 3919 224 3980 spem
255 3906 396 3980 optimam
427 3906 572 3982 concipio.
623 3903 735 3964 Ceteris
766 3907 844 3964 enirn
875 3912 1007 3963 aetatum
1037 3901 1251 3963 discriminibus
1282 3902 1392 3961 ferocia
1424 3901 1500 3960 iortc

141 3997 243 4050 contra
265 4007 325 4065 eos,
350 3991 458 4067 quibus
480 3993 653 4066 irascuntur,
677 3992 906 4065 convenientior,
930 3991 1113 4050 auctoritatis
1135 3988 1312 4049 asserendae
1335 4005 1444 4063 causa,
1468 3989 1499 4046 in

140 4077 199 4138 hac
220 4077 321 4139 Sereu.
346 4079 472 4139 Vestrae
494 4087 626 4151 senecta,
656 4096 733 4154 quae
764 4080 888 4139 accessit
910 4085 1052 4140 consueto
1076 4095 1142 4138 cum
1164 4079 1319 4149 comitatu,
1349 4076 1375 4134 si
1397 4074 1499 4136 Seren.

141 4164 250 4226 Vestra
278 4183 311 4226 se
339 4168 440 4225 mitem
468 4174 580 4245 patrem
609 4173 752 4242 praestet,
781 4168 833 4241 qui
858 4165 953 4225 mults
974 4183 1026 4241 spe
1049 4168 1160 4242 optima
1184 4174 1212 4223 et
1235 4166 1356 4223 caritate
1378 4179 1499 4222 suorum

142 4255 171 4311 in
194 4254 345 4315 meliorem
367 4262 480 4329 partem
503 4256 722 4331 interpretetur,
746 4253 854 4328 multa,
878 4270 955 4329 quae
976 4254 1051 4314 iorte
1073 4255 1169 4311 minus
1192 4252 1328 4328 placeant
1349 4250 1397 4310 vel
1422 4267 1498 4325 quae

140 4343 302 4402 necessitas
332 4343 490 4418 expressit,
524 4339 702 4414 dissimulet,
735 4340 766 4398 id
795 4348 824 4400 et
849 4340 938 4400 saluti
962 4340 1046 4401 cedet
1066 4338 1216 4399 trahendis
1238 4339 1313 4398 alias
1336 4339 1365 4395 in
1390 4347 1499 4397 certam

139 4429 298 4504 perniciem
320 4429 526 4489 innocentibus
548 4445 656 4504 magno
678 4445 809 4501 numero,
833 4436 863 4486 ct
884 4445 970 4488 nemo
993 4430 1047 4488 erit
1066 4427 1142 4487 adeo
1157 4429 1274 4503 iniquus
1291 4442 1402 4498 censor,
1427 4427 1498 4500 quin

140 4522 193 4573 aut
213 4519 335 4576 summis
361 4517 461 4577 efferat
482 4515 621 4575 laudibus
643 4523 695 4575 aut
717 4517 789 4591 ipsis
812 4514 917 4575 saltem
936 4515 1022 4575 annis
1038 4517 1181 4592 ignoscat.
1210 4514 1273 4573 Nec
1287 4511 1381 4587 major
1396 4511 1497 4573 Soron.

140 4600 267 4664 Vestrae
296 4603 391 4680 gloria
420 4606 495 4663 inter
522 4603 652 4675 humana
677 4609 825 4679 superest,
858 4619 946 4678 quam
975 4602 1055 4679 quod
1084 4619 1178 4662 rerum
1208 4618 1352 4661 summam
1375 4608 1405 4660 et
1427 4616 1498 4677 pro·

141 4690 255 4749 vincias
277 4691 475 4768 amplissimas
498 4690 536 4751 ad
559 4706 654 4769 suum,
668 4690 819 4749 arbitrium
843 4689 999 4750 devolutas
1020 4688 1111 4762 videt,
1134 4689 1241 4764 quibus
1263 4705 1376 4765 pacem,
1401 4687 1498 4747 bono·

139 4793 205 4836 rum
228 4780 359 4840 onmium
380 4779 678 4853 desideratissimum,
708 4794 764 4839 nec
792 4787 890 4838 tamur
917 4779 975 4838 uisi
995 4784 1066 4854 post
1086 4775 1168 4837 bella
1189 4775 1388 4838 desideratum
1409 4776 1498 4853 agni·
