3284 5520
685 325 775 399 Ceput
791 325 839 385 xt.
1125 410 1136 433 Ι
1376 328 1435 399 431

81 506 205 583 punctio
230 504 393 565 cummunis
416 511 462 565 est
483 500 728 581 autilegerithmis
751 521 816 564 curn
839 502 967 564 numeris
989 501 1132 583 logisticie
1154 508 1287 582 usitatis,
1311 508 1360 583 qui
1382 524 1441 566 nou
1565 544 1575 561 ,

80 611 199 671 semper
222 610 293 654 sues
315 593 426 652 habent
449 594 550 671 apices
573 592 706 666 debitus,
729 589 883 651 discrimen
906 593 995 651 etiem
1017 597 1046 653 in
1070 593 1186 654 diversa
1208 596 1363 673 scriptione
1386 594 1441 655 cb·

82 688 217 742 serretur
240 679 277 741 ad
301 679 451 740 vitandam
476 679 684 741 contusionem.
722 677 864 755 Legistici
888 681 964 739 enirn
987 698 1135 758 nunquam
1150 682 1249 759 plures
1264 698 1352 759 quem
1369 681 1442 741 duas

84 767 196 846 dgurus
218 767 328 827 lrabeut
350 776 417 845 pust
439 775 578 845 punctum
600 766 763 843 quodlibet.

189 871 237 931 De
265 870 370 931 hurum
397 871 485 947 igitur
507 868 813 947 entilugeritlrmorum
842 887 898 930 usu
920 873 1075 948 sequeutia
1096 869 1181 933 tredc
1203 879 1373 952 praecepta,
1403 870 1440 932 ed

84 955 229 1017 calculum
252 958 418 1019 tabularum
440 961 563 1017 istarum
585 959 760 1018 necessarie.

187 1070 311 1132 Praec.
329 1073 381 1135 29.
411 1071 444 1130 lu
461 1069 608 1146 triangulo
624 1069 794 1146 rectaugule
809 1067 858 1128 vel
873 1068 962 1148 plano
978 1070 1026 1130 rcl
1042 1073 1130 1132 etiam
1145 1071 1297 1151 sphaerico
1312 1074 1440 1147 minimo,

84 1158 169 1235 eujue
191 1158 304 1220 scilicet
324 1158 403 1218 latus
427 1160 586 1217 marimum
609 1174 666 1218 nun
691 1156 814 1217 excedat
841 1157 910 1216 100¹
935 1156 980 1217 rel
1007 1155 1040 1216 1⁰
1055 1158 1117 1233 40¹,
1140 1177 1200 1236 que
1224 1178 1316 1237 usque
1339 1159 1441 1220 tabula

81 1261 113 1306 re
138 1245 282 1320 extrudit,
306 1245 383 1306 detis
407 1245 522 1305 duobus
544 1246 768 1322 quibuscunque
791 1243 931 1304 lateribus
955 1248 1018 1304 nuti
1040 1245 1148 1306 ordinis
1164 1249 1242 1308 circa
1257 1256 1375 1322 rectum,
1398 1250 1441 1307 sic

78 1341 124 1393 est
158 1333 361 1410 inquirendum
391 1333 469 1392 latus
500 1335 626 1393 tertium.
671 1332 816 1391 Daturum
844 1330 968 1391 laterum
997 1331 1251 1409 antilogarithmue
1280 1352 1316 1394 cr
1339 1334 1440 1394 tabule

74 1436 216 1498 excerpe.
261 1419 293 1480 Si
322 1430 478 1497 utrumque
506 1421 593 1480 luerit
620 1420 697 1479 circa
728 1427 852 1493 rectum,
885 1436 999 1478 summa
1029 1424 1181 1496 utriusque
1211 1421 1440 1498 antilcgerirhmi

70 1508 221 1568 ostendet
243 1509 272 1566 in
293 1507 398 1568 tabule
419 1506 497 1567 letus
521 1509 689 1586 oppositum
712 1506 820 1583 angulo
843 1515 933 1566 reete.
971 1504 1023 1566 Sin
1045 1517 1144 1567 autem
1166 1507 1290 1568 alterurn
1311 1527 1346 1569 er
1363 1509 1439 1569 datis

67 1594 169 1654 fuerit
193 1597 361 1673 oppositum
383 1602 473 1665 rectu,
497 1594 662 1655 differentia
683 1594 995 1670 antilogerithmurum,
1019 1597 1154 1671 quaesite
1175 1613 1226 1674 per
1248 1613 1332 1656 ereas
1351 1596 1439 1657 tabu·

65 1680 139 1756 lae,
165 1683 302 1744 ostendet
324 1686 353 1742 in
376 1682 520 1744 fructibus
542 1682 651 1761 gredue
674 1691 702 1742 ct
725 1681 861 1760 scrupula
881 1684 982 1760 prima,
1006 1683 1034 1740 in
1050 1685 1181 1761 margine
1196 1682 1326 1744 secunda
1340 1682 1439 1744 leteris

61 1772 218 1847 quaesiti.

188 1860 266 1925 Usus
296 1864 445 1942 praecepti
474 1864 563 1941 hujus
593 1880 652 1923 uun
681 1866 777 1923 minus
805 1863 900 1924 facilis
928 1881 1017 1941 quem
1039 1866 1138 1926 verius
1160 1875 1222 1942 est,
1255 1868 1438 1947 potissimum

61 1950 203 2028 quidem
225 1952 255 2010 in
280 1949 412 2012 doctrine
437 1951 599 2030 eclipsium,
623 1952 673 2011 ubi
696 1951 830 2030 exempla
853 1954 1046 2012 invenientur.

186 2064 315 2127 Praec.
340 2067 392 2126 30.
430 2065 525 2126 Simili
545 2065 727 2145 compendio,
751 2064 827 2125 datis
848 2064 940 2126 tribus
964 2063 1103 2125 lateribus
1127 2067 1264 2144 trianguli
1287 2068 1439 2143 rectilinei,

58 2150 323 2231 perpendiculum
336 2154 499 2230 inquiretur
513 2171 547 2212 ex
565 2153 674 2230 angula
688 2152 806 2212 sublimi
823 2151 981 2212 demissum
997 2152 1119 2211 inlatus
1131 2154 1243 2229 jacens,
1267 2172 1321 2214 uec
1336 2173 1394 2215 neu
1410 2166 1440 2218 et

53 2250 180 2314 partes
196 2240 285 2313 basis,
301 2239 561 2318 aperpendiculari
578 2240 797 2300 determinatae.
829 2238 917 2299 luirlu
933 2256 1015 2313 care,
1031 2255 1067 2298 ne
1084 2239 1232 2300 deluderis
1247 2243 1439 2319 impossibili-

56 2334 151 2401 tate,
175 2344 292 2405 eempcr
314 2331 391 2387 enirn
414 2327 491 2387 letus
514 2330 609 2387 miuus
630 2327 717 2387 debet
732 2345 796 2387 esec
811 2327 907 2404 majus
921 2326 1099 2402 reliquorum
1115 2327 1285 2389 differentia
1322 2330 1438 2392 Deinde

57 2411 207 2475 laterum
236 2414 393 2475 arduorum
423 2417 542 2475 mineris
571 2413 840 2493 antilogerithmum
871 2414 952 2474 euler
982 2413 1019 2473 eh
1043 2412 1279 2491 antilogerithmo
1302 2418 1438 2494 mejeris3

60 2502 163 2579 quod
185 2501 367 2579 relinquitur,
391 2509 610 2579 argumentum
634 2501 857 2580 appellabimus,
880 2504 950 2577 quia
973 2499 1047 2559 duas
1070 2518 1115 2560 rcs
1137 2513 1248 2579 arguet.
1287 2503 1363 2564 Nam
1382 2508 1439 2564 im-

63 2592 204 2649 missum
228 2592 257 2647 iu
282 2606 423 2648 canonem
447 2600 478 2648 ut
501 2590 771 2666 autilcgarithmus,
801 2587 935 2648 ostendet
957 2604 1071 2660 ereum,
1103 2605 1189 2648 casus
1212 2589 1436 2669 discernentem

62 2679 104 2735 ni
128 2679 207 2737 enim
223 2675 272 2736 lric
287 2679 380 2737 minor
396 2678 450 2736 erit
461 2676 588 2752 jacente,
613 2674 851 2754 perpendiculum
874 2675 960 2735 cedet
975 2677 1051 2735 intra
1066 2676 1251 2753 triangulum,
1275 2682 1319 2737 siu
1335 2681 1437 2757 maj0r‚

65 2771 173 2837 extra,
197 2773 230 2825 et
251 2766 277 2823 si
299 2765 433 2841 aequalia
452 2766 574 2841 jacenti,
599 2773 694 2824 rectus
718 2765 773 2824 erit
795 2763 921 2840 angulus
944 2761 1095 2839 adjacens
1111 2781 1163 2823 seu
1179 2766 1273 2838 basin,
1297 2776 1326 2825 et
1340 2769 1436 2844 ipsum

62 2848 160 2910 letus
183 2869 219 2911 ex
242 2849 340 2910 arduis
362 2853 458 2910 minus
480 2852 534 2911 erit
556 2849 804 2929 perpendiculum.
846 2849 940 2927 Igitur
961 2852 987 2909 si
1008 2850 1245 2929 perpendiculum
1262 2853 1346 2914 cadet
1362 2857 1438 2915 intra

70 2939 276 3015 triangulum,
306 2938 460 3016 ponendae
487 2947 556 2998 sunt
584 2937 684 2998 leteris
712 2936 861 2997 dividendi
890 2943 988 3015 perles
1016 2946 1155 3012 tauquam
1179 2948 1284 3020 notae,
1314 2951 1436 3019 utraque

67 3029 175 3086 minor
203 3020 295 3085 laLere
326 3025 432 3098 ardue,
464 3025 501 3084 ad
525 3025 602 3101 quud
626 3027 805 3086 terminetur.
851 3023 902 3083 Sin
926 3032 1008 3083 extre
1030 3024 1167 3086 ceciderit
1186 3027 1435 3104 perpendiculum,

75 3112 258 3191 apponenda
281 3120 326 3172 est
347 3112 491 3190 particule
510 3113 621 3188 jacenti
644 3119 784 3189 tauquam
799 3120 878 3184 nota,
902 3122 935 3170 ut
956 3128 1070 3170 rursum
1094 3120 1123 3174 et
1145 3119 1281 3191 apperire
1303 3124 1332 3174 et
1355 3132 1437 3176 com-

75 3203 179 3280 perita
206 3203 267 3259 siut
294 3201 421 3260 minores
451 3200 591 3260 lateribus
619 3199 719 3260 arduis
746 3198 999 3275 respondentibus.
1044 3198 1176 3260 Pettium
1204 3204 1248 3261 sic
1274 3206 1436 3280 positarum

77 3285 336 3364 muloganrnmos
368 3289 441 3348 inter
469 3305 501 3346 se
531 3303 676 3364 compara.
721 3287 796 3346 Nam
825 3289 851 3344 ai
878 3301 978 3345 eurum
1008 3285 1172 3346 differentia
1192 3290 1279 3347 luerit
1302 3291 1437 3367 aequalis

80 3383 265 3452 argumento,
287 3374 356 3435 lelix
378 3374 433 3433 luit
456 3375 573 3452 positio,
597 3376 642 3434 siu
666 3377 768 3446 minen,
792 3375 821 3430 in
845 3374 938 3451 prime
958 3389 1028 3433 casu
1044 3372 1192 3439 discedere
1207 3384 1323 3451 eportet
1337 3386 1435 3454 partes

82 3465 193 3540 puritas
215 3461 343 3538 longius,
367 3464 395 3520 in
419 3460 549 3521 secunde
573 3471 696 3539 utraque
719 3460 856 3538 augenda
880 3469 925 3521 ert
940 3460 1112 3537 aequaliter,
1136 3469 1167 3521 at
1189 3465 1214 3522 si
1237 3463 1340 3539 major,
1363 3482 1436 3525 ccu-

82 3553 202 3610 trerium
223 3548 277 3609 liet
298 3550 328 3607 iu
352 3556 477 3625 utroque
499 3565 580 3620 casu,
603 3548 633 3608 id
655 3551 806 3627 tantisper,
829 3546 922 3607 denec
943 3557 1085 3624 aequetur
1099 3557 1312 3626 argumentum.
1352 3551 1437 3613 Tunc

84 3637 184 3696 ublato
214 3638 305 3716 pertis
327 3635 494 3695 alterutrius
516 3635 755 3712 autilugaritlrmc
779 3634 817 3694 ab
840 3633 1078 3713 antilogarithmu
1102 3634 1201 3696 leteris
1223 3636 1435 3716 respondentis,

84 3725 214 3784 residuus
238 3725 292 3784 crit
314 3722 568 3801 entilcgarithmus
591 3721 800 3801 perpendiculi.

184 3856 405 3929 Exemplum.
442 3858 502 3914 Sint
519 3857 606 3914 latera
623 3857 746 3914 sublimis
765 3855 865 3927 auguli,
883 3871 932 3912 seu
950 3855 1037 3913 ardua

497 3958 581 4022 Malus
599 3958 643 4010 ⁶0¹
678 3958 903 4020 Autllogrrithmus
923 3959 1019 4011 lem

495 4028 580 4079 dllnus
599 4028 642 4081 50¹
679 4028 903 4090 Antllegerithmur
923 4028 1017 4079 ruttt

536 4151 667 4214 subtrahe,
684 4152 715 4200 ut
732 4156 904 4212 argumentum
939 4152 1028 4215 dudd,
1046 4155 1116 4214 culus
1135 4165 1206 4202 treus
1224 4149 1267 4204 ὅδ’
1287 4151 1347 4208 10”.

183 4272 270 4341 Igitur
288 4271 311 4326 si
329 4268 404 4326 latus
422 4270 531 4326 tertium
547 4270 642 4339 jurene
660 4270 743 4325 luerit
756 4271 799 4326 33¹
812 4272 872 4340 lul,
891 4268 1114 4342 perpendiculum
1131 4270 1184 4326 erit
1196 4268 1269 4327 latus
1281 4271 1369 4343 ipsum
1382 4272 1433 4349 tu,

86 4358 109 4406 et
130 4351 245 4421 angulus
268 4349 321 4406 crit
337 4355 429 4405 rectus
448 4347 483 4403 ed
501 4347 593 4412 basin,
616 4347 659 4401 sin
676 4345 777 4415 majus,
800 4347 1024 4418 perpendiculum
1042 4347 1121 4404 cedet
1139 4349 1223 4419 intre,
1249 4356 1278 4404 et
1295 4351 1319 4405 si
1336 4350 1433 4420 miuus,

86 4438 167 4487 m
182 4499 224 4591 Sit
237 4498 334 4568 jacens
353 4497 406 4566 ⁷0¹,
429 4502 460 4552 ut
481 4493 702 4565 perpendiculum
726 4493 807 4549 cedat
824 4495 904 4551 iutra
940 4495 1016 4550 Pone
1033 4510 1096 4564 crgo
1115 4503 1207 4567 partes
1226 4500 1286 4569 ejus
1304 4515 1364 4555 esse
1381 4516 1433 4555 uo·

86 4583 131 4649 ω’
148 4585 180 4635 m
197 4584 234 4634 m
495 4646 578 4695 dilucr
595 4646 640 4699 ὅθ’
675 4648 903 4708 Antilogeritlrmur
920 4651 999 4701 &802

496 4716 578 4779 llajur
595 4717 639 4769 40¹
676 4717 901 4778 Auillcgerithmus
920 4721 999 4773 6369

751 4805 901 4858 uererentur
917 4810 998 4864 ΜΩ
1017 4812 1097 4861 ruluur
1114 4814 1267 4871 argumente.
