3284 5520
501 324 545 382 Da
561 327 736 398 septuaginta
754 327 970 386 hebdomadibus
987 328 1015 383 70
1032 327 1158 384 Daniele.
1439 330 1504 398 807

143 497 262 559 Danieli
287 500 433 577 loquitur,
457 510 487 566 at
510 506 580 564 citat
604 522 712 567 annum
738 514 764 568 1.
788 507 882 569 Darii.
926 506 959 567 Si
982 507 1059 567 idem
1080 506 1185 567 luisset
1207 509 1358 582 utriusque
1382 509 1504 584 initium,

142 595 221 647 certe
245 588 368 664 angelus
391 590 470 650 illiue
493 610 601 652 annum
625 598 753 668 citasset,
777 600 828 672 qui
853 603 914 655 tum
937 598 1149 672 supervixerat,
1174 594 1242 672 Cyri
1266 611 1379 670 nempe.

249 675 292 734 Ex
323 677 402 736 hisce
433 678 617 755 colligimus,
648 683 811 742 revelatum
845 701 909 744 esse
936 684 992 742 hoo
1020 683 1168 742 oraculum
1183 683 1310 741 Danieli
1333 686 1416 741 aunis
1442 687 1503 743 532

142 777 172 821 a.
196 761 260 834 Ch,
296 770 333 823 17
359 773 427 824 0070
449 765 575 827 0010700
600 772 818 846 captivitatem,
852 776 891 832 b3
916 778 984 848 post
1006 787 1109 830 aversa
1131 769 1328 847 Jerosolyma.
1373 768 1443 828 000
1466 768 1505 828 00

142 849 239 925 ipsum
262 851 422 913 oraculum.

249 937 462 1015 Septuaginta.
495 940 667 1017 Opportune
683 955 782 1004 monet
794 944 943 1015 Calvinus,
960 941 1096 1017 angelum
1111 942 1148 1001 ad
1164 942 1375 1002 consolandum
1391 943 1505 1002 Danie-

142 1027 211 1099 lem,
235 1030 282 1087 eoi
307 1032 346 1085 70
371 1031 439 1086 0007
461 1029 583 1088 nimium
607 1032 679 1090 tardi
705 1040 796 1106 erant,
821 1032 857 1093 de
872 1031 931 1090 alio
947 1032 1180 1106 septuagenario,
1204 1047 1430 1102 nomannorum,
1452 1030 1504 1090 sed

143 1115 389 1190 septenariorom,
421 1118 581 1191 incepisse,
613 1127 645 1177 ut
669 1136 709 1179 sc.
735 1120 907 1198 rependeret
935 1117 1101 1195 septuplum
1131 1115 1278 1177 felicitatis
1301 1135 1353 1194 pro
1377 1121 1503 1177 miseria.

142 1201 210 1261 Hoc
233 1208 312 1261 certe
334 1200 377 1259 illi
401 1204 586 1263 commodum
610 1215 688 1280 erat,
713 1211 763 1283 007
786 1217 880 1267 certas
904 1208 941 1265 00
965 1223 1070 1266 000000
1094 1204 1159 1264 illas
1185 1211 1223 1264 70
1248 1208 1427 1282 septimanas
1451 1205 1504 1265 de·

145 1297 259 1348 curtare
282 1288 419 1350 voluerit.

247 1376 465 1439 Hebdomades.
509 1377 575 1437 Non
596 1396 662 1440 esse
678 1379 825 1439 naturales
841 1379 1052 1450 hebdomadas,
1075 1379 1169 1438 tacitis
1186 1387 1229 1440 est
1244 1379 1389 1454 probatio.
1428 1378 1503 1438 Nam

147 1468 186 1522 70
210 1467 392 1540 septimanae
416 1482 474 1524 000
498 1465 563 1543 0100
587 1484 645 1526 000
668 1483 745 1526 0000
762 1486 829 1527 curn
844 1471 948 1527 triente
966 1467 1104 1537 alliciunt,
1129 1485 1205 1543 0000
1221 1469 1359 1542 temporis
1375 1468 1504 1525 brevitas

141 1550 260 1611 Danieli
289 1550 473 1628 superintoro
505 1571 556 1613 cur
582 1555 620 1614 00
649 1555 752 1631 angelo
782 1555 981 1615 revelaretur?
1018 1555 1056 1612 Et
1083 1553 1150 1627 illa,
1184 1571 1259 1630 quae
1283 1554 1380 1612 tutum
1403 1554 1503 1612 scribit

143 1637 251 1698 Daniel
273 1646 341 1714 post
363 1638 419 1699 hoc
441 1647 565 1719 tempos,
590 1660 694 1718 nempe
718 1639 832 1701 eversio
848 1643 1109 1719 Jerosolymorum,
1133 1644 1302 1719 propitiatio
1317 1650 1504 1717 peccatorum

143 1725 323 1802 etreliqua,
355 1730 426 1785 satis
449 1727 498 1787 001
521 1729 616 1789 obiter
637 1731 803 1805 inspicienti
825 1729 998 1802 ostendunt,
1028 1747 1117 1788 unam
1147 1727 1334 1788 hebdomada
1357 1732 1503 1788 continere

141 1813 248 1873 multos
280 1831 382 1873 annos.
428 1814 517 1875 Tales
548 1825 647 1877 autem
677 1817 876 1877 hebdomades
904 1834 1044 1875 annorum
1069 1818 1097 1873 in
1121 1818 1264 1892 scriptura
1286 1818 1412 1875 usitatae
1435 1823 1504 1875 sunt

142 1897 226 1982 (vide
246 1900 342 1960 Lerit.
362 1903 438 1976 770),
465 1913 493 1961 07
516 1902 592 1963 diem
616 1922 668 1980 pro
692 1922 770 1965 anno
794 1905 844 1964 dat
866 1905 949 1964 Deus
972 1903 1119 1963 Ezechieli
1143 1904 1207 1979 (Es.
1225 1921 1249 1962 0.
1266 1902 1318 1978 4.).
1366 1902 1504 1973 Efficiout

140 1990 229 2064 igitur
254 1988 509 2050 7000000000οε
532 2009 625 2051 annos
646 1996 718 2063 490,
743 1992 817 2052 70100
840 2010 954 2068 nempe,
979 2008 1101 2068 quorum
1125 1990 1249 2066 singulis
1272 1992 1311 2048 sit
1333 2007 1418 2050 suum
1442 2007 1501 2064 ver,

140 2084 248 2150 aestas,
272 2083 438 2150 autumnus,
463 2078 565 2140 hiems.
610 2079 685 2138 Nam
710 2078 797 2147 valde
820 2079 948 2139 absurda
971 2087 1016 2138 est
1038 2078 1155 2137 illorum
1177 2080 1339 2150 sententia,
1363 2080 1416 2153 qui
1438 2079 1503 2136 exi·

141 2165 268 2236 stimant,
293 2180 381 2239 posse
404 2183 458 2224 nos
482 2165 652 2242 intelligere,
676 2169 700 2224 si
725 2184 794 2225 usus
818 2169 860 2225 770
882 2168 964 2239 ferat,
989 2182 1082 2224 annos
1106 2166 1194 2224 etiam
1222 2165 1355 2238 lunares,
1379 2181 1502 2240 quorum

140 2250 248 2327 singuli
271 2257 340 2310 sunt
363 2258 426 2311 354
449 2251 571 2311 dierum.
616 2253 733 2313 Talium
759 2270 827 2312 vero
853 2260 914 2313 490
946 2253 1093 2312 allicerent
1122 2269 1179 2310 non
1203 2252 1269 2329 plus
1295 2257 1357 2311 470
1381 2251 1502 2326 solares,

141 2338 245 2398 demtis
269 2344 309 2398 34
334 2336 445 2399 070000.
491 2340 566 2398 Tum
598 2339 670 2399 illud
695 2340 830 2401 videntur
852 2341 952 2412 001777,
984 2342 1034 2415 007
1057 2340 1114 2398 000
1137 2347 1286 2411 07070007,
1318 2338 1397 2415 0000
1420 2339 1502 2398 00110

141 2443 225 2502 gens,
254 2444 291 2484 ue
315 2425 456 2486 Chaldaei
481 2427 615 2502 quidem,
648 2428 777 2504 aliquam
801 2446 938 2504 magnam
961 2444 1102 2485 annorum
1125 2444 1269 2485 summam
1293 2443 1328 2484 ex
1351 2424 1502 2485 lunaribus

139 2513 226 2572 nudis
249 2516 496 2573 concinnaverint.
531 2515 606 2575 Nam
620 2510 710 2574 tertio
727 2515 774 2575 vel
793 2525 906 2591 quarto,
932 2516 1064 2590 quolibet
1080 2531 1157 2572 0000
1173 2515 1303 2574 iecerunt
1321 2519 1358 2573 13
1377 2531 1501 2588 menses,

141 2608 173 2659 ut
195 2610 336 2676 qnantum
355 2602 445 2660 trihus
462 2601 498 2661 de
510 2602 593 2677 justa
610 2605 774 2678 0000777070
790 2603 955 2675 decesserit,
980 2600 1152 2660 tantundem
1168 2610 1271 2677 quarto
1288 2618 1377 2677 supra
1390 2601 1501 2676 justam

140 2687 370 2763 magnitudinem
394 2689 527 2768 accedat,
551 2698 640 2766 07000
663 2694 705 2749 770
729 2692 759 2747 70
781 2708 889 2766 magna
911 2691 1012 2765 017000
1034 2706 1175 2748 annorum
1198 2706 1312 2748 summa
1335 2686 1438 2748 eodem
1456 2706 1502 2747 res

139 2777 257 2848 redeat,
280 2778 345 2835 0700
368 2777 514 2836 solaribus
537 2780 601 2838 sive
623 2778 775 2837 lunaribus
798 2781 882 2837 00070
906 2786 997 2853 utare,
1021 2776 1202 2854 singulisque
1225 2778 1310 2836 00070
1331 2792 1403 2836 0000
1425 2783 1502 2835 7οι0-

140 2871 271 2940 00070700
294 2863 504 2938 relinquantur.

244 2951 452 3010 abbreviatae.
476 2950 515 3031 (0.
535 2947 599 3029 24.)
620 2946 841 3029 ociarpptlpcav
863 2952 973 3011 000007
993 2956 1032 3010 70
1056 2952 1236 3026 interpretes,
1259 2947 1339 3026 qood
1362 2952 1502 3029 interpres

139 3040 368 3098 concacarunt
392 3040 487 3110 vertit,
512 3045 541 3098 et
555 3037 707 3113 Pagninns
733 3038 899 3113 ,decisae“,
923 3038 1069 3098 Lutherus
1090 3047 1119 3098 et
1133 3037 1290 3097 Helvetico
1315 3036 1501 3112 „decretae“,

141 3124 296 3197 Calvinus,
328 3126 527 3186 Bocholaerus
558 3134 589 3184 et
617 3127 762 3184 Funcoius
795 3127 1056 3203 ,determinatae“.
1102 3125 1175 3184 Pars
1205 3128 1305 3200 itaque
1337 3130 1378 3184 ita
1405 3126 1501 3197 vertit,

140 3215 224 3288 quasi
248 3220 376 3272 curtatas
401 3221 430 3272 et
452 3230 509 3272 000
534 3216 663 3287 integras
687 3213 858 3273 deberemus
881 3213 1054 3290 intelligere,
1079 3211 1158 3288 quod
1182 3220 1209 3271 et
1230 3214 1259 3268 in
1277 3215 1394 3288 exegesi
1414 3211 1503 3270 017007

140 3299 282 3373 rideatur,
306 3302 356 3358 obi
379 3308 447 3360 sunt
469 3304 562 3377 primo
583 3299 782 3360 hebdomades
801 3309 828 3376 7,
852 3309 919 3379 0007
934 3308 985 3374 67,
1009 3300 1133 3376 0007000
1150 3297 1278 3371 dimidia,
1302 3295 1500 3381 00006910,

139 3383 350 3471 0007486100
396 3388 468 3447 Pars
493 3390 589 3447 innuit
612 3391 808 3447 concisionem
831 3391 860 3446 io
887 3393 922 3462 7,
956 3388 1109 3455 67071,
1142 3404 1193 3463 per
1216 3386 1501 3461 000017007017007,

139 3493 194 3533 000
216 3476 258 3535 770
280 3476 399 3548 serente,
422 3475 624 3535 hebdomadas
649 3493 706 3534 uon
730 3479 892 3548 continuas,
916 3475 967 3535 sed
991 3478 1165 3550 interruptas
1189 3474 1344 3533 eventibus
1360 3490 1500 3532 annorum

139 3563 370 3622 accommodare.
409 3563 482 3621 Para
505 3563 704 3641 metaphorice
727 3582 745 3621 a
767 3564 963 3640 praecidendo
987 3563 1024 3622 ad
1048 3560 1156 3620 decreti
1179 3561 1272 3618 divini
1298 3560 1501 3620 certitudinem
1587 3556 1621 3575 ''

139 3651 233 3709 refert.
274 3649 404 3724 Quorum
428 3652 613 3710 translationi
635 3653 660 3709 07
684 3658 784 3725 stetur,
809 3669 845 3710 00
869 3653 945 3711 diem
969 3650 1086 3727 quidem
1109 3650 1194 3708 nobis
1214 3647 1249 3707 00
1264 3646 1323 3707 71170
1339 3653 1401 3708 490
1417 3651 1500 3707 00070

139 3737 310 3797 0007000000
332 3738 443 3798 licebit.

244 3825 399 3901 Popalam
423 3833 450 3885 et
472 3825 588 3883 arbem.
635 3824 665 3882 Si
696 3825 887 3901 respiciamus
915 3823 952 3883 00
980 3840 1081 3899 preces
1105 3822 1252 3896 Danielis,
1281 3825 1389 3882 rectius
1413 3824 1500 3881 ctiam

138 3911 211 3971 haec
233 3912 438 3988 intelligemus.
486 3911 591 3971 Daniel
614 3922 677 3971 orat
700 3928 752 3986 pro
776 3911 956 3971 restituenda
980 3911 1083 3988 politia
1105 3909 1246 3981 Judaica,
1276 3909 1328 3969 sed
1352 3911 1422 3984 quia
1445 3909 1501 3968 00-

138 4000 256 4058 stabant
279 4009 400 4075 peccata
423 4000 574 4075 majorum,
598 3998 770 4058 secundario
795 4007 868 4072 orat,
894 4007 927 4058 ut
942 3999 1023 4058 Deus
1047 3999 1165 4058 tandem
1189 3997 1247 4055 illis
1270 3999 1355 4056 irasci
1375 3996 1499 4056 desinat.

139 4085 184 4144 lta
211 4087 308 4161 angeli
336 4090 488 4163 responsio
512 4088 683 4163 principalis
708 4094 751 4145 est
774 4086 876 4145 itidem
899 4086 935 4146 00
961 4086 1090 4163 ,000010
1113 4096 1142 4144 07
1166 4085 1270 4163 000077,
1298 4086 1440 4161 posterior
1464 4084 1500 4144 de

138 4174 317 4234 remittendis
339 4193 391 4251 per
414 4175 561 4234 Christum
583 4174 721 4251 peccatis.
774 4173 865 4232 Addit
887 4173 1018 4249 Scaliger
1040 4181 1069 4232 et
1092 4173 1213 4231 alteram
1235 4174 1394 4244 rationem,
1419 4173 1500 4248 prin·

139 4263 245 4338 070700
277 4262 493 4321 hebdomadum
523 4280 588 4321 cum
618 4260 821 4320 aedificatione
853 4263 931 4320 urbis
960 4262 1108 4332 connecti,
1139 4259 1225 4345 770000
1249 4262 1338 4335 igitur
1360 4261 1500 4334 temporis

139 4366 204 4408 cum
227 4349 422 4410 destructione
446 4350 534 4408 urbis.
579 4350 672 4425 Igitur
703 4348 856 4424 diligenter
883 4348 1068 4407 observanda
1090 4354 1158 4405 sunt
1181 4346 1254 4407 haec
1277 4347 1366 4406 verba
1391 4364 1499 4422 ,snper

137 4436 279 4513 populum
302 4447 331 4497 et
353 4439 485 4497 urbem“.
530 4436 605 4495 Nam
628 4438 698 4512 quia
721 4453 798 4494 mors
815 4436 921 4495 Christi
946 4444 975 4495 et
999 4436 1133 4493 interitus
1156 4435 1236 4493 urbis
1260 4436 1344 4493 annis
1360 4452 1418 4493 000
1434 4452 1499 4492 am-

139 4525 215 4600 plius
240 4530 280 4582 36
305 4525 423 4597 0707007,
447 4527 476 4581 70
500 4523 590 4582 00070
613 4541 659 4583 res
682 4541 747 4583 esse
772 4523 896 4598 videtur,
921 4531 1018 4582 utrum
1032 4523 1130 4600 potius
1145 4524 1183 4580 077
1197 4519 1424 4598 respiciendum:
1447 4522 1499 4581 uhi

138 4612 212 4671 haec
234 4613 325 4670 verba
347 4612 443 4671 lucem
465 4612 551 4671 00070
574 4611 717 4670 afferrent.

248 4697 287 4757 Ut
307 4708 485 4776 ooaapatnr
506 4706 673 4774 peccatum.
719 4697 754 4756 In
778 4697 905 4757 hebraeo
928 4695 1045 4756 servilis
1067 4695 1177 4769 lamed,
1209 4696 1283 4756 alias
1304 4701 1376 4754 ncta
1398 4694 1499 4770 dativi,

139 4785 307 4865 praefigitur
329 4796 360 4848 et
382 4787 617 4848 commodissime
641 4787 729 4847 etiam
751 4802 803 4864 per
823 4784 957 4845 dativum
973 4783 1145 4865 explicatur,
1167 4799 1209 4844 sc.
1227 4790 1289 4845 490
1306 4785 1375 4843 anni
1389 4782 1500 4847 00770777
