3284 5520
140 112 207 182 aba
632 111 769 183 symona
788 112 999 185 erumpens

141 291 304 353 meridiano
329 291 415 353 loeus
442 296 575 351 cometam
603 289 786 364 discesserit,
816 291 873 351 boe
898 292 995 367 magis
1023 291 1061 351 rb
1091 291 1218 355 invicem
1240 290 1379 354 didsrrm
1400 292 1501 353 1111111

142 379 371 453 declinationum
394 381 456 439 reri
476 386 507 438 et
529 379 585 437 nist
608 377 674 437 loci.

247 470 300 527 23.
330 465 401 527 Jam
424 481 495 525 vero
518 473 632 525 cometa
654 465 702 525 bie
725 465 781 525 etsi
803 466 833 522 in
855 465 998 541 principio
1021 476 1265 527 commemoratos
1288 484 1376 528 casus
1398 483 1500 529 omres

142 554 273 614 admisit:
298 553 471 613 culminavit
493 555 570 612 enim
593 553 685 611 tribus
708 560 759 611 ant
781 560 908 627 quatuor
930 552 1010 613 horis
1031 562 1191 629 antequam
1205 553 1259 615 Sol
1275 558 1394 629 oriatur,
1418 564 1449 616 at
1469 556 1510 635 in

141 643 332 719 nonagesimo
354 641 393 703 ab
416 650 482 701 ortu
504 640 559 699 luit
581 640 654 700 bore
676 656 736 699 una
759 649 827 699 ante
849 638 927 698 Solis
950 650 1063 713 ortum,
1094 643 1166 718 quia
1194 650 1291 703 111111
1313 641 1498 719 Regiomon·

144 740 230 790 tanne
260 729 395 790 ultimum
414 746 434 790 a
455 744 504 788 me
531 736 715 788 numeratum
745 744 846 786 111111
876 738 991 804 praeter
1018 730 1060 787 rei
1090 736 1225 788 naturam
1253 731 1378 807 primum
1405 732 1499 807 ponit,

143 817 326 895 problemate
347 818 448 877 statim
470 814 609 891 secundo,
634 831 703 875 vero
726 812 906 875 simillimum
928 822 982 888 est,
1005 814 1150 891 siquidem
1173 814 1232 875 ullo
1255 834 1292 877 111
1308 817 1356 876 bis
1371 825 1500 893 quatuor

143 904 238 966 modis
262 921 334 964 usus
356 911 410 977 est,
433 903 490 963 boo
511 905 575 980 ipso
598 901 682 963 illum
704 919 769 963 esse
791 918 886 975 usum,
908 900 1009 978 procul
1034 901 1123 963 dubio
1146 905 1290 979 quianon
1305 921 1424 981 semper
1438 912 1499 966 erat

141 1008 285 1066 serenum,
310 1008 369 1068 quo
391 991 529 1068 temporis
551 998 698 1051 momento
722 1000 838 1079 cometa
861 992 890 1045 in
912 987 1086 1048 altissimum
1109 989 1184 1049 coeli
1204 990 1302 1051 locum
1317 992 1374 1051 init
1387 994 1497 1051 enisus.

247 1081 298 1139 24.
328 1077 398 1139 Jam
420 1094 491 1138 vero
512 1080 602 1154 priori
623 1084 705 1154 parte
720 1077 904 1138 refutationis
918 1076 1007 1151 buJus
1026 1082 1062 1148 (p.
1082 1086 1134 1137 101
1152 1100 1182 1146 a,
1200 1087 1253 1135 110
1271 1084 1303 1149 s.)
1322 1078 1499 1139 ventilatum

141 1165 197 1225 boc
227 1173 286 1241 est,
316 1166 423 1244 quibus
454 1178 602 1243 quamque
632 1164 804 1226 necessariis
833 1164 930 1223 causis
953 1172 1049 1223 motus
1071 1163 1175 1243 ‘l'yobo
1197 1166 1378 1226 certitudinis
1400 1167 1498 1227 minus

141 1251 276 1313 detulerit
297 1253 366 1315 boio
379 1252 606 1330 Regiomontani
626 1251 756 1314 secundo
775 1250 960 1329 problemati.
997 1250 1141 1311 Nimirum
1164 1266 1339 1313 concurrunt
1359 1252 1399 1313 ad
1422 1252 1499 1313 hanc

141 1338 312 1401 methodum
342 1340 499 1403 observata
520 1339 614 1401 multa
635 1339 816 1401 1111111111
838 1356 934 1399 rerum
955 1355 1008 1416 per
1030 1339 1136 1399 diversi
1158 1341 1273 1416 generis
1295 1343 1499 1414 instrumenta,

140 1445 263 1503 qnorum
291 1427 394 1505 aliqua
422 1435 527 1505 suapte
554 1436 660 1489 natura
687 1424 889 1488 oerdtudinem
917 1428 1133 1487 exactissimam
1155 1435 1309 1504 respuunt:
1343 1427 1500 1504 horologia

141 1512 216 1589 dico,
240 1532 317 1592 quae
339 1514 388 1577 rel
409 1517 544 1576 tensione
565 1514 738 1576 laminarum
761 1512 808 1574 vel
831 1511 992 1590 ponderum
1015 1512 1132 1573 defluxu
1153 1524 1317 1575 morentur.

246 1604 297 1663 21.
327 1600 441 1678 Quodsi
462 1610 611 1663 momenta
633 1619 684 1679 per
702 1600 826 1661 fixarum
841 1599 1011 1661 altitudines
1027 1604 1127 1677 potius
1143 1611 1289 1675 ornantur,
1313 1600 1396 1680 quod
1414 1600 1498 1662 vide·

141 1697 187 1749 tur
209 1706 366 1767 suggerere
389 1688 657 1767 Regiomontanns,
684 1689 746 1765 jam
773 1705 810 1748 ne
833 1688 871 1747 ab
894 1687 939 1747 his
962 1687 1080 1764 quidem
1103 1691 1198 1749 omnis
1220 1692 1388 1750 necessaria
1410 1707 1500 1767 prae·

141 1778 213 1836 cisio
234 1778 343 1855 sperari
366 1784 472 1852 potest
517 1777 701 1837 Documento
727 1776 811 1835 nobis
835 1792 900 1835 esse
922 1784 1046 1851 possunt
1068 1776 1290 1837 observationes
1311 1775 1498 1854 1111101111-

141 1865 203 1923 tani
232 1863 318 1923 aliae.
364 1864 397 1925 Si
419 1863 479 1923 fixa
501 1863 661 1925 meridiano
683 1865 723 1924 sit
744 1863 857 1936 vicina,
887 1860 955 1924 laxe
977 1864 1088 1940 arguit,
1118 1866 1144 1923 si
1166 1863 1327 1939 horizonti,
1358 1864 1497 1925 1111111110

141 1951 246 2017 riuum
269 1950 353 2012 offert
375 1951 559 2024 minutulum,
582 1951 635 2012 aad
659 1949 739 2028 quod
760 1954 790 2007 in
809 1950 868 2009 bae
890 1949 1027 2010 methodo
1049 1950 1165 2011 luamus
1188 1968 1294 2027 magno
1317 1950 1438 2011 damno.

246 2039 296 2099 26.
335 2035 412 2113 Quid
441 2039 519 2115 qnod
549 2038 671 2099 fixarum
698 2039 766 2097 loca
786 2036 1023 2114 Regiomoutano
1051 2037 1180 2097 nondum
1203 2046 1286 2100 erant
1307 2040 1498 2101 exactissime

140 2126 281 2202 cognita?
310 2123 388 2201 Quid
412 2125 492 2202 qnod
513 2124 628 2201 radius,
652 2128 874 2186 instrumentum
896 2124 1138 2201 Regiomontani,
1162 2142 1220 2186 non
1242 2126 1498 2205 expeditissimum

142 2216 217 2273 inter
238 2214 337 2274 omnia
359 2215 550 2273 instrumenta
572 2215 618 2274 sni
641 2213 762 2290 praebet
784 2211 895 2272 usum?
923 2210 1046 2288 Quoties
1068 2214 1290 2275 observationes
1311 2212 1498 2290 1011101101-

140 2302 202 2361 1111
224 2317 278 2360 111
301 2302 331 2359 11
352 2317 413 2361 ram
434 2308 618 2377 praesentem
640 2300 791 2361 adducunt
812 2300 895 2361 radio
917 2300 1078 2376 peractae?

245 2390 296 2447 27.
327 2386 387 2447 Sed
408 2386 479 2464 quid
502 2405 557 2464 ego
579 2387 663 2462 baec,
688 2404 754 2448 oum
775 2385 928 2463 problema
949 2386 1032 2448 radio
1054 2386 1151 2449 locnm
1172 2404 1232 2448 non
1248 2386 1324 2449 det?
1346 2389 1409 2451 imo
1426 2406 1498 2451 raro

141 2472 242 2551 quidni
272 2473 309 2534 de
337 2474 420 2536 radio
446 2475 573 2552 querani
607 2492 674 2535 oum
697 2474 964 2551 Regiomontanum
987 2476 1083 2553 ipsum
1106 2473 1304 2536 audiverimus
1328 2484 1498 2551 testantem,

140 2560 218 2638 quod
242 2560 452 2623 demonstratio
474 2564 584 2623 nitatur
606 2563 769 2623 observatis
789 2560 874 2634 radit,
898 2579 957 2639 quo
978 2562 1087 2623 indicio
1108 2562 1357 2623 commonaiaotus
1380 2562 1497 2642 Tyrho,

139 2648 233 2709 Tomo
255 2647 296 2707 II.
317 2648 477 2727 Prngymu.
499 2647 550 2710 101.
578 2652 649 2711 itt.
673 2652 801 2723 censuit,
832 2648 1114 2726 Regiomontannm,
1137 2649 1265 2709 diffisum
1287 2650 1428 2711 methodo
1450 2653 1497 2711 sni

140 2736 344 2813 problematis,
373 2735 462 2797 aliam
485 2754 537 2813 per
560 2736 730 2797 distantiam
752 2754 771 2796 a
793 2735 850 2796 fixa
872 2745 1005 2798 secutum
1027 2754 1109 2810 esse,
1132 2754 1227 2813 quam.
1244 2746 1342 2798 tamen
1364 2740 1499 2814 quaritur

139 2840 198 2884 non
226 2823 381 2883 sufficienti
410 2823 584 2885 certitudine
613 2832 751 2885 testatam
779 2823 866 2883 nobis
895 2841 959 2885 esse
988 2822 1133 2898 relictam,
1165 2824 1242 2885 banc
1272 2841 1391 2901 quoque
1422 2827 1499 2887 inter

140 2919 253 2971 ceteras
282 2926 401 2971 causam
431 2919 571 2988 tangens,
603 2927 654 2971 cnr
683 2911 752 2971 buin
781 2913 995 2974 asseverationi
1024 2910 1251 2988 Regiomontani
1281 2910 1319 2973 de
1347 2912 1497 2989 parallaxt

141 3005 272 3058 cometae
294 3014 347 3058 sex
367 2997 510 3073 graduum
532 2997 622 3060 fidere
643 3015 702 3059 non
724 2999 827 3075 possit.

245 3084 295 3144 18.
326 3083 444 3160 Videat,
467 3088 519 3162 qni
541 3089 656 3162 copiam
678 3086 770 3146 babet
791 3084 994 3163 descriptionis
1018 3088 1147 3162 integrae
1163 3085 1401 3163 Regiomontani,
1424 3105 1496 3149 num

141 3173 229 3232 etiam
251 3171 382 3249 legitima
404 3176 443 3233 sit
465 3173 600 3234 collectio
622 3182 718 3234 motus
732 3175 851 3249 proprii,
876 3175 927 3249 qui
941 3173 1020 3233 boris
1034 3172 1200 3249 interlapsis
1215 3173 1381 3252 respondet.
1419 3176 1497 3239 liam

142 3260 211 3335 quia
235 3258 328 3321 diurni
353 3270 436 3321 erant
458 3260 697 3337 inaequalissimi,
721 3261 805 3338 primi
828 3278 869 3321 so.
885 3269 915 3320 11
928 3260 1023 3320 ultimi
1038 3278 1113 3338 pene
1129 3260 1212 3333 111111,
1234 3260 1349 3321 medius
1364 3263 1497 3339 quadra·

140 3349 223 3422 ginta
245 3347 403 3423 graduum:
426 3365 462 3407 ex
485 3364 521 3408 eo
544 3355 675 3425 apparot,
699 3350 788 3409 etiam
809 3346 941 3407 horarios
964 3350 1051 3408 nnius
1073 3347 1133 3408 diei
1154 3347 1191 3408 ds
1211 3346 1313 3409 eadem
1327 3351 1496 3413 intensione

142 3440 289 3494 crescente
309 3443 340 3494 et
362 3436 390 3493 in
413 3434 531 3512 singula
553 3444 701 3495 momenta
722 3434 827 3510 majori
849 3437 1049 3512 participasse.
1086 3434 1170 3496 Haec
1188 3437 1326 3511 igiturex
1343 3435 1495 3514 'l'ycbonis

140 3520 231 3582 latere
254 3530 378 3597 possunt
401 3523 505 3596 atiani,
527 3530 560 3581 nt
581 3530 704 3596 constet,
726 3521 898 3599 nycaenam
916 3523 983 3598 jure
1006 3522 1158 3583 dubitasse
1180 3520 1217 3583 de
1239 3523 1418 3600 perteonme
1441 3524 1496 3587 ds·

139 3609 368 3682 monstrationis,
392 3627 480 3686 qnam
502 3608 754 3687 Regiomontanus
773 3610 913 3686 jactavit,
937 3627 997 3686 qua
1019 3617 1163 3670 cometam
1184 3618 1269 3671 sexta
1290 3607 1388 3671 solnm
1410 3621 1496 3690 parts

140 3694 252 3757 lunaris
273 3696 421 3756 intervalli
443 3716 462 3757 a
484 3695 582 3759 Terris
605 3697 737 3760 dimovit.

247 3784 297 3843 29.
328 3781 443 3859 Quibus
465 3801 521 3860 ego
540 3785 612 3859 jam,
637 3784 717 3861 qnod
740 3792 967 3845 consentaneum
983 3792 1028 3845 est
1042 3784 1250 3863 superioribus,
1273 3785 1363 3845 etiarn
1377 3803 1497 3849 samaa

140 3878 224 3948 parte
245 3869 302 3930 boc
324 3869 447 3945 adjicio:
471 3871 569 3948 posita
592 3872 762 3947 traiectione
785 3880 917 3933 cometas
938 3871 1089 3949 aequabili
1110 3870 1274 3945 rectilinea,
1296 3876 1496 3935 neomsanum

139 3956 212 4032 fleri,
236 3966 269 4017 ut
290 3965 405 4019 cometa
427 3958 496 4036 (etsi
518 3958 713 4020 concedamus
735 3962 832 4037 ipsum
853 3960 985 4037 proxime
1000 3958 1120 4019 'l'errsrn
1142 3961 1260 4021 venisse
1283 3958 1496 4023 indurationis

139 4044 251 4121 medio)
274 4052 405 4122 ternpore
427 4053 524 4108 tamen
547 4046 631 4120 initii,
655 4045 774 4123 qnando
794 4047 1045 4123 Regiomontanus
1067 4049 1097 4105 in
1119 4045 1184 4121 ejus
1202 4045 1372 4124 'parallaxss
1395 4051 1497 4125 inqui·

139 4136 225 4207 sivit,
258 4134 288 4192 in
317 4132 461 4209 profundo
491 4134 608 4194 aethere
639 4134 734 4194 luerit.
779 4135 814 4194 ld
837 4137 880 4194 111
902 4134 1077 4195 demonstro.
1123 4133 1215 4193 Visus
1238 4142 1324 4195 esta
1350 4136 1496 4199 111111

50 4280 57 4291 ,
139 4237 234 4298 nsque
256 4222 286 4279 in
307 4219 395 4281 duem
416 4221 570 4283 Februarii
591 4238 642 4297 per
666 4221 728 4281 dies
752 4225 812 4296 ⁴⁷3
841 4221 888 4281 die
912 4224 963 4282 to.
987 4221 1057 4282 lau.
1085 4218 1242 4281 latitudine
1259 4221 1323 4297 jorn
1345 4225 1498 4300 aequabat

140 4309 288 4369 sinistrum
310 4306 464 4369 humerum
484 4308 605 4383 Bootis,
637 4316 669 4368 ut
690 4316 773 4385 patet
795 4326 830 4369 ex
853 4310 1074 4383 observatione,
1106 4325 1182 4384 quae
1205 4316 1250 4369 est
1272 4310 1301 4369 in
1325 4308 1496 4387 Torquatos

140 4411 231 4471 quare
256 4402 325 4472 post
352 4395 473 4455 biduum
501 4397 614 4457 circiter
644 4404 696 4457 ant
722 4413 868 4459 summum
889 4406 958 4475 post
979 4396 1107 4456 triduum
1129 4398 1263 4473 pervenit
1285 4393 1324 4457 ad
1346 4399 1498 4463 sinistram

142 4480 212 4541 idoli
235 4499 362 4543 manum.
408 4483 486 4543 Inda
508 4501 579 4544 vero
601 4483 767 4560 1111111111,
798 4487 895 4561 inquit
915 4484 1184 4560 Regiomontanus,
1211 4484 1339 4562 confecit
1358 4503 1427 4549 aas
1446 4485 1499 4549 dis

139 4562 197 4627 40ο
220 4570 327 4630 arcad
348 4574 464 4648 meent.
501 4571 604 4633 1111111
624 4570 681 4633 boc
701 4579 771 4649 post
792 4571 856 4633 dies
882 4574 921 4633 10
945 4569 992 4633 die
1017 4573 1067 4632 13.
1091 4569 1237 4635 Jannarii.
1275 4570 1413 4651 Tangam
1437 4568 1498 4637 10ο
