3284 5520
144 354 209 422 258
650 350 786 421 'lbcbouis
805 351 1016 422 Hypercspistes

147 533 265 613 spicae,
286 532 388 593 scribit
412 531 471 605 ille,
495 532 588 592 donec
606 534 803 609 pervenitad
819 537 997 608 Arcturum,
1021 531 1126 591 ductus
1141 528 1244 591 eadem
1259 530 1433 607 conjectura
1446 547 1505 607 qus

145 630 174 681 et
197 639 252 698 ego
274 638 371 697 supra.

251 710 300 768 53.
339 706 469 781 Octavo,
503 709 545 765 sic
572 717 676 766 sonant
709 710 812 768 uerba:
846 710 895 767 Aa
922 709 1022 768 eattae
1047 707 1110 767 Geli
1136 724 1233 783 usque
1259 709 1410 782 pervenit
1457 703 1505 765 Ibi

144 799 372 873 superueniente
396 795 463 855 Sole
486 795 650 855 occultatas
672 804 722 853 est.
760 794 820 855 Sed
843 797 913 872 quia
936 795 1021 857 aliter
1040 803 1145 854 sonant
1160 795 1250 855 verba
1264 793 1503 871 Regiomoutuui,

145 901 249 944 censeo
273 883 402 960 crugero
424 882 546 942 etmihi
568 881 746 941 manendum
768 886 797 942 in
822 886 997 943 sententia·

251 973 300 1029 54.
333 971 427 1043 Nono,
452 987 545 1029 enrrus
564 972 655 1027 1471.
680 971 780 1030 multis
805 970 1022 1030 characteribus
1046 969 1247 1043 confirmatum
1271 986 1312 1028 sc.
1332 969 1414 1047 quod
1428 985 1504 1028 enno

144 1058 330 1135 praecedenti
355 1062 404 1115 27.
421 1057 595 1117 Novembris
618 1058 704 1116 luerit
727 1057 844 1135 eclipsis
860 1058 962 1118 Lunae
985 1060 1014 1114 iu
1032 1055 1173 1131 Geminis,
1197 1058 1297 1133 ibique
1319 1055 1412 1133 paulo
1436 1065 1504 1115 autc

145 1146 293 1222 conjuncti
317 1145 461 1204 Setunrus
484 1153 514 1203 et
536 1144 625 1218 Mers,
650 1144 729 1220 quod
753 1145 840 1204 luerit
860 1163 955 1205 00000
980 1147 1030 1203 31.
1055 1147 1169 1222 imperii
1191 1144 1332 1204 Friderici
1354 1144 1412 1202 lll.

251 1233 301 1291 55.
331 1232 454 1292 Decima
478 1232 603 1291 ellirmat
627 1233 738 1291 llberus
762 1233 877 1306 diserte,
901 1234 978 1291 huuc
1003 1230 1128 1291 eundem
1151 1249 1225 1304 esee,
1248 1249 1336 1307 00010
1351 1230 1505 1290 Pontanus

145 1321 330 1397 descripserit
352 1321 378 1377 ia
403 1318 542 1378 Meteoris
565 1321 691 1378 carmine
715 1329 744 1379 et
766 1321 796 1377 in
818 1319 1034 1380 Commentario
1056 1337 1144 1397 super
1159 1318 1377 1395 Gentiloqurum
1400 1318 1504 1378 Ptole-

21 1422 24 1429 ·
144 1410 219 1469 0001
251 1411 383 1466 oratioue
411 1407 509 1466 soluta
532 1403 599 1487 (iol.
625 1402 715 1488 230).
760 1407 794 1465 10
825 1410 913 1466 etiam
943 1425 978 1466 ex
1008 1406 1111 1466 iisdem
1141 1408 1367 1466 circumstantiis
1397 1409 1504 1466 statio-

144 1493 743 1568 000180101οἰ01110010,οΡ001000
774 1494 897 1565 additis,
930 1494 1029 1571 colligi
1053 1497 1158 1571 potuit.
1203 1494 1278 1554 Nam
1300 1513 1320 1553 u
1341 1493 1504 1553 Novembri

144 1587 213 1643 auci
239 1576 333 1641 1571.
358 1584 386 1639 10
411 1582 601 1641 Februarium
625 1583 693 1641 anai
717 1584 866 1657 sequentis
882 1582 1007 1641 Martem
1030 1592 1110 1641 motu
1133 1580 1300 1658 retrogrado
1325 1584 1405 1642 eirca
1427 1581 1504 1642 idem

144 1670 262 1731 Saturni
285 1668 366 1729 sidus
390 1671 526 1729 oberrare
549 1679 776 1729 cousentaneum
801 1680 845 1728 est
868 1672 1074 1729 astronomiae.

250 1759 300 1816 56.
334 1754 494 1819 Undecimo
518 1765 636 1816 notetur
659 1758 762 1831 obiter,
786 1756 865 1832 quod
888 1757 1000 1816 liberas
1024 1774 1118 1816 errare
1142 1759 1171 1814 in
1193 1773 1271 1816 anuo
1287 1773 1346 1815 nou
1362 1758 1502 1833 potuerit,

142 1862 208 1905 curu
237 1844 346 1921 alleget
374 1847 513 1920 scriptum
536 1843 690 1919 cujusdam
714 1844 870 1904 Gurceusis
895 1843 930 1904 de
954 1844 1058 1905 eodem
1081 1852 1212 1918 cometa,
1242 1846 1294 1920 qui
1315 1842 1505 1903 latitudinem

143 1933 248 2007 eapitis
271 1930 431 2006 prodiderit
454 1933 493 1991 26
517 1931 654 1991 milliaria
676 1933 858 2006 germanica,
884 1930 995 1991 caudae
1020 1933 1075 2005 81,
1106 1930 1318 2008 longitudinem
1341 1947 1413 1991 vero
1435 1931 1504 2009 plus

143 2036 231 2094 quum
255 2019 340 2077 4000
363 2016 538 2078 milliarium.

251 2106 303 2165 57.
334 2105 526 2180 Duodecimo,
550 2105 587 2164 ed
611 2109 772 2181 marginem
794 2108 951 2165 annotavit
965 2103 1121 2178 Miealdus,
1145 2122 1177 2164 se
1199 2122 1289 2181 supra
1310 2103 1390 2164 bunc
1407 2107 1504 2182 ipsum

143 2203 288 2253 cometam
317 2210 353 2252 ex
376 2192 511 2270 Zieglero
536 2193 737 2270 descripsisse,
767 2202 839 2268 puta
862 2193 911 2252 iol.
937 2194 986 2252 95.
1033 2192 1131 2269 Atque
1152 2192 1210 2251 boc
1233 2199 1289 2264 est,
1322 2191 1502 2268 0000001-

144 2281 237 2341 danus
258 2283 386 2353 monuit,
411 2281 571 2340 ldisaldum
595 2280 631 2340 de
655 2297 731 2341 euno
755 2282 812 2340 sibi
835 2299 893 2339 uon
917 2290 1060 2340 constare.
1106 2278 1202 2357 Supra
1225 2281 1301 2339 euim
1325 2279 1424 2340 verbis
1449 2297 1504 2339 ex·

142 2371 251 2446 pressis
280 2385 388 2428 annum
415 2371 496 2426 1475
526 2371 697 2444 scripserat,
729 2385 822 2444 eaque
853 2368 1013 2428 01100101.
1039 2368 1111 2426 059.
1141 2370 1344 2438 1010100000,
1378 2369 1502 2426 cometis

143 2457 315 2534 insignitos,
344 2455 467 2514 relatum
496 2473 561 2516 esse
583 2464 655 2534 puto
679 2457 767 2516 ctiam
793 2457 889 2528 1475,
921 2458 977 2515 etsi
999 2453 1155 2531 legendum
1179 2458 1231 2513 erit
1253 2455 1379 2512 tortasse
1407 2456 1501 2514 1477.

249 2548 298 2602 58.
336 2541 508 2602 Tredecimo
540 2545 617 2602 euim
646 2545 675 2599 10
707 2542 809 2602 eodem
840 2544 925 2601 Eberi
959 2541 1094 2619 catalogo
1123 2537 1190 2623 (101.
1215 2535 1294 2621 230)
1317 2539 1503 2601 describitur

66 2633 70 2639 '
143 2638 257 2689 cometa
283 2629 333 2689 ille
362 2632 431 2689 anni
458 2634 551 2689 1477.
581 2631 720 2706 subniger
747 2647 842 2705 00000
874 2630 1007 2689 diversus
1036 2630 1075 2688 ab
1103 2629 1155 2687 illo
1179 2628 1418 2706 Regiomoutaui.
1465 2627 1502 2688 Et

143 2717 328 2777 confirmetur
350 2735 445 2777 annus
468 2717 557 2778 caede
582 2717 680 2777 Caroli
703 2716 865 2793 Burgundi.

248 2806 298 2863 59.
336 2805 574 2881 Decimoquerto,
600 2804 748 2864 Miuuldus
770 2808 833 2880 ipse
857 2807 886 2861 10
909 2805 1040 2863 auctario
1064 2802 1152 2878 hujus
1175 2801 1303 2879 catalogi
1326 2798 1395 2886 (101
1419 2799 1501 2884 241)

26 2914 30 2923 ·
141 2893 248 2952 reverti
269 2909 300 2951 se
324 2895 365 2951 ait
387 2892 424 2951 ad
448 2901 592 2951 cometam
616 2893 703 2951 liberi
726 2909 874 2968 magnum,
898 2890 1023 2967 0010000
1047 2889 1186 2950 adscribit
1208 2888 1246 2949 00
1267 2907 1379 2949 aunum
1406 2894 1500 2951 14711.

142 2997 177 3038 ex
201 2978 327 3038 Matthia
342 2978 489 3039 Palmerio
505 2979 623 3053 Pisano,
647 2982 698 3055 qui
721 2997 786 3038 eum
810 2981 949 3055 perticam
971 2977 1140 3054 appellavit,
1165 2976 1378 3054 confirmatque
1391 2996 1500 3041 anuum

142 3067 296 3126 eventibus
320 3068 492 3126 subsecutis.

248 3159 298 3212 00.
330 3152 532 3228 Quindecimo,
556 3162 626 3212 nota
650 3154 753 3226 obiter,
777 3152 856 3228 0000
879 3152 988 3212 ibidem
1011 3152 1168 3228 (101421)
1192 3152 1499 3213 0000001100001501

141 3240 367 3316 Regiomontani
399 3253 513 3302 cometa
542 3241 579 3299 ad
609 3258 716 3300 annum
750 3242 842 3300 1491.
874 3241 1045 3300 exscribitur
1073 3240 1150 3299 01100
1180 3240 1355 3315 principium
1382 3241 1439 3316 Υ;
1471 3239 1498 3298 10

141 3328 250 3387 sactum
273 3330 442 3401 oscitantia,
473 3346 530 3387 000
554 3337 621 3386 0001
645 3332 720 3388 enim
744 3328 988 3404 Regiomontuai‚
1012 3325 1064 3386 sed
1087 3325 1233 3387 Waltheri
1255 3329 1291 3385 iis
1314 3328 1497 3404 conjunctae,

142 3432 201 3491 000
225 3425 354 3494 tempore
378 3417 630 3492 Regiomoutanus
653 3418 691 3475 ab
715 3417 799 3475 00010
827 3418 864 3473 15
888 3417 1070 3475 interrivos
1093 3431 1157 3474 esse
1181 3413 1314 3473 desierat.

247 3505 296 3562 01.
336 3503 555 3576 Seutodecimo,
587 3502 684 3563 adbuc
711 3522 746 3563 ex
768 3502 819 3562 iol.
846 3509 894 3562 95.
927 3503 1082 3577 verbisque
1104 3501 1331 3577 Regiomontani
1358 3501 1445 3562 lubet
1470 3511 1497 3560 et

142 3590 198 3647 ista
226 3591 407 3650 adscribere:
440 3596 465 3649 A
490 3591 586 3649 Libra
608 3595 643 3648 s'n
666 3593 798 3649 Arietem
822 3599 877 3649 etc.
923 3590 964 3648 Et
989 3589 1155 3648 seeundum
1182 3595 1332 3648 naturam
1360 3589 1419 3648 eibi
1441 3588 1498 3647 ad-

141 3676 329 3736 scribendam
353 3673 441 3758 (puta
463 3673 636 3758 coelestem)
664 3687 781 3737 motam
811 3681 1000 3737 continuasse
1028 3677 1165 3749 debebat,
1197 3676 1291 3735 donee
1312 3679 1427 3735 11011101
1448 3694 1497 3735 re-

141 3781 244 3822 versas
265 3767 300 3822 in
315 3764 441 3824 Libram
466 3766 667 3840 apparuisset,
691 3774 720 3825 et
731 3767 839 3842 forsan
854 3766 955 3823 taliter
969 3773 1069 3825 motus
1080 3765 1152 3841 fait,
1176 3767 1323 3839 quoniam
1339 3766 1376 3823 in
1389 3781 1499 3824 0000111

140 3848 277 3930 (beliaco)
299 3870 432 3927 magnae
453 3853 553 3911 adbuc
575 3861 642 3912 erat
664 3856 860 3929 quantitatis:
883 3861 986 3910 tamen
1006 3859 1133 3927 propter
1152 3851 1286 3926 siparum
1318 3850 1498 3928 (configura-

143 3935 263 4017 tionem)
292 3942 357 4005 eias
384 3940 425 3998 ud
453 3940 568 4015 Solem,
604 3949 631 3998 et
660 3944 794 3999 maxime
822 3943 855 3997 in
883 3941 981 4016 plapis
1010 3937 1187 4017 rTerrarum)
1214 3938 1500 4014 septentrionalibus

142 4043 232 4102 aepre
253 4031 287 4085 in
307 4027 367 4102 piae
389 4030 593 4103 apparitionis
615 4045 689 4086 suae
708 4028 805 4086 uideri
818 4034 947 4102 poterat,
969 4030 1031 4085 niei
1045 4025 1202 4084 meridiem
1218 4022 1371 4104 (Africam)
1395 4043 1504 4101 0001110.

139 4115 174 4170 in
197 4113 300 4172 diebus
323 4115 448 4189 Aprilis,
471 4119 497 4174 si
518 4122 620 4174 metae
641 4119 690 4175 sai
711 4115 941 4191 reputaritatem
964 4121 1116 4173 servasset.

619 4302 1012 4388 mmmmm

246 4467 273 4522 1.
306 4463 409 4522 Finem
432 4465 540 4524 instare
562 4462 672 4524 laboris
695 4464 784 4540 hujus
808 4462 931 4524 iulelicis
955 4471 985 4524 et
1005 4461 1112 4522 sterilis
1128 4465 1241 4523 eminus
1256 4464 1368 4538 sentio;
1391 4462 1501 4524 Clara-

141 4551 267 4610 montins
291 4552 367 4610 enim
391 4554 486 4627 magis
508 4553 662 4627 magisque
684 4553 799 4627 prolicit
823 4554 851 4608 10
874 4551 972 4628 pejus:
997 4553 1082 4609 morti
1104 4552 1228 4626 proximi
1249 4549 1372 4610 delirare
1387 4551 1501 4613 001001.

139 4634 258 4697 Utinam
287 4655 358 4698 vero
387 4656 497 4698 errores
525 4638 613 4714 bujas
644 4642 748 4716 capitis
778 4640 937 4714 turpissimi
969 4638 1089 4717 praefixi
1120 4647 1217 4697 essent
1244 4641 1275 4696 iu
1302 4637 1389 4697 titulo
1412 4639 1501 4715 115110

140 4742 225 4783 neruo
249 4744 286 4784 ex
308 4726 468 4784 lectoribus
482 4727 576 4797 luerit,
601 4728 651 4802 qui
666 4727 872 4787 refutationem
889 4726 979 4785 aliam
993 4728 1130 4801 10001101,
1153 4728 1242 4801 quive
1257 4725 1407 4786 bominem
1421 4726 1502 4788 adeo

138 4813 293 4873 manifeste
314 4815 506 4879 insanientem
527 4814 702 4875 reluatioue
724 4813 844 4890 dignum
866 4820 994 4875 censeat
