3284 5520
216 323 281 393 768
562 324 595 380 14
614 324 732 381 Sleidani
749 325 847 381 libmrn
866 324 901 383 dc
918 331 1037 394 quatuor
1053 324 1221 382 Monarchils

216 505 310 582 prima
332 503 498 575 civitatum,
530 502 664 576 condita,
694 500 746 561 sed
770 502 856 562 turris
878 508 991 561 tantum
1015 503 1153 563 inchoata
1175 511 1250 564 erat.
1294 501 1474 563 Secundum
1493 521 1574 581 argn-

216 600 360 650 mentum:
385 589 500 650 luerunt
522 608 599 650 anno
626 596 695 649 100.
712 590 846 649 homines
869 606 936 662 una,
961 599 1044 650 erant
1066 608 1167 650 omnes
1190 602 1290 666 patrea
1312 593 1494 668 superstites
1508 593 1574 651 etin

216 685 390 753 conspectu:
415 680 480 752 quis
504 679 616 752 credat,
641 676 772 753 nepotuli
796 677 942 754 tyrannidi
966 676 1063 736 locum
1085 677 1199 736 inisse?
1233 673 1271 760 3)
1294 679 1392 737 Erant
1414 681 1505 754 pauci
1526 679 1574 736 ad·

215 764 334 824 modum
356 763 498 836 homines,
521 781 577 825 neo
598 773 720 836 tantum,
745 766 794 840 qui
814 765 927 839 justum
951 766 1104 840 imperium
1127 767 1351 827 constituerent.
1392 765 1508 824 Verum
1523 767 1573 825 Re-

215 869 312 911 rosum
335 860 365 910 et
380 851 597 925 Manethonem,
621 851 758 910 Sleidano
782 850 870 926 hujus
890 854 1054 911 eontentiae
1069 858 1212 924 auctores,
1236 852 1290 912 sed
1306 851 1397 912 fictos
1413 869 1472 912 nee
1487 854 1575 929 majo·

216 958 275 1000 rom
300 945 362 1000 800
386 955 528 998 annorum
551 948 677 999 aetatem
701 940 834 1012 serentes,
858 938 1005 998 Mercator
1027 942 1056 996 in
1079 938 1278 1015 chronologia
1300 941 1426 1000 refutat.

237 1102 239 1107 ,
321 1026 473 1086 Sententia
495 1029 622 1086 auctoris
645 1035 704 1101 est,
735 1026 815 1084 solos
839 1026 1006 1085 Chaldaeos
1029 1029 1129 1085 turrim
1152 1026 1371 1104 Babylonieam
1394 1026 1575 1087 aedificasse

216 1115 308 1189 Atqui
331 1114 473 1173 hactenns
496 1115 661 1189 probatum,
686 1115 855 1172 universum
878 1130 971 1190 genus
993 1114 1152 1172 humanum
1175 1113 1231 1173 hoc
1251 1115 1374 1189 lecisse3
1399 1115 1480 1174 alias
1492 1131 1576 1174 causa

216 1203 312 1279 coepti
336 1200 449 1260 consilii
474 1219 543 1261 vers
559 1212 603 1260 est
617 1210 647 1261 et
664 1203 756 1278 petita
771 1218 806 1259 ex
824 1199 898 1260 Gen.
918 1207 966 1261 11.
1004 1199 1154 1277 Josephns
1168 1200 1290 1260 alteram
1307 1202 1405 1274 addit,
1432 1219 1476 1263 sc.
1493 1203 1575 1262 inisse

218 1296 395 1348 contemtum
419 1288 475 1347 Dei
499 1289 527 1345 in
551 1288 609 1348 iliis
632 1298 662 1348 et
683 1289 881 1361 existimasse,
911 1305 943 1347 44
972 1287 1114 1347 altissima
1139 1290 1209 1347 turri
1232 1296 1336 1348 contra
1360 1289 1481 1348 diluvia
1504 1297 1574 1348 tutos

217 1377 286 1435 iore.
327 1376 368 1434 Ea
391 1375 513 1435 historic
535 1375 653 1436 tabulae
668 1378 820 1452 gigantum
836 1377 986 1434 materiam
1002 1376 1146 1451 praebuit.
1183 1375 1336 1454 «Iosephus
1352 1376 1499 1436 historiae
1514 1376 1573 1435 lio-

215 1462 423 1522 aaicae⁸lidem
445 1463 514 1522 14410
537 1465 634 1523 citatis
656 1465 829 1522 testimoniis
851 1461 964 1538 aliquot
988 1463 1173 1539 profanorum
1199 1463 1420 1538 historicorum,
1446 1466 1498 1541 qni
1525 1480 1571 1523 mo

216 1558 346 1629 ternpore
369 1551 511 1626 probatae
534 1560 563 1610 et
586 1559 723 1627 acceptae
745 1549 813 1608 fldei
836 1558 928 1610 erant.

319 1636 480 1697 Sleidan
491 1655 548 1696 us:
572 1637 658 1697 Duce
675 1635 824 1697 Nimrodo
853 1644 1015 1713 coeperunt
1029 1637 1136 1696 urbem
1151 1635 1311 1713 aedificare
1327 1641 1479 1714 incoque
1492 1656 1569 1697 rum·

214 1743 284 1783 mae
306 1728 419 1784 turrim
442 1724 623 1784 altitudinis.
669 1722 742 1784 Gen.
770 1730 819 1783 11.
846 1723 887 1781 nil
911 1724 979 1783 0414.
1024 1723 1073 1783 Sic
1095 1741 1216 1801 nempe:
1249 1725 1418 1800 „Dixitque
1442 1724 1569 1785 altered

215 1814 377 1890 proximum
400 1829 494 1882 snum,
519 1813 634 1871 venite“
651 1821 705 1871 etc
743 1810 805 1871 Nec
828 1810 975 1883 credibile,
999 1812 1155 1871 tacitumm
1177 1811 1233 1870 hoo
1248 1814 1340 1872 inissa
1356 1812 1477 1872 ldosen.
1507 1812 1568 1871 bia·

214 1901 317 1959 teriam
345 1899 402 1958 hoc
432 1916 506 1975 opus
536 1898 726 1958 arithmeticis
750 1899 886 1973 praebuit
907 1898 1081 1974 quaerendi,
1112 1915 1170 1974 quo
1193 1907 1281 1974 pacto
1304 1915 1418 1976 operae
1444 1900 1570 1959 distribui

215 1989 370 2064 potuerint,
394 1988 491 2062 posito
515 1984 594 2062 quod
619 1988 659 2045 40
683 1986 795 2044 dierum
817 1987 871 2044 iter
893 1987 1021 2061 patuerit
1043 1987 1071 2043 in
1094 2002 1267 2064 ascensum,
1297 1997 1331 2045 ut
1353 2005 1411 2046 uec
1435 1989 1569 2046 materiae

215 2073 306 2133 labris
329 2075 357 2130 in
383 2076 499 2145 vertice,
523 2090 577 2132 nec
601 2075 696 2132 victus
720 2072 827 2147 baiulis
850 2072 975 2132 deesset.
1014 2072 1147 2132 Duorum
1170 2076 1246 2132 enim
1270 2072 1397 2132 alterum
1422 2076 1507 2150 sequi
1528 2075 1570 2132 ri·

216 2159 299 2220 detur
320 2172 439 2220 4444444
463 2177 537 2234 4444,
561 2169 593 2219 40
614 2167 666 2219 ant
687 2159 777 2218 labris
801 2176 853 2236 per
876 2165 915 2219 40
942 2161 1004 2219 dies
1029 2160 1192 2220 vsmndnm
1215 2169 1245 2219 40
1267 2161 1459 2220 esuriendum
1481 2162 1568 2232 luerit,

217 2246 309 2307 donee
340 2247 432 2323 bajuli
455 2266 474 2306 a
495 2246 593 2306 radice
615 2249 646 2304 in
669 2248 807 2305 verticem
830 2248 977 2318 venirent,
1010 2255 1062 2307 cut
1092 2247 1184 2323 bajuli
1206 2264 1238 2306 44
1261 2257 1365 2307 mutuo
1390 2249 1570 2325 impedierint

215 2338 245 2394 in
269 2344 394 2411 angusto
417 2333 515 2409 aditn;
544 2351 600 2395 444
629 2334 793 2394 aedificium
824 2341 868 2392 040
891 2333 1008 2410 bajulos
1031 2338 1152 2410 ceperit,
1182 2337 1232 2410 qni
1256 2337 1413 2395 materiam
1436 2334 1523 2394 simul
1544 2343 1570 2394 et

215 2423 324 2482 victum
347 2424 376 2480 in
400 2421 463 2481 dies
487 2429 527 2481 40
544 2428 668 2499 portent
707 2421 920 2497 Respondctur,
945 2420 1175 2481 distribuendum
1198 2420 1364 2481 aedificium
1382 2425 1415 2480 iu
1444 2429 1485 2482 40
1510 2430 1568 2481 404-

217 2512 320 2582 tiones,
344 2526 467 2585 quarnm
490 2508 639 2585 quaelibet
662 2510 747 2567 unius
772 2509 829 2567 diei
852 2511 949 2584 spatio
971 2526 1086 2566 sursum
1107 2508 1241 2567 deomnm
1258 2509 1367 2568 4441141
1377 2513 1484 2585 possit,
1507 2510 1569 2586 qni·

216 2614 272 2672 que
304 2606 456 2655 versantur
485 2598 513 2653 in
542 2594 1289 2669 444404044404441444,444(14044414411444
1312 2597 1491 2670 ascendere,
1522 2595 1570 2655 sed

139 2732 146 2743 .
216 2700 330 2760 semper
353 2683 428 2742 ultro
452 2686 582 2759 citroque
604 2700 775 2743 commeare.
813 2680 847 2740 ln
871 2687 980 2743 vertice
1003 2682 1109 2742 debers
1124 2685 1317 2759 paucissimos
1333 2701 1399 2743 esse
1415 2686 1569 2763 operarios,

216 2773 245 2829 in
268 2770 451 2831 inferioribus
474 2771 650 2831 stationibus
672 2770 796 2829 subinde
818 2770 927 2846 plures,
951 2779 983 2829 ut
1005 2788 1119 2846 semper
1142 2771 1258 2829 inferior
1281 2770 1353 2829 ordo
1376 2773 1571 2831 4014041440

218 2857 326 2934 bajulis
359 2860 468 2917 victum
499 2865 529 2917 et
558 2860 708 2917 materiam
732 2865 876 2934 apportet
922 2857 999 2916 Hinc
1022 2873 1080 2914 non
1104 2857 1210 2932 injuria
1230 2857 1414 2918 Meibomius
1438 2876 1474 2918 ex
1498 2875 1570 2935 quo·

216 2944 283 3004 darn
307 2943 402 3023 Glyco
423 2945 532 3020 scribit,
556 2951 597 3006 40
622 2962 714 3005 44444
738 2954 906 3004 consumtos
928 2947 959 3002 in
982 2944 1200 3019 aedificatione,
1230 2948 1255 3005 si
1278 2945 1362 3006 Deus
1385 2958 1495 3024 operas
1517 2961 1572 3005 non

216 3033 374 3092 turbasset.

321 3119 552 3179 Sleidanns:
578 3116 773 3178 immemores
795 3120 862 3177 irae
884 3118 1017 3193 divinoe,
1042 3137 1121 3194 quoe
1142 3136 1242 3196 nuper
1263 3126 1361 3178 totum
1384 3120 1491 3179 orbem
1515 3128 1572 3179 ter·

216 3225 328 3269 rurum
351 3208 541 3282 absorpserot
558 3249 564 3263 .
582 3249 588 3263 .
606 3249 638 3266 ..
679 3205 818 3282 Offensus
842 3213 945 3265 numm
962 3206 1046 3265 Deru
1067 3209 1170 3266 irritos
1191 3208 1261 3282 fecit
1283 3207 1412 3265 illorum
1437 3216 1571 3280 44444044,

217 3296 397 3371 linpuurarm
420 3297 556 3353 immitto
578 3293 823 3365 conturbatione,
847 3311 916 3351 eum
937 3296 1026 3369 prius
1048 3311 1147 3352 unum
1167 3295 1273 3370 sabaei
1287 3300 1315 3352 et
1330 3295 1413 3353 idem
1429 3299 1573 3356 ceremonia

216 3400 312 3458 panus
334 3381 420 3459 apud
441 3398 555 3440 omnes.
599 3381 731 3455 Linguae
755 3397 857 3440 omnes
880 3398 913 3438 ex
937 3381 1063 3440 hebraea
1087 3383 1217 3439 oriuntur
1236 3389 1265 3439 et
1288 3381 1326 3439 ad
1350 3399 1419 3440 cam
1446 3385 1573 3442 referun-

218 3477 264 3529 tur
294 3468 407 3528 duebus
440 3468 670 3529 conditionibus:
713 3471 745 3542 1)
766 3485 813 3527 444
851 3470 879 3525 14
912 3467 979 3526 41114
1008 3468 1117 3544 linguis
1147 3470 1185 3527 ab
1218 3469 1277 3526 alia
1309 3472 1494 3545 proprietate
1525 3469 1574 3528 de·

217 3576 418 3645 nominentur,
442 3579 475 3631 ut
496 3589 601 3630 manus
624 3570 767 3630 Hebraeis
791 3578 844 3645 ¹1¹³,
880 3589 898 3630 a
925 3571 1078 3647 pendendo
1108 3588 1160 3630 seu
1190 3571 1335 3630 cidnendo
1368 3589 1406 3630 ex
1438 3590 1574 3649 corpore3

219 3661 341 3722 Graecis
364 3659 431 3718 inde
454 3667 499 3718 est
521 3681 620 3737 χρεια,
652 3681 727 3736 gerp,
751 3680 836 3738 χερος
859 3658 897 3717 40
920 3676 990 3737 usu,
1018 3659 1130 3717 Latinis
1152 3676 1171 3717 a
1193 3658 1336 3730 tenendo,
1360 3676 1501 3733 manere,
1524 3683 1574 3732 ps·

219 3768 289 3824 cerm
314 3748 468 3808 Germanis
490 3745 572 3815 0440
596 3747 633 3804 40
658 3746 769 3818 eodem,
794 3764 812 3804 a
835 3745 970 3805 tenendo.
1011 3746 1129 3821 Digitus
1155 3745 1264 3805 Latinis
1287 3764 1305 3805 a
1328 3746 1490 3821 tangendo,
1514 3752 1574 3824 04

218 3858 322 3915 yonam,
346 3834 469 3894 Graecis
493 3836 673 3901 0444411444
697 3840 787 3908 inan,
812 3833 946 3904 mordeo,
971 3851 1075 3909 44444,
1099 3834 1136 3891 40
1160 3850 1229 3907 usn;
1253 3832 1411 3892 Germanis
1435 3834 1573 3910 {tingere

219 3923 371 4000 capiendo.
406 3928 439 3991 2)
456 3920 504 3979 Sic
520 3920 643 3979 eundem
660 3928 780 3979 naturae
795 3919 972 3996 4444444410
988 3922 1072 3979 aliter
1087 3922 1249 3998 exprimunt
1263 3921 1369 3992 locum,
1394 3933 1500 3996 potum
1516 3920 1572 3980 ha·

218 4013 271 4069 tini
295 4011 432 4079 lambere,
456 4007 594 4067 Germani
608 4007 730 4081 11444444,
754 4007 843 4066 alium
860 4008 901 4065 illi
920 4007 1049 4080 stridere,
1074 4007 1212 4066 Germani
1227 4009 1309 4066 ticam
1324 4015 1379 4066 etc.
1413 4003 1450 4090 3)
1464 4008 1571 4068 Eadem

220 4116 289 4157 vero
312 4115 370 4156 vox
394 4095 536 4155 interdum
559 4103 672 4154 retenta
694 4104 812 4170 propter
834 4095 961 4154 inlicitas
984 4113 1089 4153 causas
1113 4096 1250 4166 variatur,
1275 4093 1378 4153 eadem
1395 4102 1572 4155 144444444-

218 4196 305 4246 44404
335 4186 462 4259 origine.
492 4184 650 4259 praecipua
678 4199 767 4241 44444
790 4192 834 4241 est
857 4184 919 4258 ipse
942 4184 1055 4240 animus
1079 4190 1108 4242 40
1132 4183 1278 4257 ingenium
1301 4181 1445 4256 hominis,
1476 4184 1571 4241 dnrins

217 4272 267 4331 vel
290 4271 406 4331 mollins
430 4287 481 4348 pro
505 4279 608 4328 natura
632 4269 724 4343 coeli,
747 4272 789 4327 ita
813 4286 918 4345 corpus
941 4277 970 4330 40
991 4268 1074 4327 14044
1095 4268 1248 4328 4400111444
1264 4268 1310 4328 vel
1326 4272 1490 4348 ineptiora,
1514 4281 1571 4330 tnm

218 4357 408 4431 consuetudo,
432 4359 702 4433 pronunciationem
726 4363 818 4415 ratam
841 4356 952 4415 habens
968 4364 1023 4416 404.
1061 4354 1101 4416 Ut
1116 4351 1156 4430 ὗς,
1180 4373 1239 4431 eus,
1263 4356 1349 4431 Gom,
1371 4381 1461 4433 auur,
1484 4361 1571 4432 canis,

218 4447 316 4526 bunb3
340 4446 430 4518 Anas,
455 4443 549 4519 dccc,
573 4446 675 4515 Anser,
699 4444 765 4503 ilai.

323 4532 420 4608 Quare
443 4531 505 4591 lieri
528 4537 633 4608 potnit,
657 4539 689 4589 40
712 4533 839 4591 turbatio
863 4534 891 4588 in
914 4532 1020 4590 animis
1043 4548 1143 4590 eornm
1159 4530 1309 4590 hominum
1325 4533 1472 4592 exstiterit
1487 4542 1572 4610 atque

219 4621 247 4677 in
269 4623 423 4691 memoria,
447 4635 512 4678 curn
536 4618 594 4677 illis
617 4619 696 4694 quod
719 4627 749 4678 ct
769 4619 857 4679 hodie
879 4619 965 4678 nobis
987 4619 1191 4678 festinantibus
1213 4616 1361 4692 acciderit,
1384 4637 1426 4680 44.
1452 4630 1483 4679 ui
1505 4638 1573 4698 pro·

218 4709 314 4782 prium
337 4706 513 4767 vocabulum
536 4708 704 4783 ignorarent
727 4713 756 4765 40
778 4724 838 4766 rem
862 4706 1058 4766 describerent
1079 4706 1137 4766 alia
1161 4723 1242 4765 4444.

323 4792 552 4858 Sleidanns:
585 4794 633 4855 Ab
662 4812 756 4870 coque
785 4802 934 4870 tempore,
965 4796 1115 4854 nimirum
1144 4793 1184 4854 40
1213 4809 1298 4854 anno
1323 4801 1395 4870 port
1421 4795 1573 4856 duanam

1314 5042 1371 5145 G
