3284 5520
140 338 205 409 60ss
599 336 645 395 Ex
658 336 893 413 premsridibus
911 338 1033 409 Kepler‘n

140 520 319 597 Ambergam
341 516 533 593 Portunus,
557 516 737 597 Tralsm3am
754 521 909 594 bavariae,
932 537 983 597 per
1002 518 1108 580 Tirolis
1132 524 1161 578 et
1176 516 1483 579 namurcensem

140 606 266 668 coudnia
288 622 380 682 usque
401 604 526 665 Romam
548 604 690 667 traducto.

43 763 52 785 ἱ
244 693 381 754 Deoliie
403 695 751 767 circumstantiumque
773 692 899 768 deliquii
923 694 1041 753 Lunae.
1086 693 1216 752 Primum
1241 691 1327 752 Luna
1349 701 1394 752 est
1414 707 1483 768 apo-

139 797 215 858 gaeo
242 783 365 842 vicinior
393 798 480 858 quam
503 779 678 858 longitudini
700 779 828 853 mediae,
860 789 890 839 et
912 782 941 839 in
964 781 1020 840 bac
1042 780 1198 841 altitudine
1220 779 1326 840 Lunae
1348 779 1483 840 hactenus

142 870 314 929 observatae
336 878 404 928 sunt
426 869 550 945 eclipses
572 868 760 942 obscuriores,
786 883 874 943 quam
896 869 973 928 circa
987 870 1166 946 perigaeum,
1190 877 1292 927 sonna
1316 884 1406 944 qnam
1428 875 1484 925 na-

141 952 212 1014 cunr
242 955 453 1033 astrologorum
483 955 600 1033 regulae
622 955 659 1016 de
681 955 829 1015 coloribus
852 952 1013 1032 eclipsium
1059 956 1164 1032 Itaque
1188 958 1212 1014 si
1235 955 1293 1014 boc
1317 962 1363 1015 est
1384 969 1484 1032 perpe·

140 1051 236 1116 tuum,
263 1043 326 1120 jam
350 1060 417 1125 pars
440 1043 594 1102 obscurata
617 1042 774 1120 digitorum
798 1047 834 1100 11
860 1057 930 1117 prae
954 1043 1085 1103 claritate
1109 1059 1198 1102 comu
1220 1041 1331 1102 residui
1354 1057 1413 1100 non
1434 1039 1484 1101 ad·

140 1129 259 1190 modum
289 1129 438 1191 evidenter
468 1132 544 1190 cerni
577 1133 692 1208 poterit.
742 1129 882 1189 Vicissim
912 1129 1033 1206 planeta
1062 1130 1143 1190 Mars
1175 1131 1331 1208 oppositus
1363 1127 1426 1189 Soli
1458 1134 1484 1186 et

56 1229 61 1243 ¹
139 1216 299 1277 secundum
322 1217 522 1277 Ptolemaeum
545 1219 573 1274 in
596 1218 734 1294 perigaso
756 1215 880 1294 epinycli
902 1217 1055 1292 incedens,
1077 1220 1180 1294 ingens
1203 1217 1376 1293 apparebit,
1400 1219 1483 1274 instar

139 1306 200 1365 vivi
223 1306 367 1379 carbonis,
394 1310 431 1365 13
448 1303 486 1382 pl.
503 1323 540 1367 m.
562 1303 784 1364 semidiametris
806 1303 908 1364 Lunae
931 1303 1065 1366 elevatus
1088 1322 1175 1382 super
1197 1304 1279 1364 illam
1302 1314 1334 1363 et
1357 1303 1483 1362 claritate

139 1409 193 1452 sua
223 1409 311 1452 cornu
334 1391 435 1452 Lunae
462 1400 522 1451 tam
551 1391 626 1451 erile
654 1390 739 1452 lacile
762 1392 891 1451 vincens.
936 1391 998 1452 Nec
1020 1392 1076 1452 boc
1098 1401 1227 1465 tantum,
1258 1389 1312 1450 sed
1335 1398 1365 1450 et
1387 1406 1482 1450 omnes

138 1477 243 1554 reliqui
266 1476 403 1556 planetae
427 1496 491 1540 cnm
506 1477 601 1538 Marte
624 1487 653 1538 et
666 1478 751 1538 Luna
770 1478 880 1555 junctis
895 1485 924 1539 et
940 1494 1005 1539 curn
1020 1478 1090 1540 Sole
1107 1480 1243 1558 opposito
1259 1476 1482 1556 configurantur,

139 1564 239 1626 Venus
262 1574 292 1626 et
313 1564 474 1627 Mercurius
497 1565 601 1641 laxius,
625 1568 655 1624 in
677 1565 812 1627 Piscibus
834 1575 902 1626 ante
925 1565 1025 1627 Solem
1049 1565 1224 1638 incedentes,
1248 1564 1395 1625 Saturnus
1419 1581 1481 1626 vero

138 1659 168 1713 et
182 1652 299 1732 Jupiter
322 1655 395 1714 iuter
417 1670 448 1713 se
471 1656 606 1731 oppositi,
631 1653 781 1730 quadratis
802 1655 874 1712 satis
896 1653 1051 1729 partilibus
1066 1653 1190 1713 Martem
1213 1656 1371 1727 intuentes,
1396 1660 1428 1710 nt
1445 1654 1481 1710 ita

138 1757 196 1801 non
227 1740 354 1818 amplius
383 1741 479 1800 triduo
508 1749 577 1800 ante
600 1741 721 1819 eclipsin
743 1740 796 1801 Sol
818 1758 869 1816 per
891 1741 1051 1817 quadratos
1074 1741 1193 1802 Saturni
1215 1747 1246 1801 et
1266 1739 1357 1800 doris
1378 1755 1481 1816 perque

138 1830 306 1906 oppositum
328 1827 433 1887 Martis
453 1834 592 1888 trauseat.

243 1915 316 1975 Cum
344 1916 432 1991 igitur
459 1913 599 1991 astrologi
626 1911 740 1975 soleant
763 1911 896 1990 judicare
924 1913 960 1975 de
987 1915 1251 1992 significationibus
1272 1913 1430 1991 eclipsium
1451 1930 1481 1972 er

138 2003 197 2061 situ
218 2001 412 2079 planetarum,
435 2003 532 2061 nescio
555 2002 663 2078 quibus
685 2002 783 2061 verbis
805 2003 877 2060 satis
901 2000 1047 2079 explicare
1070 2004 1183 2080 possint
1205 2004 1296 2062 animi
1312 2004 1359 2060 sui
1373 2017 1479 2071 sensus¹

138 2104 226 2166 super
248 2089 304 2149 bac
327 2088 555 2165 configuratione
578 2096 740 2164 susceptos.
783 2086 868 2166 Mihi,
891 2091 915 2148 si
939 2088 1009 2164 qnid
1032 2092 1136 2150 ominis
1159 2092 1235 2150 inest
1256 2089 1427 2169 eclipsibus,
1450 2085 1481 2146 ad

137 2261 274 2339 natalem,
298 2266 467 2341 praesertim
489 2266 514 2322 ai
536 2264 723 2324 nascentibus
746 2271 776 2323 et
797 2262 883 2322 Luna
898 2262 961 2323 Soli
984 2266 1038 2324 luit
1061 2267 1198 2342 opposita
1220 2265 1250 2322 in
1273 2263 1380 2324 eodem
1402 2262 1481 2338 bujue

138 2350 254 2429 eclipsis
276 2352 368 2428 gradu
391 2359 421 2412 et
434 2351 496 2411 Leo
518 2351 688 2410 culminavit
704 2349 900 2427 scorpiusque
923 2359 1002 2410 ortus
1026 2360 1078 2426 ast,
1101 2361 1135 2411 ut
1153 2352 1216 2428 jam
1239 2351 1272 2409 fit
1293 2353 1410 2423 iterum,
1432 2349 1481 2408 dn·

138 2447 219 2498 rante
244 2438 356 2517 eclipsi.
394 2440 432 2499 Et
454 2437 483 2497 bi
506 2440 678 2516 patientium
701 2437 767 2497 loco
790 2437 891 2496 haberi
906 2440 1027 2514 possint,
1051 2441 1200 2516 agentium
1217 2455 1286 2497 vero
1304 2438 1356 2511 illi,
1382 2438 1481 2514 quibus

140 2525 305 2586 consimiles
335 2527 534 2603 oppositiones
565 2534 594 2584 et
621 2523 816 2601 quadraturae
840 2526 925 2584 trium
948 2528 1129 2601 superiorum
1152 2526 1335 2585 illustramut
1356 2541 1480 2601 geneses.

138 2611 275 2672 Proxima
297 2613 415 2689 quidem
437 2621 505 2673 ante
521 2612 596 2672 banc
610 2615 697 2672 trium
712 2614 893 2688 superiorum
909 2613 1100 2689 configuratio
1116 2612 1171 2673 init
1184 2629 1262 2673 auno
1281 2617 1363 2673 1629
1389 2627 1480 2671 mense

137 2700 309 2760 Februario.
354 2701 392 2759 Et
419 2701 515 2761 solent
542 2702 662 2777 negotia
692 2698 812 2776 politica
840 2698 919 2758 trabi
939 2703 967 2757 in
990 2700 1099 2760 multos
1121 2716 1213 2761 annos
1235 2700 1357 2776 fierique
1380 2706 1477 2776 potest.

139 2793 171 2846 ut
204 2803 321 2861 eornm,
354 2805 431 2865 quae
466 2795 534 2847 tnnc
558 2789 667 2864 passim
698 2788 831 2846 instituta
860 2797 1055 2865 susceptaque
1085 2795 1165 2863 sunt,
1199 2787 1342 2864 reliquiae
1372 2786 1478 2862 aliquae

137 2877 291 2953 supersint,
310 2891 403 2951 usque
434 2874 471 2936 ad
498 2874 574 2935 banc
596 2874 718 2952 eclipsin
741 2871 904 2950 cedantque
927 2877 1058 2952 personis
1082 2874 1243 2935 illustribus
1266 2877 1296 2933 in
1319 2875 1476 2954 perniciem,

139 2978 318 3038 quamquam

347 3049 476 3108 Nullum
500 3065 616 3108 numere
637 3047 727 3120 obeat,
750 3049 777 3105 si
797 3049 836 3105 eit
857 3023 1040 3121 ρωπίας
1063 3047 1115 3106 secl
1136 3065 1191 3108 uos

345 3139 434 3215 Atro,
456 3140 557 3196 minue
579 3135 642 3208 tibi,
666 3134 768 3208 Luuq
792 3134 910 3210 dumus,
933 3135 1004 3194 diro
1026 3138 1132 3195 omino
1153 3152 1286 3196 morum.

616 3311 842 3380 eclipses
873 3311 1006 3368 solis.

675 3444 713 3500 In
726 3444 829 3513 primo.
1095 3445 1133 3499 In
1150 3444 1278 3502 seeundo

141 3540 259 3610 Tempus
278 3540 419 3609 aequabile
438 3540 547 3598 Urauib.
570 3540 609 3595 18.
628 3538 709 3594 Mart.
728 3539 757 3594 b.
773 3539 815 3595 14.
835 3541 878 3595 ὅθ’
894 3539 931 3594 8“
967 3584 973 3595 .
1011 3540 1054 3598 21.
1074 3538 1148 3610 Sept.
1168 3540 1196 3597 h.
1215 3539 1258 3596 21.
1279 3540 1322 3594 31’
1342 3540 1401 3596 37”.

140 3631 221 3680 Locus
245 3631 335 3680 Terrae
359 3631 599 3696 perpendiculariter
621 3630 675 3682 Soli
697 3632 757 3680 snb-

190 3704 271 3761 rectus
309 3737 756 3755 ...........
811 3697 1050 3756 8⁰28‘10¹¹u.
1088 3740 1093 3752 .
1132 3740 1138 3753 .
1174 3740 1182 3755 .
1218 3700 1267 3752 22ο
1304 3700 1446 3763 7’47”117

501 3772 998 3835 10111Ω...29.30.51)(
1040 3811 1046 3823 .
1085 3770 1262 3835 ..7328
1302 3774 1428 3828 7.33)(

416 3845 598 3902 Argumentum
616 3841 757 3890 latitudiuis
810 3843 835 3892 8.
856 3843 898 3893 57.
918 3844 952 3891 28
1002 3883 1009 3894 .
1045 3882 1051 3894 .
1090 3885 1095 3897 ,
1135 3882 1141 3894 .
1178 3879 1185 3894 .
1240 3845 1265 3895 8.
1303 3842 1382 3893 0.17

294 3912 337 3960 dat
362 3912 530 3962 reductionem
548 3913 581 3961 ad
601 3914 708 3961 orbitarn
733 3913 757 3975 2)
873 3915 898 3962 2.
920 3914 951 3961 17
1006 3948 1184 3964 .....
1302 3916 1328 3964 2.
1350 3913 1381 3961 17

347 3988 372 4031 et
390 3995 475 4031 arcum
494 3985 559 4031 inter
578 3988 662 4032 centra
707 4019 713 4032 .
750 4020 758 4034 .
855 3983 899 4034 49.
918 3983 953 4032 28
971 3988 1034 4047 sept.
1090 4021 1096 4034 .
1133 4020 1139 4032 .
1175 4021 1182 4034 .
1284 3985 1330 4033 49.
1348 3984 1383 4032 42
1407 3986 1471 4030 ausit.

347 4053 392 4117 qui
404 4051 540 4117 ampliatus
552 4054 579 4100 ln
590 4052 658 4101 disco
668 4050 759 4100 Terrae
855 4053 897 4103 60.
918 4055 950 4103 17
1000 4089 1183 4106 .....
1284 4055 1327 4105 50.
1347 4055 1379 4103 31

138 4121 233 4186 Estque
257 4122 329 4170 locus
354 4124 378 4186 1)
404 4124 539 4186 requisitus
563 4122 596 4171 ad
619 4123 759 4186 proximam

191 4191 460 4257 appropinquationem
471 4199 619 4258 scottorum,
633 4206 676 4241 seu
688 4189 759 4241 locus

190 4261 280 4311 Terras
299 4264 322 4310 el
341 4264 469 4323 subjectus
487 4297 760 4315 .......
813 4263 839 4314 8.
860 4263 902 4314 30.
922 4261 956 4314 27
976 4261 1007 4315 V
1043 4299 1050 4315 .
1089 4300 1094 4311 .
1133 4300 1139 4313 .
1176 4299 1182 4312 .
1218 4263 1262 4314 79.
1299 4263 1432 4326 130177

293 4331 402 4397 Tempus
421 4334 585 4382 anomallcum
645 4331 775 4383 d.10.b.
797 4334 839 4384 10.
876 4331 901 4383 8'
936 4331 971 4382 2”
999 4369 1005 4383 .
1044 4370 1051 4382 .
1088 4333 1112 4384 d.
1133 4336 1156 4383 1.
1176 4333 1201 4384 h.
1221 4335 1263 4386 12,
1283 4332 1327 4397 esf
1362 4330 1398 4383 0“

139 4399 200 4449 (lum
220 4415 270 4465 quo
289 4404 431 4466 excerpitur
448 4404 585 4466 parallaxls
611 4402 647 4468 J),
666 4416 709 4451 seu
727 4402 802 4451 sami·

190 4472 309 4520 diameter
327 4471 389 4520 dlsol
403 4507 804 4524 ..........
858 4473 899 4521 62.
918 4473 953 4521 48
956 4507 1226 4527 .......
1282 4475 1325 4524 62.
1363 4475 1379 4522 5

211 4571 216 4579 ·
347 4542 535 4592 Semidiametsr
560 4545 584 4607 2)
623 4575 805 4594 .....
861 4544 901 4591 16.
923 4543 956 4591 10
1002 4578 1229 4594 ......
1285 4544 1328 4594 15.
1346 4544 1380 4592 58

242 4612 363 4661 flotarius
381 4628 453 4662 varus
479 4614 502 4677 1)
537 4648 807 4665 .......
862 4614 956 4664 8817
1003 4647 1228 4665 ......
1283 4616 1327 4665 31.
1346 4616 1380 4664 35

344 4679 518 4749 Hortarius&
578 4718 805 4736 ......
877 4685 901 4733 2.
921 4683 956 4732 28
1001 4716 1230 4734 ......
1299 4687 1326 4736 2.
1347 4685 1377 4734 17

239 4748 374 4814 Separatio
400 4754 424 4817 D
446 4753 543 4802 horaria
580 4790 803 4805 ......
858 4754 899 4803 ³4.
920 4755 953 4802 12
998 4787 1228 4807 ......
1282 4755 1324 4804 88.
1346 4755 1378 4803 18

326 4854 339 4882 ,
445 4820 569 4887 ampliet·
617 4859 803 4876 .....
857 4825 901 4876 11.
919 4823 955 4877 bb
998 4858 1228 4876 ......
1281 4825 1327 4877 ee.
1343 4825 1379 4875 40
