3284 5520
614 304 658 359 Ex
670 301 898 373 prenrcridibns
909 302 1028 373 chleri.

527 548 772 629 ioannis
800 545 1100 628 ttaPPLattr

675 684 846 745 Mathemat.
871 685 955 745 Caes.

433 816 1195 933 ,iuuentute

224 1031 274 1091 Ad
295 1036 427 1094 canonos
448 1052 553 1094 rerum
577 1037 754 1109 coelestium,
778 1042 975 1112 excerptam
998 1030 1199 1109 Eplvemcrs'dc
1220 1031 1300 1089 anni
1324 1026 1411 1086 1631.

247 1170 333 1246 Quod
356 1172 430 1232 libro
454 1191 528 1247 meo,
553 1174 757 1234 astronomiae
772 1175 867 1232 Partis
883 1172 1007 1251 Optieae
1023 1189 1085 1248 cap.
1103 1176 1132 1229 8.
1149 1188 1177 1248 p·
1195 1173 1259 1227 305
1273 1173 1338 1238 ('⁰¹·
1350 1173 1422 1239 ¹11>-
1434 1171 1488 1235 ³²¹)

143 1260 252 1332 negavi
275 1258 331 1318 boc
354 1260 453 1319 seculo
476 1261 537 1320 fieri
560 1278 655 1338 posse,
680 1272 712 1321 ut
735 1261 822 1321 stella
837 1261 961 1320 Veneria
983 1258 1155 1337 particulam
1170 1256 1249 1315 Solis
1272 1262 1366 1331 tegat,
1389 1254 1419 1312 id
1438 1253 1489 1312 boe

140 1361 217 1403 anno
244 1352 337 1407 1631.
362 1346 390 1407 d.
415 1354 443 1406 6.
468 1349 639 1408 Decembris
663 1348 833 1426 Gregoriani
864 1349 991 1407 iuturum
1022 1346 1119 1423 prodit
1149 1342 1289 1403 calculus.
1339 1342 1402 1401 Etsi
1427 1357 1488 1400 vero

141 1433 225 1508 parvi
249 1433 322 1492 sorte
345 1438 482 1494 momenti
507 1453 552 1496 res
575 1444 620 1496 est
642 1435 680 1495 ad
702 1437 870 1513 prognosin,
894 1452 948 1511 ago
973 1444 1079 1506 tamen,
1104 1434 1154 1507 qui
1178 1433 1294 1489 unicam
1319 1429 1489 1489 astronomi-

141 1535 193 1579 cae
216 1523 389 1596 cognitionis
413 1520 668 1599 amplificationem
692 1526 721 1581 iu
744 1522 949 1600 conquirendis
963 1519 1132 1599 hujusmodi
1147 1519 1384 1595 apparitionibus
1400 1516 1487 1575 babeo

140 1611 327 1683 propositam,
352 1626 408 1668 non
432 1628 552 1686 possum
576 1628 634 1671 nou
657 1614 777 1671 summis
800 1614 878 1670 votis
902 1620 1036 1688 expetere
1058 1608 1244 1667 serenitatem
1260 1614 1289 1664 et
1306 1614 1421 1665 ceteras
1435 1605 1487 1662 eir·

141 1698 331 1755 cumstantias
354 1696 391 1756 ad
415 1699 650 1758 observationem
673 1701 714 1759 rei
737 1698 873 1768 idoneas,
897 1715 955 1756 nou
977 1697 1034 1756 boe
1055 1703 1209 1771 propterea
1231 1695 1402 1768 praecipue,
1424 1691 1487 1767 quia

141 1785 285 1842 rarissime
308 1787 479 1859 contingunt
501 1784 667 1861 bujmmodi
690 1788 830 1844 incorrecta
859 1785 983 1843 Veneria
1004 1787 1038 1842 in
1062 1782 1177 1853 Solem,
1203 1796 1257 1838 nec
1279 1788 1350 1839 aute
1371 1779 1486 1845 revolu-

141 1871 248 1928 tionem
266 1876 327 1929 235
352 1888 492 1930 annorum
516 1874 545 1930 in
569 1873 671 1933 eodem
693 1872 769 1945 loco,
792 1890 846 1932 nec
867 1871 999 1948 pluribus
1022 1886 1111 1947 quam
1134 1867 1249 1926 dnobus
1272 1869 1365 1925 totius
1388 1868 1486 1925 circui·

141 1963 187 2013 tus
210 1957 291 2030 loeis,
316 1957 427 2018 scilicet
448 1959 527 2033 apud
551 1960 658 2019 nodum
681 1967 844 2037 utrumque,
869 1962 910 2018 sic
933 1968 966 2017 ut
987 1960 1054 2017 inda
1077 1958 1115 2017 ab
1136 1972 1212 2013 anuo
1231 1960 1326 2014 1526.
1352 1958 1403 2013 23.
1419 1951 1486 2028 Maji

140 2042 248 2100 iactura
278 2046 316 2102 sit
348 2062 497 2121 nunqnam
531 2043 734 2127 (corrigendus
767 2048 814 2106 bic
845 2063 962 2123 quoque
994 2045 1077 2104 stilus
1109 2040 1297 2118 Opticorum,
1335 2042 1387 2116 qni
1418 2042 1486 2099 intra

140 2144 233 2187 annos
257 2136 318 2189 200
351 2131 412 2191 fieri
443 2135 573 2208 potuisse
604 2131 762 2215 negabat),
795 2152 848 2193 nec
875 2138 979 2193 iterum
1006 2132 1068 2192 fieri
1095 2132 1306 2207 possitneque
1330 2129 1361 2185 in
1383 2144 1485 2207 aunum

138 2215 351 2277 iucarnationis
376 2226 469 2280 1761.
493 2220 569 2280 diem
594 2228 644 2282 25.
661 2222 735 2298 biaji
758 2221 880 2295 Juliani,
903 2220 956 2280 sed
978 2227 1095 2296 propter
1117 2217 1194 2276 banc
1217 2232 1348 2288 causam,
1372 2217 1445 2291 quia
1464 2216 1485 2272 si

139 2306 292 2381 contigerit
313 2314 449 2384 rectaque
471 2307 558 2368 suerit
581 2310 737 2370 observata
760 2310 863 2381 abiis,
887 2310 937 2385 qui
962 2308 1065 2366 victuri
1087 2314 1163 2376 suut,
1188 2302 1224 2363 de
1247 2305 1384 2362 maximis
1406 2302 1485 2361 rebar

140 2394 169 2449 in
191 2400 253 2450 arte
277 2391 380 2454 docere
403 2398 511 2472 poterit
533 2399 700 2469 universos,
734 2415 808 2472 quas
837 2396 900 2455 sine
929 2395 984 2453 bae
1007 2394 1211 2453 observatione
1236 2393 1285 2450 vix
1308 2390 1485 2466 unquamiu

140 2477 235 2538 lucem
258 2479 404 2555 proferent
426 2485 593 2542 astronomi.

242 2566 430 2628 Planetarum
453 2569 595 2645 igniculos
617 2570 748 2647 qnotidie
764 2573 917 2644 intuemur,
941 2567 1097 2626 diametros
1111 2566 1298 2643 globulorum
1316 2572 1484 2643 apparenter

140 2650 263 2711 dimetiri
291 2671 344 2731 per
371 2657 561 2717 instrumenta
589 2656 696 2718 idonea
725 2656 831 2718 docent
859 2675 959 2717 omnes
988 2654 1113 2714 artifices
1135 2652 1202 2714 inde
1224 2672 1243 2712 a
1266 2652 1438 2714 Ptolemaeo
1460 2658 1484 2710 et

139 2737 324 2816 Hipparcho,
353 2760 407 2803 nec
434 2743 482 2804 bic
509 2749 653 2805 concessit
675 2746 823 2806 veteribus
847 2747 1002 2821 quicquam
1026 2740 1127 2818 Tyebo
1150 2741 1283 2800 Brabeus
1305 2749 1370 2799 arta
1393 2750 1422 2800 et
1444 2740 1483 2796 in·

140 2825 260 2887 dustria.
306 2829 346 2887 rit
368 2840 509 2905 quantum
532 2833 677 2892 abluerint
699 2851 717 2891 a
741 2832 912 2893 certitudine
935 2830 1122 2889 dimensionis
1146 2830 1287 2899 universi,
1314 2827 1418 2886 docuit
1437 2842 1484 2883 nor

139 2931 281 2990 nuperum
310 2916 383 2975 illud
409 2920 534 2978 incuntis
562 2920 652 2979 seculi
682 2924 846 2991 inventum,
878 2919 965 2977 tubus
988 2919 1107 2993 inquam
1130 2915 1284 2992 Belgicus,
1316 2912 1483 2991 perspicillir

140 3000 271 3075 duobus,
304 3020 377 3061 cavo
405 3012 434 3064 et
464 3022 609 3079 convexo,
640 3010 810 3079 instructus,
841 3005 1050 3065 aGalilaeo
1079 3003 1248 3061 Florentino
1279 3004 1483 3060 astronomiam

140 3088 269 3160 edoctus,
295 3093 344 3165 qni
361 3090 516 3152 diametros
532 3094 724 3170 planetarum,
749 3094 862 3154 detersa
877 3092 993 3151 lunrinis
1009 3091 1217 3167 superfluitate,
1242 3090 1344 3148 multis
1360 3089 1482 3165 partibus

141 3175 258 3234 exbibet
287 3179 426 3251 minores,
459 3185 673 3258 comparatione
701 3185 833 3240 instituta
861 3180 897 3240 ad
923 3178 1051 3238 visibilia
1074 3186 1184 3250 cetera,
1216 3195 1291 3253 quae
1317 3178 1408 3234 tubus
1430 3177 1482 3252 ipsc

141 3262 259 3337 quidem
282 3264 403 3341 ampliat
426 3269 571 3327 universa.
610 3270 771 3346 Postquam
793 3269 881 3345 hujus
905 3269 966 3326 tubi
991 3264 1131 3325 beneficio
1156 3268 1286 3323 exactius
1303 3262 1481 3322 determinari

141 3361 296 3426 coeperunt
321 3352 451 3412 diametri
475 3355 616 3429 siderum,
648 3360 730 3434 coepi
753 3360 881 3416 animum
905 3356 1030 3428 adjicere
1054 3353 1091 3411 ad
1117 3351 1314 3428 indagandam
1338 3351 1481 3428 globorum

141 3437 365 3512 planetariorum
391 3443 464 3500 luter
486 3461 517 3501 se
541 3451 641 3501 rnutuo
664 3447 889 3521 proportionqm.
935 3441 1037 3516 Neque
1062 3450 1172 3511 tamen,
1202 3438 1280 3514 quod
1304 3440 1480 3515 quaerebam»

144 3527 191 3583 via
214 3525 467 3587 demonstrationis
490 3530 630 3588 conficere
654 3531 736 3590 aliter
758 3542 898 3606 poteram,
923 3532 977 3586 nisi
1002 3530 1142 3604 principia
1157 3526 1298 3584 nonnulla
1314 3525 1480 3601 probabilia,

141 3611 192 3670 aed
216 3621 312 3673 tamen
337 3614 564 3675 indemonstrata
586 3616 786 3689 adsciscerem,
811 3632 887 3693 qnae
911 3616 978 3675 vide
993 3616 1119 3690 Epitom.
1137 3616 1253 3673 Astron.
1271 3613 1481 3690 Copemicanac

145 3698 196 3757 lib.
219 3698 273 3760 tv.
299 3719 325 3777 p.
353 3709 424 3761 461.
450 3710 520 3763 tea.
546 3712 839 3777 por.vr.1‚.aacs.)

244 3786 288 3843 Ex
311 3788 367 3847 bac
390 3808 458 3848 vero
482 3793 629 3865 methodo,
653 3811 728 3868 quae
750 3794 833 3869 ponit
856 3808 907 3869 pro
923 3789 1120 3860 fundamento,
1144 3786 1368 3863 amplitudinem
1386 3803 1482 3863 corpo·

124 3868 203 3928 'rum
226 3872 451 3950 planetariorum
477 3897 539 3938 esse
563 3882 590 3936 in
615 3884 799 3958 proportione
822 3877 1039 3938 intervallorum
1058 3874 1169 3949 aSole,
1193 3883 1292 3932 natum
1318 3885 1363 3934 est
1386 3876 1416 3932 in
1430 3872 1484 3933 Ta·

139 3958 216 4017 bulis
240 3960 384 4039 Rudolplri
411 3976 595 4043 praeceptum
623 3976 691 4025 ito.
717 3987 744 4045 p.
772 3972 810 4026 tt
835 3971 899 4039 (rol.
920 3974 961 4022 vt.
981 3988 1006 4035 p.
1027 3968 1101 4034 661).
1136 3971 1168 4020 ut
1190 3970 1324 4021 ffl0¹l0¹1¹l
1347 3962 1484 4021 ¹⁸⁰l⁰ll⁰

141 4046 198 4106 fine
221 4052 379 4126 praecepti.
425 4053 514 4127 Atqui
538 4072 595 4112 nou
618 4056 705 4131 plane
727 4055 854 4131 liquidas
878 4072 922 4114 res
944 4053 1096 4111 babemus.
1141 4050 1216 4109 Nam
1238 4048 1337 4107 Martii
1362 4050 1484 4125 eorporis

143 4133 315 4194 diametrum
340 4141 494 4213 oportebat
515 4141 552 4199 ad
578 4150 595 4199 6
620 4160 711 4217 usque
733 4146 845 4200 minuta
868 4158 1048 4213 excrescere,
1079 4155 1144 4196 eum
1167 4137 1263 4195 Terris
1286 4138 1438 4213 proximus
1458 4134 1485 4192 tlt

142 4222 170 4277 in
186 4224 325 4297 Aquario.
365 4225 466 4285 'lubus
490 4244 559 4285 vero
581 4228 730 4289 adhibitus
754 4240 863 4288 tantam
880 4230 942 4305 ejus
959 4227 1130 4286 diametrum
1145 4241 1221 4282 auno
1240 4228 1323 4283 1623
1341 4225 1369 4281 in
1387 4224 1484 4300 Capri·

140 4323 227 4367 como
257 4313 338 4370 visus
370 4321 413 4370 cst
442 4313 594 4389 repudiare
618 4318 834 4396 comparatione
856 4317 934 4374 iacta
958 4315 1163 4372 diametrorum
1195 4319 1217 4378 d
1251 4319 1280 4370 et
1304 4306 1340 4390 ῼ
1386 4310 1484 4387 Itaque

140 4402 169 4454 et
199 4398 261 4471 ipsa
291 4401 319 4456 iu
343 4398 554 4478 Hyperaspiste
578 4403 726 4480 Tyclronis
757 4403 980 4463 consultantium
1010 4402 1080 4459 milri
1110 4398 1236 4477 amplius
1264 4415 1330 4456 curn
1354 4395 1483 4457 Galilaeo

141 4483 317 4557 significavi,
349 4494 378 4543 et
408 4488 456 4546 illa
484 4490 547 4564 ipse
570 4489 658 4549 Joan.
683 4492 791 4551 Remus
816 4490 993 4564 Quietanus,
1021 4491 1050 4546 in
1080 4487 1163 4563 cujus
1190 4489 1366 4545 sententiam
1396 4486 1483 4544 dictae

141 4568 289 4645 Epitomes
312 4591 340 4649 p.
360 4580 420 4633 466
445 4577 641 4651 transiveram,
666 4597 742 4638 nunc
765 4577 860 4637 delicit
883 4579 920 4635 ab
941 4576 1000 4647 illa,
1025 4584 1053 4634 ct
1075 4581 1187 4633 retenta
1210 4575 1323 4630 interim
1348 4570 1483 4647 particula

140 4655 239 4732 aliqua
261 4660 475 4735 probabilitatis
498 4674 665 4739 usurpatae,
690 4684 764 4742 quae
785 4668 1057 4740 siminuscorpora
1074 4659 1482 4737 intervallisproportionalia,

141 4749 242 4804 saitem
274 4745 430 4807 diametros
461 4753 588 4810 omnium
616 4770 666 4813 sex
691 4756 764 4815 iuter
786 4771 817 4813 se
840 4751 979 4828 aequales
1002 4750 1085 4822 iacit,
1116 4748 1151 4807 de
1175 4748 1287 4822 reliquo
1311 4746 1482 4805 Martemin
