3284 5520
138 318 204 388 216
644 313 781 385 Tychouls
797 292 1012 385 hyperaspistes
1090 380 1094 387 ,

249 500 300 555 22.
340 496 440 556 Tertio
477 499 602 572 imputat
636 494 851 554 claromontius
879 496 1119 557 observationum
1154 495 1246 568 vitio,
1283 495 1363 572 quod
1395 495 1500 575 'l'ycho

138 591 250 644 motum
274 583 352 643 Solis
375 586 468 660 primo
493 581 708 658 simpliciorem,
731 589 836 658 postea
859 585 1095 660 compositiorem
1117 582 1278 642 tradiderit.

247 691 298 747 ts.
322 688 448 747 Rursum
472 691 574 748 navita
597 685 632 747 de
655 690 756 760 tauris,
781 686 976 747 deductibus
1006 695 1102 746 arator
1124 695 1154 747 et
1183 689 1300 747 omnino
1331 704 1440 748 coecus
1463 688 1500 748 dc

103 846 106 851 ,
139 776 295 837 coloribus.
342 776 485 854 Tychoni,
512 774 610 852 quoad
633 776 714 847 vixit,
743 774 866 850 simplex
890 779 918 832 in
942 775 1011 835 Sole
1035 776 1212 835 eccentricus
1236 793 1352 852 semper
1373 775 1499 849 sutfecit,

139 866 309 942 quantisper
332 863 367 922 de
390 864 455 923 solo
478 861 548 922 Sole
571 863 727 938 agebatur3
751 861 861 920 ultimis
885 863 969 921 annis
993 879 1057 939 ego,
1081 879 1146 922 cum
1169 861 1206 921 ad
1229 865 1324 941 ipsum
1346 865 1495 924 venissem

140 960 169 1011 et
200 951 238 1009 ad
270 948 460 1010 exstruendas
499 949 626 1008 theorias
659 949 779 1021 Martis,
818 950 958 1024 Veneris,
995 949 1132 1009 Mercurii
1161 952 1289 1010 animum
1313 949 1500 1026 adjecissem,

140 1036 254 1099 ostendi
277 1040 305 1096 ei
327 1037 414 1096 rebus
438 1037 640 1110 evidentibus,
665 1038 908 1096 ecceutrieitatem
932 1037 1010 1096 Solis
1036 1054 1099 1096 esse
1122 1037 1309 1097 bisecandam
1337 1039 1366 1095 in
1398 1038 1500 1098 subsi-

141 1125 221 1184 dium
243 1124 371 1201 planetls
393 1126 506 1185 ceteris.
553 1125 597 1183 Ex
629 1141 664 1183 ca
691 1124 852 1184 bisoctione
879 1132 967 1183 natus
996 1132 1042 1183 est
1074 1123 1198 1183 circulus
1230 1142 1376 1200 aequans,
1407 1131 1442 1184 ut
1469 1127 1499 1183 iu

139 1215 232 1272 veteri
257 1215 437 1271 astronomia
461 1212 517 1270 dici
541 1210 630 1283 solet,
654 1210 737 1286 cnjus
760 1214 860 1270 munia
881 1218 1012 1288 praestat
1034 1211 1105 1269 mihi
1128 1213 1158 1269 in
1181 1211 1397 1290 hypothesibus
1419 1212 1501 1290 phy-

142 1301 210 1359 sicis
233 1298 353 1374 planum
378 1301 529 1358 encentrici
554 1298 702 1374 simplicis.
750 1298 848 1375 Atque
870 1298 927 1358 hoc
948 1306 1002 1372 est,
1026 1297 1105 1374 quod
1128 1299 1156 1356 ln
1180 1299 1344 1376 appendite
1366 1297 1404 1358 ad
1427 1316 1500 1377 pro-

139 1395 344 1464 gymnasmata
366 1386 508 1446 haeredes
531 1385 676 1445 Braheani
701 1383 817 1458 dicunt,
842 1385 925 1444 illum
949 1394 1132 1463 recepturum
1156 1394 1185 1447 et
1206 1394 1373 1448 secuturum
1395 1387 1500 1456 luisse.

139 1472 229 1533 Nulla
252 1473 338 1532 huius
361 1475 533 1532 mutationis
556 1490 647 1532 causa
669 1471 818 1532 derivatur
840 1490 875 1533 ex
899 1473 1139 1534 observationum
1162 1475 1244 1550 vitto,
1269 1475 1364 1533 omnis
1386 1492 1424 1533 cx
1448 1492 1503 1535 ea-

142 1560 264 1620 mndem
287 1563 315 1617 iu
339 1561 467 1637 planetis
491 1559 663 1620 certitudine
687 1567 805 1636 exacta3
836 1560 888 1619 sed
916 1561 945 1618 id
977 1560 1010 1619 fit
1032 1560 1156 1638 longiori
1177 1563 1257 1637 rivo,
1281 1578 1370 1638 quam
1393 1561 1502 1621 Olera·

140 1650 269 1708 montius
292 1650 415 1708 rationis
438 1647 524 1707 oculo
547 1649 687 1724 consequi
710 1649 811 1725 possit.
835 1642 879 1725 ²¹)

245 1754 296 1811 at.
336 1752 447 1829 Quarto
472 1754 664 1812 mutationem
686 1751 744 1812 loci
766 1754 824 1811 oris
847 1751 973 1829 Pegasi,
998 1751 1136 1813 detractis
1161 1753 1179 1810 6
1198 1752 1316 1813 minutis
1340 1751 1376 1813 de
1399 1752 1502 1831 longi-

142 1838 251 1913 tudine,
276 1840 383 1899 additis
407 1840 536 1900 secundo
561 1839 598 1898 ad
621 1839 814 1913 latitudinem,
838 1842 867 1898 in
892 1842 995 1899 vitium
1019 1840 1257 1900 observationum
1280 1840 1399 1900 confert

246 1944 297 2002 25.
335 1944 463 2004 Rursum
485 1945 541 2005 hoc
564 1961 622 2004 non
646 1944 763 2016 diceret,
786 1947 810 2003 si
834 1947 1042 2007 astronomiam
1066 1943 1250 2020 intelligeret.
1295 1942 1352 2003 Illa
1373 1946 1502 2005 mutatio

139 2029 249 2108 pendet
279 2049 314 2090 ex
343 2031 492 2091 locatione
522 2031 622 2092 circuli
649 2031 761 2091 zodiaci
785 2034 860 2091 iuter
882 2032 956 2091 lixas
979 2041 1008 2091 et
1031 2032 1147 2091 diversa
1168 2033 1372 2107 praecessione
1395 2034 1503 2109 aequi-

140 2119 315 2191 noctiorum,
340 2136 429 2195 quam
452 2119 622 2179 methodum
646 2121 719 2179 satis
742 2119 870 2196 longam,
895 2136 945 2196 per
964 2127 1057 2179 totam
1073 2116 1152 2179 Solis
1167 2117 1309 2177 theoriam
1324 2117 1502 2192 traductam,

141 2205 357 2265 claromontius
388 2224 446 2265 non
476 2208 667 2284 explicaverit
697 2208 811 2282 integro
840 2206 930 2278 libro,
964 2223 1059 2282 aeque
1087 2205 1175 2280 longo
1199 2213 1288 2283 atque
1311 2214 1356 2265 est
1379 2208 1501 2284 primus,

141 2310 228 2368 quem
251 2293 287 2352 de
310 2293 509 2370 parallaribus
532 2297 661 2370 scripsit,
685 2293 838 2354 scribendo
863 2293 987 2365 discens,
1011 2294 1145 2352 tirocinia
1167 2309 1220 2352 sua
1244 2295 1361 2369 privata
1381 2294 1503 2370 publice

142 2379 320 2440 ostentando
343 2383 496 2458 ineptiens.
541 2380 622 2458 Lege
645 2397 733 2457 super
756 2380 812 2440 hac
834 2398 864 2441 re
886 2379 1058 2457 Tyohonem
1081 2383 1177 2456 ipsum
1199 2379 1249 2438 iol.
1268 2382 1317 2439 31.
1336 2382 1387 2439 32.
1426 2380 1503 2440 Pro·

139 2484 219 2544 gym.
243 2467 327 2526 Tom.
344 2468 373 2540 I,
405 2486 482 2544 quae
510 2471 535 2527 si
564 2485 622 2527 non
645 2467 747 2545 Tycho
776 2471 839 2544 ipse
869 2467 985 2543 publiea
1014 2469 1177 2544 scripsisset
1207 2483 1242 2525 cx
1274 2469 1401 2543 ingenuo
1430 2486 1502 2528 sau·

142 2553 229 2625 dore,
259 2571 408 2631 uunquam
433 2556 648 2616 claramontius
680 2572 774 2630 oeque
805 2562 917 2614 tautum
941 2557 1050 2631 ingenii
1073 2553 1237 2627 attulisset,
1268 2571 1364 2629 neque
1386 2563 1503 2614 tantum

141 2642 251 2701 laboris
276 2642 483 2719 impendisset,
520 2651 552 2701 ut
574 2651 679 2719 suopte
702 2642 799 2702 Marte
823 2641 901 2717 quod
929 2642 978 2701 hie
1001 2642 1141 2718 objiceret
1168 2642 1322 2702 inveniret.
1367 2642 1427 2701 Sed
1450 2641 1502 2703 illc

141 2729 259 2805 quidem
282 2746 433 2805 generose,
458 2733 513 2790 iste
537 2747 606 2791 vero
630 2732 773 2806 nequiter,
796 2746 851 2789 suo
871 2737 994 2805 uterque
1019 2747 1114 2790 more:
1139 2727 1189 2788 ille
1203 2728 1413 2806 philosophum
1428 2732 1501 2806 agit,

141 2818 197 2876 iate
219 2833 357 2876 motuum.

247 2929 297 2983 26.
338 2921 377 2983 Ut
406 2932 504 2983 tamen
535 2923 657 2998 digitum
688 2924 809 2999 propius
838 2920 986 2981 intendam
1014 2920 1052 2980 ad
1080 2936 1188 2979 nexum
1217 2935 1370 2979 arenarum
1395 2918 1504 2981 ctera-

141 3011 253 3082 montii,
276 3011 378 3087 Tycho
402 3011 547 3088 prioribus
569 3010 629 3067 illis
652 3012 736 3068 annis
759 3010 866 3069 latetur
889 3009 1136 3085 imperfectionem
1158 3008 1417 3067 instrumentorum
1433 3018 1504 3068 tau·

141 3095 248 3167 tulam,
279 3114 355 3172 quae
384 3115 475 3156 unum
503 3097 576 3155 sorte
605 3095 772 3172 scrupulum
797 3099 901 3155 vltiare
924 3098 1019 3172 possit
1042 3096 1290 3154 observationum.
1337 3094 1395 3154 Hic
1417 3112 1505 3155 soru-

140 3182 228 3258 pulus
252 3185 280 3240 in
304 3183 505 3260 longissimam
527 3183 697 3242 methodum
722 3184 884 3255 immissus,
909 3193 941 3241 ut
963 3183 1004 3256 lit,
1029 3185 1172 3260 principia
1195 3184 1293 3241 omnia
1316 3181 1505 3243 demonstra·

143 3272 252 3329 tionem
275 3271 471 3348 ingredientia
495 3273 575 3331 varie
607 3271 697 3330 afficit
724 3278 886 3346 auctusque
909 3272 946 3329 iis
969 3269 1139 3341 erroreulis,
1172 3271 1222 3345 qui
1245 3271 1374 3329 suntab
1398 3272 1505 3331 obser·

143 3359 263 3418 vatione
286 3361 426 3437 temporis
451 3360 548 3435 specie
573 3357 772 3418 diversissima
795 3366 825 3418 et
846 3358 959 3417 lubrica
981 3359 1092 3433 quique
1118 3357 1323 3416 arelractione
1345 3372 1407 3416 non
1430 3362 1505 3417 satis

144 3445 297 3519 explorate
319 3448 437 3506 tandem
461 3449 489 3503 in
515 3446 594 3503 exitu
617 3448 708 3504 totius
732 3447 799 3505 viae
822 3445 919 3504 locum
935 3444 1014 3525 Solis
1038 3443 1085 3504 vel
1104 3443 1208 3504 stellae
1225 3451 1242 3503 6
1259 3446 1380 3519 minutis
1395 3447 1503 3506 variat.

144 3532 184 3588 At
214 3531 291 3592 idem
324 3533 373 3592 ille
402 3532 564 3594 errorculus
596 3535 779 3592 instrumenti
808 3535 836 3589 in
866 3532 1126 3605 demonstratione,
1157 3548 1234 3607 quae
1265 3532 1504 3592 observationem

142 3617 299 3678 distantiae
322 3628 454 3681 cometae
477 3640 495 3680 a
517 3619 577 3677 fixa
599 3622 736 3691 assumit,
766 3618 855 3678 allicit
877 3619 965 3697 plane
989 3618 1078 3692 nihil;
1108 3625 1250 3694 quantum
1273 3619 1351 3677 euim
1373 3627 1504 3679 anuum

143 3706 182 3763 sit
209 3707 238 3762 in
261 3706 327 3765 loco
350 3715 482 3767 cometae
504 3706 577 3764 hora
599 3710 707 3784 priore,
741 3705 913 3766 tantundem
942 3713 1053 3764 erratur
1083 3714 1112 3764 et
1142 3708 1303 3781 posteriore
1325 3708 1356 3763 iu
1378 3706 1503 3784 plagam

144 3790 281 3868 eandem,
314 3794 468 3855 discrimen
497 3796 610 3851 interim
639 3794 854 3854 observationis
877 3795 1029 3870 utriusque
1052 3801 1151 3853 manet
1172 3794 1236 3851 sine
1259 3792 1346 3868 labe3
1378 3796 1406 3852 ei
1431 3810 1504 3855 vero

144 3877 317 3953 discrimini,
348 3899 406 3940 non
435 3880 668 3956 longitudinibus
690 3883 776 3958 ipsis,
806 3879 844 3940 ad
868 3897 983 3939 ornnem
1005 3881 1133 3957 scrupuli
1157 3880 1352 3939 subtilitatem
1374 3880 1502 3942 demon·

143 3970 245 4027 stratio
268 3970 409 4027 inuititur.
447 3967 528 4027 Nihil
551 3969 638 4043 igitur
659 3967 812 4044 prodesset
826 3967 965 4045 Scipioni,
990 3976 1133 4026 cometam
1154 3967 1210 4026 sub
1225 3966 1340 4027 Lunam
1356 3976 1504 4029 attractu-

143 4057 241 4131 uenti,
272 4058 295 4115 si
318 4055 367 4115 vel
390 4056 603 4133 imperfectiora
625 4056 722 4116 adhuc
744 4054 894 4131 Tychonis
917 4057 1110 4115 instrumenta
1131 4055 1256 4114 luissent
1277 4054 1403 4131 locaque
1425 4057 1505 4117 fixa·

144 4159 208 4202 rum
231 4141 328 4203 adhuc
351 4146 445 4220 magis
468 4145 577 4201 vitiosa
599 4145 822 4220 praestitissent.

249 4250 300 4305 27.
341 4246 449 4322 Quinto
474 4249 578 4306 transit
601 4247 815 4307 claromontius
839 4247 875 4306 ad
900 4246 1122 4306 observationes
1144 4250 1293 4317 cometae,
1317 4243 1505 4307 demonstra·

146 4338 242 4406 turus,
275 4352 325 4394 cas
347 4333 437 4395 falsas
469 4352 533 4394 esse
565 4351 600 4394 ac
628 4334 750 4412 proinde
772 4334 921 4412 'l'ychonis
944 4333 1214 4410 comprobationem
1236 4348 1319 4392 ruere
1341 4334 1503 4394 subtractis

144 4419 350 4482 fundamentis.
387 4424 522 4495 Dubites,
547 4423 700 4485 eonsilium
716 4421 830 4496 laudes,
854 4430 887 4481 ut
903 4423 932 4479 in
948 4421 1042 4495 hoste,
1060 4439 1098 4480 an
1113 4418 1210 4479 scelus
1226 4418 1379 4480 detesteris
1395 4425 1503 4497 magis,

144 4516 176 4564 ut
205 4510 234 4564 in
267 4509 400 4584 doctore,
430 4509 510 4586 quod
537 4511 563 4567 is
591 4508 665 4569 adeo
694 4517 807 4586 pugnat
835 4509 1002 4586 illegitime,
1033 4516 1066 4567 ut
1089 4506 1265 4567 calumniam
1288 4510 1503 4583 nequissimam

145 4601 238 4653 struat
260 4599 365 4670 sciens,
389 4596 457 4657 dum
480 4599 593 4655 interim
610 4599 742 4656 veritatis
758 4596 889 4657 detectae
905 4597 1029 4673 gloriam
1044 4601 1216 4670 aucupatur.
1253 4593 1372 4655 Scilicet
1388 4595 1503 4657 homiui

144 4686 325 4759 propositum
348 4692 401 4759 est,
426 4684 663 4761 Anti-Tychonis
686 4684 843 4760 gloriosum
867 4691 896 4744 et
911 4683 1068 4761 superbum
1083 4682 1202 4742 titulum
1218 4682 1308 4743 semel
1324 4690 1502 4762 conceptum

146 4776 262 4830 shenue
285 4773 488 4851 comprobare,
515 4771 603 4832 fidem
625 4771 758 4852 Tychooi
781 4772 961 4832 observatori
986 4772 1096 4850 eripere
1120 4768 1199 4848 apud
1221 4773 1420 4834 astronomlae
1441 4773 1503 4832 im-
