<?xml version="1.0" encoding="UTF-8"?>
<!DOCTYPE html PUBLIC "-//W3C//DTD XHTML 1.0 Transitional//EN"
    "http://www.w3.org/TR/xhtml1/DTD/xhtml1-transitional.dtd">
<html xmlns="http://www.w3.org/1999/xhtml" xml:lang="en" lang="en">
 <head>
  <title>
</title>
<meta http-equiv="Content-Type" content="text/html;charset=utf-8" />
  <meta name='ocr-system' content='tesseract 3.04.00' />
  <meta name='ocr-capabilities' content='ocr_page ocr_carea ocr_par ocr_line ocrx_word'/>
</head>
<body>
  <div class='ocr_page' id='page_1' title='image "./joanniskepleria07frisgoog/joanniskepleria07frisgoog_0317.png"; bbox 0 0 3284 5520; ppageno 0'>
   <div class='ocr_carea' id='block_1_1' title="bbox 20 307 1078 424">
    <p class='ocr_par' dir='ltr' id='par_1_1' title="bbox 20 307 1078 424">
     <span class='ocr_line' id='line_1_1' title="bbox 20 307 1078 424; baseline 0.004 -17"><span class='ocrx_word' id='word_1_1' title='bbox 20 307 29 324; x_wconf 46' lang='lat'><strong>·</strong></span> <span class='ocrx_word' id='word_1_2' title='bbox 138 347 204 418; x_wconf 78' lang='grc'><strong>300</strong></span> <span class='ocrx_word' id='word_1_3' title='bbox 546 352 580 409; x_wconf 86' lang='lat' dir='ltr'><strong>ln</strong></span> <span class='ocrx_word' id='word_1_4' title='bbox 596 352 698 410; x_wconf 85' lang='lat' dir='ltr'><strong>hhrnm</strong></span> <span class='ocrx_word' id='word_1_5' title='bbox 715 352 826 424; x_wconf 80' lang='lat' dir='ltr'><strong>Kepieri</strong></span> <span class='ocrx_word' id='word_1_6' title='bbox 843 351 878 409; x_wconf 91' lang='lat' dir='ltr'><strong>de</strong></span> <span class='ocrx_word' id='word_1_7' title='bbox 894 350 1078 423; x_wconf 79' lang='lat' dir='ltr'><strong>hogarithmis</strong></span> 
     </span>
    </p>
   </div>
   <div class='ocr_carea' id='block_1_2' title="bbox 58 527 1505 3586">
    <p class='ocr_par' dir='ltr' id='par_1_2' title="bbox 58 527 1503 1839">
     <span class='ocr_line' id='line_1_2' title="bbox 139 527 1498 609; baseline -0.003 -18"><span class='ocrx_word' id='word_1_8' title='bbox 139 530 314 604; x_wconf 85' lang='lat' dir='ltr'><strong>Maestiino,</strong></span> <span class='ocrx_word' id='word_1_9' title='bbox 344 532 395 609; x_wconf 90' lang='lat' dir='ltr'><strong>qui</strong></span> <span class='ocrx_word' id='word_1_10' title='bbox 422 535 597 594; x_wconf 89' lang='lat' dir='ltr'><strong>sententiam</strong></span> <span class='ocrx_word' id='word_1_11' title='bbox 626 532 663 595; x_wconf 88' lang='lat' dir='ltr'><strong>de</strong></span> <span class='ocrx_word' id='word_1_12' title='bbox 686 533 737 595; x_wconf 90' lang='lat' dir='ltr'><strong>illo</strong></span> <span class='ocrx_word' id='word_1_13' title='bbox 762 531 844 594; x_wconf 89' lang='lat' dir='ltr'><strong>daret</strong></span> <span class='ocrx_word' id='word_1_14' title='bbox 866 539 896 594; x_wconf 88' lang='lat' dir='ltr'><strong>et</strong></span> <span class='ocrx_word' id='word_1_15' title='bbox 916 532 1023 593; x_wconf 91' lang='lat' dir='ltr'><strong>librum</strong></span> <span class='ocrx_word' id='word_1_16' title='bbox 1045 531 1200 608; x_wconf 83' lang='lat' dir='ltr'><strong>&#39;l&#39;uhingae</strong></span> <span class='ocrx_word' id='word_1_17' title='bbox 1221 529 1306 609; x_wconf 90' lang='lat' dir='ltr'><strong>prelo</strong></span> <span class='ocrx_word' id='word_1_18' title='bbox 1328 527 1498 604; x_wconf 79' lang='lat' dir='ltr'><strong>subjiceret.</strong></span> 
     </span>
     <span class='ocr_line' id='line_1_3' title="bbox 138 614 1499 698; baseline -0.001 -20"><span class='ocrx_word' id='word_1_19' title='bbox 138 619 175 678; x_wconf 89' lang='lat' dir='ltr'><strong>In</strong></span> <span class='ocrx_word' id='word_1_20' title='bbox 197 619 242 678; x_wconf 91' lang='lat' dir='ltr'><strong>his</strong></span> <span class='ocrx_word' id='word_1_21' title='bbox 265 637 382 697; x_wconf 86' lang='lat' dir='ltr'><strong>quoqne</strong></span> <span class='ocrx_word' id='word_1_22' title='bbox 405 637 524 698; x_wconf 86' lang='lat' dir='ltr'><strong>segnem</strong></span> <span class='ocrx_word' id='word_1_23' title='bbox 547 639 580 682; x_wconf 87' lang='lat' dir='ltr'><strong>se</strong></span> <span class='ocrx_word' id='word_1_24' title='bbox 603 622 735 683; x_wconf 85' lang='lat' dir='ltr'><strong>exhihuit</strong></span> <span class='ocrx_word' id='word_1_25' title='bbox 750 620 935 696; x_wconf 84' lang='lat' dir='ltr'><strong>Massilinns,</strong></span> <span class='ocrx_word' id='word_1_26' title='bbox 959 637 1047 697; x_wconf 89' lang='lat' dir='ltr'><strong>quam</strong></span> <span class='ocrx_word' id='word_1_27' title='bbox 1070 619 1109 680; x_wconf 91' lang='lat' dir='ltr'><strong>ob</strong></span> <span class='ocrx_word' id='word_1_28' title='bbox 1129 636 1190 679; x_wconf 87' lang='lat' dir='ltr'><strong>rem</strong></span> <span class='ocrx_word' id='word_1_29' title='bbox 1206 616 1354 695; x_wconf 87' lang='lat' dir='ltr'><strong>Kepierus</strong></span> <span class='ocrx_word' id='word_1_30' title='bbox 1370 614 1499 676; x_wconf 86' lang='lat' dir='ltr'><strong>Guiliel-</strong></span> 
     </span>
     <span class='ocr_line' id='line_1_4' title="bbox 141 704 1498 783; baseline -0.001 -17"><span class='ocrx_word' id='word_1_31' title='bbox 141 723 221 766; x_wconf 90' lang='lat' dir='ltr'><strong>mum</strong></span> <span class='ocrx_word' id='word_1_32' title='bbox 244 705 453 768; x_wconf 82' lang='lat' dir='ltr'><strong>Schielrardum</strong></span> <span class='ocrx_word' id='word_1_33' title='bbox 477 726 554 769; x_wconf 91' lang='lat' dir='ltr'><strong>anno</strong></span> <span class='ocrx_word' id='word_1_34' title='bbox 581 712 672 770; x_wconf 86' lang='grc'><strong>1622.</strong></span> <span class='ocrx_word' id='word_1_35' title='bbox 704 709 777 770; x_wconf 92' lang='lat' dir='ltr'><strong>adiit</strong></span> <span class='ocrx_word' id='word_1_36' title='bbox 799 709 905 783; x_wconf 91' lang='lat' dir='ltr'><strong>literis,</strong></span> <span class='ocrx_word' id='word_1_37' title='bbox 937 717 970 768; x_wconf 92' lang='lat' dir='ltr'><strong>ut</strong></span> <span class='ocrx_word' id='word_1_38' title='bbox 991 708 1099 768; x_wconf 92' lang='lat' dir='ltr'><strong>librum</strong></span> <span class='ocrx_word' id='word_1_39' title='bbox 1120 724 1140 767; x_wconf 91' lang='lat' dir='ltr'><strong>a</strong></span> <span class='ocrx_word' id='word_1_40' title='bbox 1161 704 1320 767; x_wconf 85' lang='lat' dir='ltr'><strong>Maestiino</strong></span> <span class='ocrx_word' id='word_1_41' title='bbox 1342 708 1498 782; x_wconf 72' lang='lat' dir='ltr'><strong>repeteret</strong></span> 
     </span>
     <span class='ocr_line' id='line_1_5' title="bbox 141 793 1500 873; baseline -0.004 -18"><span class='ocrx_word' id='word_1_42' title='bbox 141 793 336 855; x_wconf 81' lang='lat' dir='ltr'><strong>Schielsardus</strong></span> <span class='ocrx_word' id='word_1_43' title='bbox 359 795 527 872; x_wconf 87' lang='lat' dir='ltr'><strong>respondit:</strong></span> <span class='ocrx_word' id='word_1_44' title='bbox 553 796 696 873; x_wconf 76' lang='lat' dir='ltr'><strong>„Distulit</strong></span> <span class='ocrx_word' id='word_1_45' title='bbox 718 817 764 857; x_wconf 90' lang='lat' dir='ltr'><strong>me</strong></span> <span class='ocrx_word' id='word_1_46' title='bbox 780 796 955 857; x_wconf 89' lang='lat' dir='ltr'><strong>Maestliuus</strong></span> <span class='ocrx_word' id='word_1_47' title='bbox 978 812 1071 872; x_wconf 88' lang='lat' dir='ltr'><strong>usque</strong></span> <span class='ocrx_word' id='word_1_48' title='bbox 1093 797 1124 853; x_wconf 94' lang='lat' dir='ltr'><strong>iu</strong></span> <span class='ocrx_word' id='word_1_49' title='bbox 1139 793 1217 854; x_wconf 90' lang='lat' dir='ltr'><strong>hnuc</strong></span> <span class='ocrx_word' id='word_1_50' title='bbox 1232 808 1369 871; x_wconf 87' lang='lat' dir='ltr'><strong>agonem,</strong></span> <span class='ocrx_word' id='word_1_51' title='bbox 1393 808 1500 868; x_wconf 90' lang='lat' dir='ltr'><strong>quam·</strong></span> 
     </span>
     <span class='ocr_line' id='line_1_6' title="bbox 140 877 1500 963; baseline -0.003 -23"><span class='ocrx_word' id='word_1_52' title='bbox 140 883 188 940; x_wconf 89' lang='lat' dir='ltr'><strong>vis</strong></span> <span class='ocrx_word' id='word_1_53' title='bbox 209 898 260 958; x_wconf 92' lang='lat' dir='ltr'><strong>per</strong></span> <span class='ocrx_word' id='word_1_54' title='bbox 283 889 376 942; x_wconf 91' lang='lat' dir='ltr'><strong>totnm</strong></span> <span class='ocrx_word' id='word_1_55' title='bbox 399 882 456 943; x_wconf 92' lang='lat' dir='ltr'><strong>hoc</strong></span> <span class='ocrx_word' id='word_1_56' title='bbox 479 883 629 945; x_wconf 84' lang='lat' dir='ltr'>octiduum</span> <span class='ocrx_word' id='word_1_57' title='bbox 652 885 784 963; x_wconf 91' lang='lat' dir='ltr'><strong>quotidie</strong></span> <span class='ocrx_word' id='word_1_58' title='bbox 806 886 902 962; x_wconf 89' lang='lat' dir='ltr'><strong>ipsum</strong></span> <span class='ocrx_word' id='word_1_59' title='bbox 926 882 963 944; x_wconf 90' lang='lat' dir='ltr'><strong>de</strong></span> <span class='ocrx_word' id='word_1_60' title='bbox 985 886 1043 943; x_wconf 90' lang='lat' dir='ltr'><strong>tuis</strong></span> <span class='ocrx_word' id='word_1_61' title='bbox 1059 881 1257 959; x_wconf 88' lang='lat' dir='ltr'><strong>Logarithmis</strong></span> <span class='ocrx_word' id='word_1_62' title='bbox 1279 879 1352 939; x_wconf 91' lang='lat' dir='ltr'><strong>mihi</strong></span> <span class='ocrx_word' id='word_1_63' title='bbox 1373 877 1500 939; x_wconf 88' lang='lat' dir='ltr'><strong>redden-</strong></span> 
     </span>
     <span class='ocr_line' id='line_1_7' title="bbox 142 965 1498 1051; baseline -0.003 -23"><span class='ocrx_word' id='word_1_64' title='bbox 142 968 187 1028; x_wconf 94' lang='lat' dir='ltr'><strong>dis</strong></span> <span class='ocrx_word' id='word_1_65' title='bbox 211 967 422 1030; x_wconf 80' lang='lat' dir='ltr'><strong>admonuerim.</strong></span> <span class='ocrx_word' id='word_1_66' title='bbox 467 971 529 1031; x_wconf 88' lang='lat' dir='ltr'><strong>Nec</strong></span> <span class='ocrx_word' id='word_1_67' title='bbox 552 976 624 1050; x_wconf 85' lang='lat' dir='ltr'><strong>satis¹</strong></span> <span class='ocrx_word' id='word_1_68' title='bbox 646 975 720 1034; x_wconf 90' lang='lat' dir='ltr'><strong>scire</strong></span> <span class='ocrx_word' id='word_1_69' title='bbox 743 991 878 1051; x_wconf 92' lang='lat' dir='ltr'><strong>possum,</strong></span> <span class='ocrx_word' id='word_1_70' title='bbox 903 988 994 1048; x_wconf 90' lang='lat' dir='ltr'><strong>quare</strong></span> <span class='ocrx_word' id='word_1_71' title='bbox 1015 988 1048 1031; x_wconf 89' lang='lat' dir='ltr'><strong>se</strong></span> <span class='ocrx_word' id='word_1_72' title='bbox 1071 977 1131 1029; x_wconf 89' lang='lat' dir='ltr'><strong>tam</strong></span> <span class='ocrx_word' id='word_1_73' title='bbox 1154 968 1303 1029; x_wconf 87' lang='lat' dir='ltr'><strong>difficilem</strong></span> <span class='ocrx_word' id='word_1_74' title='bbox 1324 965 1498 1044; x_wconf 78' lang='lat' dir='ltr'><strong>praebeat.“</strong></span> 
     </span>
     <span class='ocr_line' id='line_1_8' title="bbox 140 1055 1500 1138; baseline -0.003 -22"><span class='ocrx_word' id='word_1_75' title='bbox 140 1055 196 1116; x_wconf 87' lang='lat' dir='ltr'><strong>His</strong></span> <span class='ocrx_word' id='word_1_76' title='bbox 226 1055 309 1118; x_wconf 82' lang='lat' dir='ltr'><strong>addit</strong></span> <span class='ocrx_word' id='word_1_77' title='bbox 331 1056 525 1119; x_wconf 81' lang='lat' dir='ltr'><strong>Schiehardus</strong></span> <span class='ocrx_word' id='word_1_78' title='bbox 557 1058 781 1138; x_wconf 76' lang='lat' dir='ltr'><strong>descriptionem</strong></span> <span class='ocrx_word' id='word_1_79' title='bbox 816 1059 988 1138; x_wconf 83' lang='lat' dir='ltr'><strong>,machinae</strong></span> <span class='ocrx_word' id='word_1_80' title='bbox 1019 1057 1251 1131; x_wconf 84' lang='lat' dir='ltr'><strong>arithmeticae“,</strong></span> <span class='ocrx_word' id='word_1_81' title='bbox 1282 1055 1320 1115; x_wconf 91' lang='lat' dir='ltr'><strong>ah</strong></span> <span class='ocrx_word' id='word_1_82' title='bbox 1351 1056 1417 1131; x_wconf 92' lang='lat' dir='ltr'><strong>ipso</strong></span> <span class='ocrx_word' id='word_1_83' title='bbox 1447 1070 1500 1112; x_wconf 86' lang='lat' dir='ltr'><strong>ex·</strong></span> 
     </span>
     <span class='ocr_line' id='line_1_9' title="bbox 139 1140 1501 1222; baseline -0.001 -20"><span class='ocrx_word' id='word_1_84' title='bbox 139 1151 280 1217; x_wconf 90' lang='lat' dir='ltr'><strong>structae,</strong></span> <span class='ocrx_word' id='word_1_85' title='bbox 312 1163 387 1222; x_wconf 90' lang='lat' dir='ltr'><strong>quae</strong></span> <span class='ocrx_word' id='word_1_86' title='bbox 416 1145 502 1206; x_wconf 91' lang='lat' dir='ltr'><strong>datos</strong></span> <span class='ocrx_word' id='word_1_87' title='bbox 530 1164 666 1208; x_wconf 88' lang='lat' dir='ltr'><strong>numeros</strong></span> <span class='ocrx_word' id='word_1_88' title='bbox 687 1151 787 1208; x_wconf 91' lang='lat' dir='ltr'><strong>statim</strong></span> <span class='ocrx_word' id='word_1_89' title='bbox 810 1145 982 1222; x_wconf 80' lang='grc' dir='ltr'><strong><em>αὐτοματως</em></strong></span> <span class='ocrx_word' id='word_1_90' title='bbox 1004 1152 1170 1222; x_wconf 91' lang='lat' dir='ltr'><strong>computet,</strong></span> <span class='ocrx_word' id='word_1_91' title='bbox 1201 1143 1305 1216; x_wconf 87' lang='lat' dir='ltr'><strong>addat,</strong></span> <span class='ocrx_word' id='word_1_92' title='bbox 1335 1140 1501 1208; x_wconf 82' lang='lat' dir='ltr'><strong>subtrahat.</strong></span> 
     </span>
     <span class='ocr_line' id='line_1_10' title="bbox 139 1229 1501 1313; baseline -0.002 -22"><span class='ocrx_word' id='word_1_93' title='bbox 139 1231 315 1309; x_wconf 89' lang='lat' dir='ltr'><strong>multiplicet</strong></span> <span class='ocrx_word' id='word_1_94' title='bbox 338 1231 519 1310; x_wconf 83' lang='lat' dir='ltr'><strong>dividuique.</strong></span> <span class='ocrx_word' id='word_1_95' title='bbox 561 1234 702 1311; x_wconf 82' lang='lat' dir='ltr'><strong>„Rideres</strong></span> <span class='ocrx_word' id='word_1_96' title='bbox 718 1236 804 1308; x_wconf 91' lang='lat' dir='ltr'><strong>clare,</strong></span> <span class='ocrx_word' id='word_1_97' title='bbox 827 1237 853 1295; x_wconf 90' lang='lat' dir='ltr'><strong>si</strong></span> <span class='ocrx_word' id='word_1_98' title='bbox 871 1251 1009 1313; x_wconf 90' lang='lat' dir='ltr'><strong>praesens</strong></span> <span class='ocrx_word' id='word_1_99' title='bbox 1025 1250 1165 1306; x_wconf 88' lang='lat' dir='ltr'><strong>cerneres,</strong></span> <span class='ocrx_word' id='word_1_100' title='bbox 1190 1229 1338 1308; x_wconf 89' lang='lat' dir='ltr'><strong>quomodo</strong></span> <span class='ocrx_word' id='word_1_101' title='bbox 1355 1230 1501 1301; x_wconf 89' lang='lat' dir='ltr'><strong>sinistros,</strong></span> 
     </span>
     <span class='ocr_line' id='line_1_11' title="bbox 58 1316 1502 1402; baseline -0.001 -24"><span class='ocrx_word' id='word_1_102' title='bbox 58 1380 68 1393; x_wconf 72' lang='grc'><em>,</em></span> <span class='ocrx_word' id='word_1_103' title='bbox 143 1318 294 1378; x_wconf 90' lang='lat' dir='ltr'><strong>denarium</strong></span> <span class='ocrx_word' id='word_1_104' title='bbox 317 1321 365 1380; x_wconf 88' lang='lat' dir='ltr'><strong>vel</strong></span> <span class='ocrx_word' id='word_1_105' title='bbox 389 1323 586 1382; x_wconf 89' lang='lat' dir='ltr'><strong>centenarium</strong></span> <span class='ocrx_word' id='word_1_106' title='bbox 610 1340 830 1402; x_wconf 79' lang='lat' dir='ltr'><strong>supergressor,</strong></span> <span class='ocrx_word' id='word_1_107' title='bbox 859 1341 915 1382; x_wconf 90' lang='lat' dir='ltr'><strong>sua</strong></span> <span class='ocrx_word' id='word_1_108' title='bbox 942 1327 1048 1399; x_wconf 89' lang='lat' dir='ltr'><strong>sponte</strong></span> <span class='ocrx_word' id='word_1_109' title='bbox 1079 1326 1233 1380; x_wconf 79' lang='lat' dir='ltr'><strong>coacervet</strong></span> <span class='ocrx_word' id='word_1_110' title='bbox 1255 1326 1307 1379; x_wconf 90' lang='lat' dir='ltr'><strong>ant</strong></span> <span class='ocrx_word' id='word_1_111' title='bbox 1328 1319 1405 1376; x_wconf 91' lang='lat' dir='ltr'><strong>inter</strong></span> <span class='ocrx_word' id='word_1_112' title='bbox 1427 1316 1502 1376; x_wconf 86' lang='lat' dir='ltr'><strong>suh·</strong></span> 
     </span>
     <span class='ocr_line' id='line_1_12' title="bbox 143 1403 1503 1485; baseline -0.004 -18"><span class='ocrx_word' id='word_1_113' title='bbox 143 1406 315 1467; x_wconf 90' lang='lat' dir='ltr'><strong>trahendum</strong></span> <span class='ocrx_word' id='word_1_114' title='bbox 338 1408 376 1468; x_wconf 92' lang='lat' dir='ltr'><strong>ab</strong></span> <span class='ocrx_word' id='word_1_115' title='bbox 399 1411 441 1468; x_wconf 89' lang='lat' dir='ltr'><strong>eis</strong></span> <span class='ocrx_word' id='word_1_116' title='bbox 465 1408 576 1485; x_wconf 90' lang='lat' dir='ltr'><strong>aliquid</strong></span> <span class='ocrx_word' id='word_1_117' title='bbox 599 1411 783 1471; x_wconf 80' lang='lat' dir='ltr'><strong>suffuratur.“</strong></span> <span class='ocrx_word' id='word_1_118' title='bbox 823 1411 857 1470; x_wconf 92' lang='lat' dir='ltr'><strong>P.</strong></span> <span class='ocrx_word' id='word_1_119' title='bbox 874 1410 904 1471; x_wconf 86' lang='lat' dir='ltr'><strong>S.</strong></span> <span class='ocrx_word' id='word_1_120' title='bbox 928 1408 1114 1470; x_wconf 88' lang='lat' dir='ltr'><strong>Tabellarius</strong></span> <span class='ocrx_word' id='word_1_121' title='bbox 1134 1414 1212 1468; x_wconf 88' lang='lat' dir='ltr'><strong>certo</strong></span> <span class='ocrx_word' id='word_1_122' title='bbox 1228 1403 1503 1484; x_wconf 81' lang='lat' dir='ltr'><strong>praedestinaverat</strong></span> 
     </span>
     <span class='ocr_line' id='line_1_13' title="bbox 141 1490 1502 1575; baseline -0.001 -23"><span class='ocrx_word' id='word_1_123' title='bbox 141 1493 307 1554; x_wconf 82' lang='lat' dir='ltr'><strong>hesternam</strong></span> <span class='ocrx_word' id='word_1_124' title='bbox 329 1496 497 1571; x_wconf 83' lang='lat' dir='ltr'><strong>meridiem3</strong></span> <span class='ocrx_word' id='word_1_125' title='bbox 521 1496 559 1555; x_wconf 89' lang='lat' dir='ltr'><strong>ad</strong></span> <span class='ocrx_word' id='word_1_126' title='bbox 583 1516 649 1558; x_wconf 90' lang='lat' dir='ltr'><strong>eam</strong></span> <span class='ocrx_word' id='word_1_127' title='bbox 671 1499 842 1559; x_wconf 82' lang='lat' dir='ltr'><strong>festinanter</strong></span> <span class='ocrx_word' id='word_1_128' title='bbox 856 1496 968 1574; x_wconf 90' lang='lat' dir='ltr'><strong>aliquid</strong></span> <span class='ocrx_word' id='word_1_129' title='bbox 983 1498 1165 1575; x_wconf 86' lang='lat' dir='ltr'><strong>scripseram.</strong></span> <span class='ocrx_word' id='word_1_130' title='bbox 1203 1493 1323 1555; x_wconf 82' lang='lat' dir='ltr'><strong>Interim</strong></span> <span class='ocrx_word' id='word_1_131' title='bbox 1338 1499 1408 1571; x_wconf 90' lang='lat' dir='ltr'><strong>post</strong></span> <span class='ocrx_word' id='word_1_132' title='bbox 1422 1490 1502 1550; x_wconf 92' lang='lat' dir='ltr'><strong>mul·</strong></span> 
     </span>
     <span class='ocr_line' id='line_1_14' title="bbox 142 1581 1503 1663; baseline -0.004 -21"><span class='ocrx_word' id='word_1_133' title='bbox 142 1588 204 1642; x_wconf 88' lang='lat' dir='ltr'><strong>tam</strong></span> <span class='ocrx_word' id='word_1_134' title='bbox 227 1585 497 1658; x_wconf 84' lang='lat' dir='ltr'><strong>tergiversationem</strong></span> <span class='ocrx_word' id='word_1_135' title='bbox 520 1584 638 1646; x_wconf 90' lang='lat' dir='ltr'><strong>tandem</strong></span> <span class='ocrx_word' id='word_1_136' title='bbox 661 1589 758 1663; x_wconf 87' lang='lat' dir='ltr'><strong>recepi</strong></span> <span class='ocrx_word' id='word_1_137' title='bbox 780 1605 798 1647; x_wconf 94' lang='lat' dir='ltr'><strong>a</strong></span> <span class='ocrx_word' id='word_1_138' title='bbox 820 1586 859 1645; x_wconf 87' lang='lat' dir='ltr'><strong>D.</strong></span> <span class='ocrx_word' id='word_1_139' title='bbox 875 1584 1034 1647; x_wconf 90' lang='lat' dir='ltr'><strong>Maestlinc</strong></span> <span class='ocrx_word' id='word_1_140' title='bbox 1049 1581 1266 1662; x_wconf 87' lang='lat' dir='ltr'><strong>Logarithmos.</strong></span> <span class='ocrx_word' id='word_1_141' title='bbox 1304 1581 1363 1640; x_wconf 83' lang='lat' dir='ltr'><strong>Eos</strong></span> <span class='ocrx_word' id='word_1_142' title='bbox 1385 1596 1503 1640; x_wconf 84' lang='lat' dir='ltr'><strong>mecum</strong></span> 
     </span>
     <span class='ocr_line' id='line_1_15' title="bbox 141 1668 1501 1752; baseline -0.003 -23"><span class='ocrx_word' id='word_1_143' title='bbox 141 1668 295 1744; x_wconf 88' lang='lat' dir='ltr'><strong>detinebo,</strong></span> <span class='ocrx_word' id='word_1_144' title='bbox 319 1669 412 1730; x_wconf 89' lang='lat' dir='ltr'><strong>donec</strong></span> <span class='ocrx_word' id='word_1_145' title='bbox 436 1672 590 1748; x_wconf 88' lang='lat' dir='ltr'><strong>epistolam</strong></span> <span class='ocrx_word' id='word_1_146' title='bbox 613 1672 705 1733; x_wconf 91' lang='lat' dir='ltr'><strong>addes</strong></span> <span class='ocrx_word' id='word_1_147' title='bbox 728 1673 765 1734; x_wconf 85' lang='lat' dir='ltr'><strong>ad</strong></span> <span class='ocrx_word' id='word_1_148' title='bbox 782 1671 1013 1752; x_wconf 86' lang='lat' dir='ltr'><strong>Landgravinm,</strong></span> <span class='ocrx_word' id='word_1_149' title='bbox 1036 1689 1124 1748; x_wconf 89' lang='lat' dir='ltr'><strong>quam</strong></span> <span class='ocrx_word' id='word_1_150' title='bbox 1147 1687 1206 1730; x_wconf 90' lang='lat' dir='ltr'><strong>nua</strong></span> <span class='ocrx_word' id='word_1_151' title='bbox 1221 1670 1278 1748; x_wconf 92' lang='lat' dir='ltr'><strong>ipsi</strong></span> <span class='ocrx_word' id='word_1_152' title='bbox 1293 1668 1501 1729; x_wconf 87' lang='lat' dir='ltr'><strong>transmittam.</strong></span> 
     </span>
     <span class='ocr_line' id='line_1_16' title="bbox 140 1756 714 1839; baseline 0.01 -23"><span class='ocrx_word' id='word_1_153' title='bbox 140 1756 217 1817; x_wconf 88' lang='lat' dir='ltr'><strong>Vale</strong></span> <span class='ocrx_word' id='word_1_154' title='bbox 241 1758 293 1817; x_wconf 83' lang='lat'><strong>20.</strong></span> <span class='ocrx_word' id='word_1_155' title='bbox 317 1756 399 1836; x_wconf 86' lang='lat' dir='ltr'><strong>Sept.</strong></span> <span class='ocrx_word' id='word_1_156' title='bbox 424 1765 516 1820; x_wconf 80' lang='grc'><strong>1623.</strong></span> <span class='ocrx_word' id='word_1_157' title='bbox 541 1777 560 1820; x_wconf 91' lang='lat' dir='ltr'><strong>a</strong></span> <span class='ocrx_word' id='word_1_158' title='bbox 582 1759 714 1839; x_wconf 89' lang='lat' dir='ltr'><strong>prandio.</strong></span> 
     </span>
    </p>

    <p class='ocr_par' dir='ltr' id='par_1_3' title="bbox 139 1838 1504 2347">
     <span class='ocr_line' id='line_1_17' title="bbox 247 1838 1504 1927; baseline -0.003 -25"><span class='ocrx_word' id='word_1_159' title='bbox 247 1844 324 1918; x_wconf 91' lang='lat' dir='ltr'><strong>„Die</strong></span> <span class='ocrx_word' id='word_1_160' title='bbox 339 1845 503 1906; x_wconf 83' lang='lat' dir='ltr'><strong>Matthiae“</strong></span> <span class='ocrx_word' id='word_1_161' title='bbox 525 1848 617 1907; x_wconf 83' lang='grc'><strong>1624.</strong></span> <span class='ocrx_word' id='word_1_162' title='bbox 641 1847 679 1906; x_wconf 93' lang='lat' dir='ltr'><strong>ad</strong></span> <span class='ocrx_word' id='word_1_163' title='bbox 701 1847 802 1909; x_wconf 88' lang='lat' dir='ltr'><strong>literas</strong></span> <span class='ocrx_word' id='word_1_164' title='bbox 816 1847 938 1926; x_wconf 88' lang='lat' dir='ltr'><strong>Kepieri</strong></span> <span class='ocrx_word' id='word_1_165' title='bbox 963 1844 1131 1923; x_wconf 86' lang='lat' dir='ltr'><strong>„prolixas“</strong></span> <span class='ocrx_word' id='word_1_166' title='bbox 1151 1838 1352 1927; x_wconf 83' lang='lat' dir='ltr'><strong>(deperditas)</strong></span> <span class='ocrx_word' id='word_1_167' title='bbox 1375 1857 1504 1920; x_wconf 90' lang='lat' dir='ltr'><strong>respon-</strong></span> 
     </span>
     <span class='ocr_line' id='line_1_18' title="bbox 141 1929 1502 2013; baseline -0.001 -23"><span class='ocrx_word' id='word_1_168' title='bbox 141 1929 184 1991; x_wconf 87' lang='lat' dir='ltr'><strong>dit</strong></span> <span class='ocrx_word' id='word_1_169' title='bbox 198 1930 404 2013; x_wconf 82' lang='lat' dir='ltr'><strong>Schiclrardus,</strong></span> <span class='ocrx_word' id='word_1_170' title='bbox 427 1933 591 1995; x_wconf 90' lang='lat' dir='ltr'><strong>machinam</strong></span> <span class='ocrx_word' id='word_1_171' title='bbox 607 1934 820 1996; x_wconf 87' lang='lat' dir='ltr'><strong>arithmeticam</strong></span> <span class='ocrx_word' id='word_1_172' title='bbox 836 1934 1020 1995; x_wconf 88' lang='lat' dir='ltr'><strong>describens:</strong></span> <span class='ocrx_word' id='word_1_173' title='bbox 1048 1950 1237 2010; x_wconf 82' lang='lat' dir='ltr'><strong>„curaveram</strong></span> <span class='ocrx_word' id='word_1_174' title='bbox 1251 1932 1306 1992; x_wconf 93' lang='lat' dir='ltr'><strong>tibi</strong></span> <span class='ocrx_word' id='word_1_175' title='bbox 1317 1931 1382 2008; x_wconf 89' lang='lat' dir='ltr'><strong>jam</strong></span> <span class='ocrx_word' id='word_1_176' title='bbox 1399 1945 1502 1990; x_wconf 89' lang='lat' dir='ltr'><strong>exem·</strong></span> 
     </span>
     <span class='ocr_line' id='line_1_19' title="bbox 140 2018 1504 2099; baseline -0.002 -20"><span class='ocrx_word' id='word_1_177' title='bbox 140 2018 205 2097; x_wconf 84' lang='lat' dir='ltr'><strong>pler</strong></span> <span class='ocrx_word' id='word_1_178' title='bbox 234 2018 352 2079; x_wconf 86' lang='lat' dir='ltr'><strong>confieri</strong></span> <span class='ocrx_word' id='word_1_179' title='bbox 382 2021 461 2098; x_wconf 92' lang='lat' dir='ltr'><strong>apud</strong></span> <span class='ocrx_word' id='word_1_180' title='bbox 483 2020 513 2081; x_wconf 87' lang='lat' dir='ltr'><strong>J.</strong></span> <span class='ocrx_word' id='word_1_181' title='bbox 536 2021 691 2082; x_wconf 88' lang='lat' dir='ltr'><strong>Pfisterum</strong></span> <span class='ocrx_word' id='word_1_182' title='bbox 719 2030 894 2099; x_wconf 71' lang='lat' dir='ltr'><strong>nostratem,</strong></span> <span class='ocrx_word' id='word_1_183' title='bbox 926 2022 978 2082; x_wconf 89' lang='lat' dir='ltr'><strong>sed</strong></span> <span class='ocrx_word' id='word_1_184' title='bbox 1001 2019 1074 2080; x_wconf 92' lang='lat' dir='ltr'><strong>illud</strong></span> <span class='ocrx_word' id='word_1_185' title='bbox 1096 2019 1329 2096; x_wconf 84' lang='lat' dir='ltr'><strong>semiperfectum</strong></span> <span class='ocrx_word' id='word_1_186' title='bbox 1351 2034 1413 2077; x_wconf 92' lang='lat' dir='ltr'><strong>una</strong></span> <span class='ocrx_word' id='word_1_187' title='bbox 1436 2033 1504 2077; x_wconf 91' lang='lat' dir='ltr'><strong>enm</strong></span> 
     </span>
     <span class='ocr_line' id='line_1_20' title="bbox 141 2104 1504 2187; baseline -0.001 -21"><span class='ocrx_word' id='word_1_188' title='bbox 141 2105 208 2166; x_wconf 90' lang='lat' dir='ltr'><strong>aliis</strong></span> <span class='ocrx_word' id='word_1_189' title='bbox 231 2106 406 2182; x_wconf 89' lang='lat' dir='ltr'><strong>quibusdam</strong></span> <span class='ocrx_word' id='word_1_190' title='bbox 425 2111 506 2180; x_wconf 90' lang='lat' dir='ltr'><strong>meis,</strong></span> <span class='ocrx_word' id='word_1_191' title='bbox 530 2113 687 2186; x_wconf 91' lang='lat' dir='ltr'><strong>praecipue</strong></span> <span class='ocrx_word' id='word_1_192' title='bbox 711 2111 825 2187; x_wconf 88' lang='lat' dir='ltr'><strong>aliquot</strong></span> <span class='ocrx_word' id='word_1_193' title='bbox 847 2109 956 2170; x_wconf 88' lang='lat' dir='ltr'><strong>tabulis</strong></span> <span class='ocrx_word' id='word_1_194' title='bbox 979 2109 1088 2183; x_wconf 90' lang='lat' dir='ltr'><strong>aeneis,</strong></span> <span class='ocrx_word' id='word_1_195' title='bbox 1112 2108 1304 2184; x_wconf 85' lang='lat' dir='ltr'><strong>conflagravit</strong></span> <span class='ocrx_word' id='word_1_196' title='bbox 1319 2109 1349 2164; x_wconf 94' lang='lat' dir='ltr'><strong>in</strong></span> <span class='ocrx_word' id='word_1_197' title='bbox 1364 2104 1504 2165; x_wconf 91' lang='lat' dir='ltr'><strong>incendio</strong></span> 
     </span>
     <span class='ocr_line' id='line_1_21' title="bbox 139 2190 1504 2274; baseline 0.001 -22"><span class='ocrx_word' id='word_1_198' title='bbox 139 2199 230 2254; x_wconf 93' lang='lat' dir='ltr'><strong>noctn</strong></span> <span class='ocrx_word' id='word_1_199' title='bbox 254 2202 364 2256; x_wconf 81' lang='lat' dir='ltr'><strong>coorto.</strong></span> <span class='ocrx_word' id='word_1_200' title='bbox 401 2195 514 2257; x_wconf 88' lang='lat' dir='ltr'><strong>Harum</strong></span> <span class='ocrx_word' id='word_1_201' title='bbox 535 2198 681 2274; x_wconf 91' lang='lat' dir='ltr'><strong>jacturam</strong></span> <span class='ocrx_word' id='word_1_202' title='bbox 705 2197 863 2258; x_wconf 90' lang='lat' dir='ltr'><strong>admodum</strong></span> <span class='ocrx_word' id='word_1_203' title='bbox 886 2215 973 2274; x_wconf 83' lang='lat' dir='ltr'><strong>aegre</strong></span> <span class='ocrx_word' id='word_1_204' title='bbox 988 2197 1058 2270; x_wconf 90' lang='lat' dir='ltr'><strong>fero,</strong></span> <span class='ocrx_word' id='word_1_205' title='bbox 1082 2196 1252 2274; x_wconf 88' lang='lat' dir='ltr'><strong>praesertim</strong></span> <span class='ocrx_word' id='word_1_206' title='bbox 1272 2210 1358 2268; x_wconf 92' lang='lat' dir='ltr'><strong>nuuc,</strong></span> <span class='ocrx_word' id='word_1_207' title='bbox 1382 2190 1504 2271; x_wconf 88' lang='lat' dir='ltr'><strong>quando</strong></span> 
     </span>
     <span class='ocr_line' id='line_1_22' title="bbox 140 2284 728 2347; baseline 0.01 -7"><span class='ocrx_word' id='word_1_208' title='bbox 140 2299 198 2342; x_wconf 92' lang='lat' dir='ltr'><strong>nou</strong></span> <span class='ocrx_word' id='word_1_209' title='bbox 222 2289 312 2341; x_wconf 89' lang='lat' dir='ltr'><strong>vacat</strong></span> <span class='ocrx_word' id='word_1_210' title='bbox 334 2284 394 2344; x_wconf 91' lang='lat' dir='ltr'><strong>alia</strong></span> <span class='ocrx_word' id='word_1_211' title='bbox 415 2284 532 2345; x_wconf 89' lang='lat' dir='ltr'><strong>reficere</strong></span> <span class='ocrx_word' id='word_1_212' title='bbox 556 2292 616 2344; x_wconf 91' lang='lat' dir='ltr'><strong>tam</strong></span> <span class='ocrx_word' id='word_1_213' title='bbox 640 2287 728 2347; x_wconf 86' lang='lat' dir='ltr'><strong>eito.“</strong></span> 
     </span>
    </p>

    <p class='ocr_par' dir='ltr' id='par_1_4' title="bbox 140 2366 1505 2973">
     <span class='ocr_line' id='line_1_23' title="bbox 245 2366 1505 2454; baseline 0 -27"><span class='ocrx_word' id='word_1_214' title='bbox 245 2368 465 2448; x_wconf 90' lang='lat' dir='ltr'><strong>Philippus</strong></span> <span class='ocrx_word' id='word_1_215' title='bbox 495 2371 621 2432; x_wconf 89' lang='lat' dir='ltr'><strong>Hassiae</strong></span> <span class='ocrx_word' id='word_1_216' title='bbox 652 2372 857 2451; x_wconf 89' lang='lat' dir='ltr'><strong>Landgravius</strong></span> <span class='ocrx_word' id='word_1_217' title='bbox 891 2368 985 2454; x_wconf 88' lang='lat' dir='ltr'><strong>(tilius</strong></span> <span class='ocrx_word' id='word_1_218' title='bbox 1015 2370 1144 2431; x_wconf 90' lang='lat' dir='ltr'><strong>seeundo</strong></span> <span class='ocrx_word' id='word_1_219' title='bbox 1174 2370 1291 2447; x_wconf 89' lang='lat' dir='ltr'><strong>genitus</strong></span> <span class='ocrx_word' id='word_1_220' title='bbox 1321 2366 1505 2444; x_wconf 74' lang='lat' dir='ltr'><strong>landgravii</strong></span> 
     </span>
     <span class='ocr_line' id='line_1_24' title="bbox 141 2453 1505 2538; baseline 0 -22"><span class='ocrx_word' id='word_1_221' title='bbox 141 2453 271 2532; x_wconf 85' lang='lat' dir='ltr'><strong>Georgii,</strong></span> <span class='ocrx_word' id='word_1_222' title='bbox 297 2457 384 2519; x_wconf 91' lang='lat' dir='ltr'><strong>fratre</strong></span> <span class='ocrx_word' id='word_1_223' title='bbox 399 2458 553 2519; x_wconf 88' lang='lat' dir='ltr'><strong>Ludovico</strong></span> <span class='ocrx_word' id='word_1_224' title='bbox 576 2466 606 2518; x_wconf 93' lang='lat' dir='ltr'><strong>in</strong></span> <span class='ocrx_word' id='word_1_225' title='bbox 630 2478 750 2537; x_wconf 88' lang='lat' dir='ltr'><strong>reguum</strong></span> <span class='ocrx_word' id='word_1_226' title='bbox 773 2462 864 2538; x_wconf 91' lang='lat' dir='ltr'><strong>patris</strong></span> <span class='ocrx_word' id='word_1_227' title='bbox 880 2458 1063 2531; x_wconf 88' lang='lat' dir='ltr'><strong>succedente,</strong></span> <span class='ocrx_word' id='word_1_228' title='bbox 1087 2457 1228 2536; x_wconf 92' lang='lat' dir='ltr'><strong>oppidum</strong></span> <span class='ocrx_word' id='word_1_229' title='bbox 1244 2462 1273 2516; x_wconf 91' lang='lat' dir='ltr'><strong>et</strong></span> <span class='ocrx_word' id='word_1_230' title='bbox 1286 2455 1505 2534; x_wconf 78' lang='lat' dir='ltr'><strong>praefecturam</strong></span> 
     </span>
     <span class='ocr_line' id='line_1_25' title="bbox 141 2539 1504 2626; baseline 0.001 -24"><span class='ocrx_word' id='word_1_231' title='bbox 141 2543 317 2604; x_wconf 83' lang='lat' dir='ltr'><strong>Butnbaehii</strong></span> <span class='ocrx_word' id='word_1_232' title='bbox 340 2545 566 2606; x_wconf 85' lang='lat' dir='ltr'><strong>haereditariam</strong></span> <span class='ocrx_word' id='word_1_233' title='bbox 585 2550 708 2625; x_wconf 87' lang='lat' dir='ltr'><strong>accepit.</strong></span> <span class='ocrx_word' id='word_1_234' title='bbox 747 2546 882 2608; x_wconf 88' lang='lat' dir='ltr'><strong>Mortuus</strong></span> <span class='ocrx_word' id='word_1_235' title='bbox 897 2555 942 2607; x_wconf 89' lang='lat' dir='ltr'><strong>est</strong></span> <span class='ocrx_word' id='word_1_236' title='bbox 956 2564 1065 2607; x_wconf 92' lang='lat' dir='ltr'><strong>aunum</strong></span> <span class='ocrx_word' id='word_1_237' title='bbox 1081 2563 1172 2623; x_wconf 88' lang='lat' dir='ltr'><strong>agens</strong></span> <span class='ocrx_word' id='word_1_238' title='bbox 1192 2546 1270 2604; x_wconf 70' lang='grc' dir='ltr'><strong>62111ιὶ</strong></span> <span class='ocrx_word' id='word_1_239' title='bbox 1292 2560 1370 2605; x_wconf 88' lang='lat' dir='ltr'><strong>auno</strong></span> <span class='ocrx_word' id='word_1_240' title='bbox 1389 2539 1504 2626; x_wconf 77' lang='lat'><strong>1643),</strong></span> 
     </span>
     <span class='ocr_line' id='line_1_26' title="bbox 142 2631 1504 2710; baseline 0.001 -22"><span class='ocrx_word' id='word_1_241' title='bbox 142 2648 228 2707; x_wconf 89' lang='lat' dir='ltr'><strong>quem</strong></span> <span class='ocrx_word' id='word_1_242' title='bbox 251 2648 341 2710; x_wconf 89' lang='lat' dir='ltr'><strong>supra</strong></span> <span class='ocrx_word' id='word_1_243' title='bbox 364 2632 434 2693; x_wconf 91' lang='lat' dir='ltr'><strong>dicit</strong></span> <span class='ocrx_word' id='word_1_244' title='bbox 448 2633 655 2709; x_wconf 82' lang='lat' dir='ltr'><strong>Schickardus,</strong></span> <span class='ocrx_word' id='word_1_245' title='bbox 679 2653 779 2696; x_wconf 89' lang='lat' dir='ltr'><strong>meuse</strong></span> <span class='ocrx_word' id='word_1_246' title='bbox 797 2634 890 2695; x_wconf 85' lang='lat' dir='ltr'><strong>Junio</strong></span> <span class='ocrx_word' id='word_1_247' title='bbox 911 2636 1002 2694; x_wconf 83' lang='grc'><strong>1623.</strong></span> <span class='ocrx_word' id='word_1_248' title='bbox 1023 2633 1115 2693; x_wconf 90' lang='lat' dir='ltr'><strong>literis</strong></span> <span class='ocrx_word' id='word_1_249' title='bbox 1135 2632 1209 2692; x_wconf 92' lang='lat' dir='ltr'><strong>adiit</strong></span> <span class='ocrx_word' id='word_1_250' title='bbox 1224 2631 1394 2709; x_wconf 87' lang='lat' dir='ltr'><strong>Kepierum,</strong></span> <span class='ocrx_word' id='word_1_251' title='bbox 1420 2647 1504 2691; x_wconf 91' lang='lat' dir='ltr'><strong>corn·</strong></span> 
     </span>
     <span class='ocr_line' id='line_1_27' title="bbox 140 2718 1505 2802; baseline 0.001 -24"><span class='ocrx_word' id='word_1_252' title='bbox 140 2718 280 2797; x_wconf 90' lang='lat' dir='ltr'><strong>pendium</strong></span> <span class='ocrx_word' id='word_1_253' title='bbox 303 2720 409 2780; x_wconf 87' lang='lat' dir='ltr'><strong>calculi</strong></span> <span class='ocrx_word' id='word_1_254' title='bbox 428 2724 616 2783; x_wconf 87' lang='lat' dir='ltr'><strong>astronomici</strong></span> <span class='ocrx_word' id='word_1_255' title='bbox 635 2723 797 2800; x_wconf 86' lang='lat' dir='ltr'><strong>aKeplero</strong></span> <span class='ocrx_word' id='word_1_256' title='bbox 807 2730 924 2802; x_wconf 88' lang='lat' dir='ltr'><strong>petens.</strong></span> <span class='ocrx_word' id='word_1_257' title='bbox 963 2721 1112 2798; x_wconf 81' lang='lat' dir='ltr'><strong>Arripiens</strong></span> <span class='ocrx_word' id='word_1_258' title='bbox 1126 2720 1203 2780; x_wconf 90' lang='lat' dir='ltr'><strong>hanc</strong></span> <span class='ocrx_word' id='word_1_259' title='bbox 1218 2722 1404 2780; x_wconf 88' lang='lat' dir='ltr'><strong>occasionem</strong></span> <span class='ocrx_word' id='word_1_260' title='bbox 1419 2718 1505 2797; x_wconf 85' lang='lat' dir='ltr'><strong>Kep-</strong></span> 
     </span>
     <span class='ocr_line' id='line_1_28' title="bbox 140 2806 1505 2888; baseline 0.001 -24"><span class='ocrx_word' id='word_1_261' title='bbox 140 2806 220 2866; x_wconf 93' lang='lat' dir='ltr'><strong>lerus</strong></span> <span class='ocrx_word' id='word_1_262' title='bbox 235 2806 373 2886; x_wconf 89' lang='lat' dir='ltr'><strong>Philippo</strong></span> <span class='ocrx_word' id='word_1_263' title='bbox 389 2826 488 2869; x_wconf 89' lang='lat' dir='ltr'><strong>curam</strong></span> <span class='ocrx_word' id='word_1_264' title='bbox 504 2812 568 2888; x_wconf 88' lang='lat' dir='ltr'><strong>typi</strong></span> <span class='ocrx_word' id='word_1_265' title='bbox 583 2810 824 2887; x_wconf 90' lang='lat' dir='ltr'><strong>logarithmorum</strong></span> <span class='ocrx_word' id='word_1_266' title='bbox 840 2809 947 2871; x_wconf 87' lang='lat' dir='ltr'><strong>obtulit</strong></span> <span class='ocrx_word' id='word_1_267' title='bbox 962 2818 991 2869; x_wconf 88' lang='lat' dir='ltr'><strong>et</strong></span> <span class='ocrx_word' id='word_1_268' title='bbox 1006 2806 1185 2870; x_wconf 82' lang='lat' dir='ltr'><strong>Schiclrardo</strong></span> <span class='ocrx_word' id='word_1_269' title='bbox 1200 2808 1324 2886; x_wconf 88' lang='lat' dir='ltr'><strong>scripsit,</strong></span> <span class='ocrx_word' id='word_1_270' title='bbox 1348 2814 1382 2867; x_wconf 92' lang='lat' dir='ltr'><strong>ut</strong></span> <span class='ocrx_word' id='word_1_271' title='bbox 1394 2806 1505 2867; x_wconf 90' lang='lat' dir='ltr'><strong>iihrum</strong></span> 
     </span>
     <span class='ocr_line' id='line_1_29' title="bbox 141 2895 678 2973; baseline 0.004 -18"><span class='ocrx_word' id='word_1_272' title='bbox 141 2895 281 2973; x_wconf 80' lang='lat' dir='ltr'><strong>scriptum</strong></span> <span class='ocrx_word' id='word_1_273' title='bbox 304 2895 519 2957; x_wconf 86' lang='lat' dir='ltr'><strong>Butahachium</strong></span> <span class='ocrx_word' id='word_1_274' title='bbox 542 2899 678 2958; x_wconf 88' lang='lat' dir='ltr'><strong>mitteret.</strong></span> 
     </span>
    </p>

    <p class='ocr_par' dir='ltr' id='par_1_5' title="bbox 140 2979 1505 3586">
     <span class='ocr_line' id='line_1_30' title="bbox 247 2979 1505 3064; baseline -0.001 -23"><span class='ocrx_word' id='word_1_275' title='bbox 247 2981 442 3043; x_wconf 83' lang='lat' dir='ltr'><strong>Schiclrardus</strong></span> <span class='ocrx_word' id='word_1_276' title='bbox 472 2986 588 3060; x_wconf 85' lang='lat' dir='ltr'><strong>scripsit</strong></span> <span class='ocrx_word' id='word_1_277' title='bbox 617 2984 645 3044; x_wconf 92' lang='lat' dir='ltr'><strong>d.</strong></span> <span class='ocrx_word' id='word_1_278' title='bbox 670 2979 755 3064; x_wconf 79' lang='lat' dir='ltr'><strong>6l16.</strong></span> <span class='ocrx_word' id='word_1_279' title='bbox 779 2983 864 3044; x_wconf 85' lang='lat' dir='ltr'><strong>Junii</strong></span> <span class='ocrx_word' id='word_1_280' title='bbox 890 2985 989 3043; x_wconf 72' lang='lat'>1624:</span> <span class='ocrx_word' id='word_1_281' title='bbox 1024 2981 1231 3059; x_wconf 88' lang='lat' dir='ltr'><strong>Logarlthmos</strong></span> <span class='ocrx_word' id='word_1_282' title='bbox 1260 2989 1327 3042; x_wconf 90' lang='lat' dir='ltr'><strong>tuos</strong></span> <span class='ocrx_word' id='word_1_283' title='bbox 1357 2981 1505 3058; x_wconf 88' lang='lat' dir='ltr'><strong>superiori</strong></span> 
     </span>
     <span class='ocr_line' id='line_1_31' title="bbox 142 3067 1503 3149; baseline 0 -20"><span class='ocrx_word' id='word_1_284' title='bbox 142 3075 283 3129; x_wconf 88' lang='lat' dir='ltr'><strong>autumno</strong></span> <span class='ocrx_word' id='word_1_285' title='bbox 306 3079 383 3130; x_wconf 89' lang='lat' dir='ltr'><strong>recte</strong></span> <span class='ocrx_word' id='word_1_286' title='bbox 407 3079 435 3131; x_wconf 92' lang='lat' dir='ltr'><strong>et</strong></span> <span class='ocrx_word' id='word_1_287' title='bbox 459 3071 614 3149; x_wconf 89' lang='lat' dir='ltr'><strong>diligenter</strong></span> <span class='ocrx_word' id='word_1_288' title='bbox 636 3075 753 3147; x_wconf 88' lang='lat' dir='ltr'><strong>curavi,</strong></span> <span class='ocrx_word' id='word_1_289' title='bbox 785 3089 839 3133; x_wconf 90' lang='lat' dir='ltr'><strong>uec</strong></span> <span class='ocrx_word' id='word_1_290' title='bbox 868 3070 987 3144; x_wconf 89' lang='lat' dir='ltr'><strong>dubito,</strong></span> <span class='ocrx_word' id='word_1_291' title='bbox 1017 3072 1088 3148; x_wconf 88' lang='lat' dir='ltr'><strong>quin</strong></span> <span class='ocrx_word' id='word_1_292' title='bbox 1117 3071 1263 3146; x_wconf 88' lang='lat' dir='ltr'><strong>acceperit</strong></span> <span class='ocrx_word' id='word_1_293' title='bbox 1285 3067 1503 3146; x_wconf 85' lang='lat' dir='ltr'><strong>Landgravius,</strong></span> 
     </span>
     <span class='ocr_line' id='line_1_32' title="bbox 143 3154 1505 3237; baseline 0 -22"><span class='ocrx_word' id='word_1_294' title='bbox 143 3159 278 3233; x_wconf 87' lang='lat' dir='ltr'><strong>quamvis</strong></span> <span class='ocrx_word' id='word_1_295' title='bbox 307 3175 394 3218; x_wconf 90' lang='lat' dir='ltr'><strong>nemo</strong></span> <span class='ocrx_word' id='word_1_296' title='bbox 425 3162 582 3236; x_wconf 89' lang='lat' dir='ltr'><strong>quicquam</strong></span> <span class='ocrx_word' id='word_1_297' title='bbox 610 3161 799 3237; x_wconf 88' lang='lat' dir='ltr'><strong>rescripserit.</strong></span> <span class='ocrx_word' id='word_1_298' title='bbox 847 3158 1013 3234; x_wconf 86' lang='lat' dir='ltr'><strong>„Postridie</strong></span> <span class='ocrx_word' id='word_1_299' title='bbox 1035 3157 1210 3218; x_wconf 82' lang='lat' dir='ltr'><strong>Michaelis“</strong></span> <span class='ocrx_word' id='word_1_300' title='bbox 1238 3157 1321 3216; x_wconf 84' lang='grc'><strong>1624</strong></span> <span class='ocrx_word' id='word_1_301' title='bbox 1348 3155 1395 3215; x_wconf 93' lang='lat' dir='ltr'><strong>his</strong></span> <span class='ocrx_word' id='word_1_302' title='bbox 1420 3154 1505 3216; x_wconf 89' lang='lat' dir='ltr'><strong>addit</strong></span> 
     </span>
     <span class='ocr_line' id='line_1_33' title="bbox 142 3241 1503 3325; baseline -0.001 -21"><span class='ocrx_word' id='word_1_303' title='bbox 142 3243 351 3304; x_wconf 82' lang='lat' dir='ltr'><strong>Schichardus:</strong></span> <span class='ocrx_word' id='word_1_304' title='bbox 367 3245 550 3324; x_wconf 85' lang='lat' dir='ltr'><strong>Logarithmi</strong></span> <span class='ocrx_word' id='word_1_305' title='bbox 566 3247 609 3306; x_wconf 93' lang='lat' dir='ltr'><strong>tui</strong></span> <span class='ocrx_word' id='word_1_306' title='bbox 625 3246 776 3325; x_wconf 88' lang='lat' dir='ltr'><strong>Marpurgi</strong></span> <span class='ocrx_word' id='word_1_307' title='bbox 792 3256 860 3307; x_wconf 90' lang='lat' dir='ltr'><strong>sunt</strong></span> <span class='ocrx_word' id='word_1_308' title='bbox 875 3249 974 3307; x_wconf 81' lang='lat' dir='ltr'><strong>excusi</strong></span> <span class='ocrx_word' id='word_1_309' title='bbox 991 3254 1020 3307; x_wconf 91' lang='lat' dir='ltr'><strong>ct</strong></span> <span class='ocrx_word' id='word_1_310' title='bbox 1036 3245 1151 3307; x_wconf 89' lang='lat' dir='ltr'><strong>illorum</strong></span> <span class='ocrx_word' id='word_1_311' title='bbox 1168 3242 1318 3320; x_wconf 86' lang='lat' dir='ltr'><strong>exemplar</strong></span> <span class='ocrx_word' id='word_1_312' title='bbox 1332 3241 1379 3303; x_wconf 89' lang='lat' dir='ltr'><strong>ill.</strong></span> <span class='ocrx_word' id='word_1_313' title='bbox 1397 3241 1503 3304; x_wconf 83' lang='lat' dir='ltr'><strong>Land-</strong></span> 
     </span>
     <span class='ocr_line' id='line_1_34' title="bbox 140 3330 1505 3413; baseline -0.001 -23"><span class='ocrx_word' id='word_1_314' title='bbox 140 3333 261 3408; x_wconf 90' lang='lat' dir='ltr'><strong>gravius</strong></span> <span class='ocrx_word' id='word_1_315' title='bbox 284 3333 355 3392; x_wconf 88' lang='lat' dir='ltr'><strong>mihi</strong></span> <span class='ocrx_word' id='word_1_316' title='bbox 379 3335 467 3409; x_wconf 88' lang='lat' dir='ltr'><strong>misit,</strong></span> <span class='ocrx_word' id='word_1_317' title='bbox 491 3333 593 3412; x_wconf 90' lang='lat' dir='ltr'><strong>procul</strong></span> <span class='ocrx_word' id='word_1_318' title='bbox 619 3333 708 3395; x_wconf 89' lang='lat' dir='ltr'><strong>dubio</strong></span> <span class='ocrx_word' id='word_1_319' title='bbox 730 3354 782 3413; x_wconf 92' lang='lat' dir='ltr'><strong>per</strong></span> <span class='ocrx_word' id='word_1_320' title='bbox 803 3333 893 3395; x_wconf 89' lang='lat' dir='ltr'><strong>aliam</strong></span> <span class='ocrx_word' id='word_1_321' title='bbox 908 3335 1092 3394; x_wconf 88' lang='lat' dir='ltr'><strong>occasionem</strong></span> <span class='ocrx_word' id='word_1_322' title='bbox 1108 3332 1218 3392; x_wconf 92' lang='lat' dir='ltr'><strong>dudum</strong></span> <span class='ocrx_word' id='word_1_323' title='bbox 1233 3334 1321 3392; x_wconf 90' lang='lat' dir='ltr'><strong>etiam</strong></span> <span class='ocrx_word' id='word_1_324' title='bbox 1337 3331 1392 3390; x_wconf 87' lang='lat' dir='ltr'><strong>tihi</strong></span> <span class='ocrx_word' id='word_1_325' title='bbox 1407 3330 1505 3407; x_wconf 91' lang='lat' dir='ltr'><strong>plnra,</strong></span> 
     </span>
     <span class='ocr_line' id='line_1_35' title="bbox 141 3406 1504 3498; baseline -0.001 -20"><span class='ocrx_word' id='word_1_326' title='bbox 141 3420 216 3478; x_wconf 90' lang='lat' dir='ltr'><strong>alias</strong></span> <span class='ocrx_word' id='word_1_327' title='bbox 238 3419 296 3480; x_wconf 90' lang='lat' dir='ltr'><strong>hoc</strong></span> <span class='ocrx_word' id='word_1_328' title='bbox 319 3439 415 3481; x_wconf 89' lang='lat' dir='ltr'><strong>meum</strong></span> <span class='ocrx_word' id='word_1_329' title='bbox 439 3425 554 3481; x_wconf 89' lang='lat' dir='ltr'><strong>interim</strong></span> <span class='ocrx_word' id='word_1_330' title='bbox 578 3425 832 3496; x_wconf 91' lang='lat' dir='ltr'><strong>communicarem,</strong></span> <span class='ocrx_word' id='word_1_331' title='bbox 856 3429 888 3480; x_wconf 91' lang='lat' dir='ltr'><strong>ut</strong></span> <span class='ocrx_word' id='word_1_332' title='bbox 910 3424 1020 3498; x_wconf 88' lang='lat' dir='ltr'><strong>primae</strong></span> <span class='ocrx_word' id='word_1_333' title='bbox 1043 3420 1208 3482; x_wconf 88' lang='lat' dir='ltr'><strong>traditionis</strong></span> <span class='ocrx_word' id='word_1_334' title='bbox 1226 3420 1351 3496; x_wconf 89' lang='lat' dir='ltr'><strong>gratiam</strong></span> <span class='ocrx_word' id='word_1_335' title='bbox 1367 3406 1504 3480; x_wconf 88' lang='lat' dir='ltr'><strong>niererer.</strong></span> 
     </span>
     <span class='ocr_line' id='line_1_36' title="bbox 142 3505 1505 3586; baseline 0 -21"><span class='ocrx_word' id='word_1_336' title='bbox 142 3505 276 3580; x_wconf 89' lang='lat' dir='ltr'><strong>Gaudeo,</strong></span> <span class='ocrx_word' id='word_1_337' title='bbox 300 3508 411 3585; x_wconf 90' lang='lat' dir='ltr'><strong>publici</strong></span> <span class='ocrx_word' id='word_1_338' title='bbox 430 3510 506 3585; x_wconf 92' lang='lat' dir='ltr'><strong>juris</strong></span> <span class='ocrx_word' id='word_1_339' title='bbox 530 3511 624 3569; x_wconf 91' lang='lat' dir='ltr'><strong>factos</strong></span> <span class='ocrx_word' id='word_1_340' title='bbox 648 3510 770 3570; x_wconf 88' lang='lat' dir='ltr'><strong>etmihi</strong></span> <span class='ocrx_word' id='word_1_341' title='bbox 794 3508 829 3569; x_wconf 86' lang='lat' dir='ltr'><strong>de</strong></span> <span class='ocrx_word' id='word_1_342' title='bbox 854 3508 958 3569; x_wconf 91' lang='lat' dir='ltr'><strong>calculi</strong></span> <span class='ocrx_word' id='word_1_343' title='bbox 982 3508 1155 3586; x_wconf 91' lang='lat' dir='ltr'><strong>compendio</strong></span> <span class='ocrx_word' id='word_1_344' title='bbox 1178 3515 1238 3567; x_wconf 90' lang='lat' dir='ltr'><strong>tam</strong></span> <span class='ocrx_word' id='word_1_345' title='bbox 1255 3506 1345 3566; x_wconf 89' lang='lat' dir='ltr'><strong>nobili</strong></span> <span class='ocrx_word' id='word_1_346' title='bbox 1360 3505 1505 3583; x_wconf 88' lang='lat' dir='ltr'><strong>gratulor.</strong></span> 
     </span>
    </p>
   </div>
   <div class='ocr_carea' id='block_1_3' title="bbox 51 3592 1506 3675">
    <p class='ocr_par' dir='ltr' id='par_1_6' title="bbox 51 3592 1506 3675">
     <span class='ocr_line' id='line_1_37' title="bbox 51 3592 1506 3675; baseline 0.003 -24"><span class='ocrx_word' id='word_1_347' title='bbox 51 3636 54 3642; x_wconf 84' lang='grc'><strong>-</strong></span> <span class='ocrx_word' id='word_1_348' title='bbox 142 3592 307 3653; x_wconf 88' lang='lat' dir='ltr'><strong>Proderuut</strong></span> <span class='ocrx_word' id='word_1_349' title='bbox 329 3596 401 3654; x_wconf 90' lang='lat' dir='ltr'><strong>mihi</strong></span> <span class='ocrx_word' id='word_1_350' title='bbox 425 3599 514 3656; x_wconf 91' lang='lat' dir='ltr'><strong>etiam</strong></span> <span class='ocrx_word' id='word_1_351' title='bbox 538 3596 576 3656; x_wconf 91' lang='lat' dir='ltr'><strong>ad</strong></span> <span class='ocrx_word' id='word_1_352' title='bbox 600 3596 674 3656; x_wconf 89' lang='lat' dir='ltr'><strong>alias</strong></span> <span class='ocrx_word' id='word_1_353' title='bbox 698 3597 923 3675; x_wconf 88' lang='lat' dir='ltr'><strong>supputationes</strong></span> <span class='ocrx_word' id='word_1_354' title='bbox 947 3613 991 3670; x_wconf 90' lang='lat' dir='ltr'><strong>eo,</strong></span> <span class='ocrx_word' id='word_1_355' title='bbox 1016 3596 1096 3675; x_wconf 89' lang='lat' dir='ltr'><strong>quod</strong></span> <span class='ocrx_word' id='word_1_356' title='bbox 1119 3595 1219 3655; x_wconf 89' lang='lat' dir='ltr'><strong>ordine</strong></span> <span class='ocrx_word' id='word_1_357' title='bbox 1241 3611 1342 3654; x_wconf 88' lang='lat' dir='ltr'><strong>omnes</strong></span> <span class='ocrx_word' id='word_1_358' title='bbox 1366 3592 1506 3655; x_wconf 76' lang='lat' dir='ltr'><strong>chiliadis</strong></span> 
     </span>
    </p>
   </div>
   <div class='ocr_carea' id='block_1_4' title="bbox 140 3680 1506 4899">
    <p class='ocr_par' dir='ltr' id='par_1_7' title="bbox 140 3680 1506 4019">
     <span class='ocr_line' id='line_1_38' title="bbox 140 3680 1506 3762; baseline -0.001 -23"><span class='ocrx_word' id='word_1_359' title='bbox 140 3698 277 3740; x_wconf 90' lang='lat' dir='ltr'><strong>numeros</strong></span> <span class='ocrx_word' id='word_1_360' title='bbox 302 3682 458 3760; x_wconf 80' lang='lat' dir='ltr'><strong>exhibent3</strong></span> <span class='ocrx_word' id='word_1_361' title='bbox 482 3701 517 3743; x_wconf 89' lang='lat' dir='ltr'><strong>eo</strong></span> <span class='ocrx_word' id='word_1_362' title='bbox 540 3685 659 3744; x_wconf 91' lang='lat' dir='ltr'><strong>nomine</strong></span> <span class='ocrx_word' id='word_1_363' title='bbox 681 3686 814 3762; x_wconf 90' lang='lat' dir='ltr'><strong>praefero</strong></span> <span class='ocrx_word' id='word_1_364' title='bbox 830 3684 1010 3762; x_wconf 89' lang='lat' dir='ltr'><strong>Neperianis.</strong></span> <span class='ocrx_word' id='word_1_365' title='bbox 1051 3683 1109 3744; x_wconf 86' lang='lat' dir='ltr'><strong>Sed</strong></span> <span class='ocrx_word' id='word_1_366' title='bbox 1132 3702 1169 3744; x_wconf 93' lang='lat' dir='ltr'><strong>ne</strong></span> <span class='ocrx_word' id='word_1_367' title='bbox 1189 3680 1379 3754; x_wconf 89' lang='lat' dir='ltr'><strong>dissimulem,</strong></span> <span class='ocrx_word' id='word_1_368' title='bbox 1402 3682 1435 3738; x_wconf 93' lang='lat' dir='ltr'><strong>iu</strong></span> <span class='ocrx_word' id='word_1_369' title='bbox 1450 3680 1506 3740; x_wconf 86' lang='lat' dir='ltr'><strong>tri-</strong></span> 
     </span>
     <span class='ocr_line' id='line_1_39' title="bbox 141 3770 1505 3850; baseline -0.001 -22"><span class='ocrx_word' id='word_1_370' title='bbox 141 3771 327 3845; x_wconf 89' lang='lat' dir='ltr'><strong>gonometria</strong></span> <span class='ocrx_word' id='word_1_371' title='bbox 349 3770 427 3831; x_wconf 91' lang='lat' dir='ltr'><strong>malo</strong></span> <span class='ocrx_word' id='word_1_372' title='bbox 452 3771 511 3831; x_wconf 91' lang='lat' dir='ltr'><strong>iilis</strong></span> <span class='ocrx_word' id='word_1_373' title='bbox 536 3773 588 3846; x_wconf 90' lang='lat' dir='ltr'><strong>uti,</strong></span> <span class='ocrx_word' id='word_1_374' title='bbox 613 3774 663 3847; x_wconf 89' lang='lat' dir='ltr'><strong>qui</strong></span> <span class='ocrx_word' id='word_1_375' title='bbox 687 3772 724 3832; x_wconf 92' lang='lat' dir='ltr'><strong>ad</strong></span> <span class='ocrx_word' id='word_1_376' title='bbox 748 3776 829 3850; x_wconf 90' lang='lat' dir='ltr'><strong>ipsos</strong></span> <span class='ocrx_word' id='word_1_377' title='bbox 852 3774 1029 3847; x_wconf 90' lang='lat' dir='ltr'><strong>integrorum</strong></span> <span class='ocrx_word' id='word_1_378' title='bbox 1052 3770 1256 3848; x_wconf 88' lang='lat' dir='ltr'><strong>scrupulorum</strong></span> <span class='ocrx_word' id='word_1_379' title='bbox 1278 3770 1361 3829; x_wconf 89' lang='lat' dir='ltr'><strong>sinus</strong></span> <span class='ocrx_word' id='word_1_380' title='bbox 1377 3785 1505 3845; x_wconf 90' lang='lat' dir='ltr'><strong>compu-</strong></span> 
     </span>
     <span class='ocr_line' id='line_1_40' title="bbox 141 3856 1506 3937; baseline -0.001 -21"><span class='ocrx_word' id='word_1_381' title='bbox 141 3858 195 3916; x_wconf 89' lang='lat' dir='ltr'><strong>tati</strong></span> <span class='ocrx_word' id='word_1_382' title='bbox 218 3862 295 3929; x_wconf 91' lang='lat' dir='ltr'><strong>sunt,</strong></span> <span class='ocrx_word' id='word_1_383' title='bbox 320 3874 408 3933; x_wconf 90' lang='lat' dir='ltr'><strong>quam</strong></span> <span class='ocrx_word' id='word_1_384' title='bbox 431 3860 505 3932; x_wconf 91' lang='lat' dir='ltr'><strong>tnis,</strong></span> <span class='ocrx_word' id='word_1_385' title='bbox 529 3859 580 3918; x_wconf 90' lang='lat' dir='ltr'><strong>ubi</strong></span> <span class='ocrx_word' id='word_1_386' title='bbox 602 3858 772 3921; x_wconf 89' lang='lat' dir='ltr'><strong>reductione</strong></span> <span class='ocrx_word' id='word_1_387' title='bbox 796 3876 870 3937; x_wconf 90' lang='lat' dir='ltr'><strong>opus</strong></span> <span class='ocrx_word' id='word_1_388' title='bbox 895 3865 939 3920; x_wconf 91' lang='lat' dir='ltr'><strong>est</strong></span> <span class='ocrx_word' id='word_1_389' title='bbox 961 3865 990 3920; x_wconf 88' lang='lat' dir='ltr'><strong>et</strong></span> <span class='ocrx_word' id='word_1_390' title='bbox 1012 3857 1239 3937; x_wconf 89' lang='lat' dir='ltr'><strong>proportionalis</strong></span> <span class='ocrx_word' id='word_1_391' title='bbox 1261 3858 1352 3936; x_wconf 86' lang='lat' dir='ltr'><strong>partis</strong></span> <span class='ocrx_word' id='word_1_392' title='bbox 1374 3856 1506 3932; x_wconf 86' lang='lat' dir='ltr'><strong>inquisi-</strong></span> 
     </span>
     <span class='ocr_line' id='line_1_41' title="bbox 141 3945 858 4019; baseline 0.006 -15"><span class='ocrx_word' id='word_1_393' title='bbox 141 3946 231 4018; x_wconf 85' lang='lat' dir='ltr'><strong>tione,</strong></span> <span class='ocrx_word' id='word_1_394' title='bbox 255 3961 332 4019; x_wconf 88' lang='lat' dir='ltr'><strong>qoae</strong></span> <span class='ocrx_word' id='word_1_395' title='bbox 355 3945 541 4006; x_wconf 88' lang='lat' dir='ltr'><strong>festinantem</strong></span> <span class='ocrx_word' id='word_1_396' title='bbox 564 3946 697 4005; x_wconf 90' lang='lat' dir='ltr'><strong>nonnihil</strong></span> <span class='ocrx_word' id='word_1_397' title='bbox 721 3947 858 4008; x_wconf 87' lang='lat' dir='ltr'><strong>retardat.</strong></span> 
     </span>
    </p>

    <p class='ocr_par' dir='ltr' id='par_1_8' title="bbox 141 4026 1506 4899">
     <span class='ocr_line' id='line_1_42' title="bbox 250 4026 1504 4112; baseline -0.002 -22"><span class='ocrx_word' id='word_1_398' title='bbox 250 4030 401 4106; x_wconf 83' lang='lat' dir='ltr'><strong>„Chilias“</strong></span> <span class='ocrx_word' id='word_1_399' title='bbox 433 4031 674 4110; x_wconf 89' lang='lat' dir='ltr'><strong>logarithmorum</strong></span> <span class='ocrx_word' id='word_1_400' title='bbox 705 4037 796 4095; x_wconf 89' lang='lat' dir='ltr'><strong>inscio</strong></span> <span class='ocrx_word' id='word_1_401' title='bbox 820 4032 949 4112; x_wconf 88' lang='lat' dir='ltr'><strong>Keplero</strong></span> <span class='ocrx_word' id='word_1_402' title='bbox 972 4029 1123 4108; x_wconf 89' lang='lat' dir='ltr'><strong>Marpurgi</strong></span> <span class='ocrx_word' id='word_1_403' title='bbox 1154 4030 1233 4109; x_wconf 89' lang='lat' dir='ltr'><strong>typis</strong></span> <span class='ocrx_word' id='word_1_404' title='bbox 1263 4026 1417 4104; x_wconf 86' lang='lat' dir='ltr'><strong>exsculpta</strong></span> <span class='ocrx_word' id='word_1_405' title='bbox 1448 4033 1504 4101; x_wconf 83' lang='lat' dir='ltr'><strong>est,</strong></span> 
     </span>
     <span class='ocr_line' id='line_1_43' title="bbox 142 4111 1506 4197; baseline -0.004 -20"><span class='ocrx_word' id='word_1_406' title='bbox 142 4135 232 4195; x_wconf 88' lang='lat' dir='ltr'><strong>quare</strong></span> <span class='ocrx_word' id='word_1_407' title='bbox 263 4117 345 4178; x_wconf 89' lang='lat' dir='ltr'><strong>deest</strong></span> <span class='ocrx_word' id='word_1_408' title='bbox 367 4118 425 4186; x_wconf 82' lang='lat' dir='ltr'><strong>illi,</strong></span> <span class='ocrx_word' id='word_1_409' title='bbox 455 4139 543 4197; x_wconf 88' lang='lat' dir='ltr'><strong>quam</strong></span> <span class='ocrx_word' id='word_1_410' title='bbox 566 4120 650 4181; x_wconf 91' lang='lat' dir='ltr'><strong>multi</strong></span> <span class='ocrx_word' id='word_1_411' title='bbox 674 4122 895 4193; x_wconf 87' lang='lat' dir='ltr'><strong>desiderabant,</strong></span> <span class='ocrx_word' id='word_1_412' title='bbox 926 4120 1083 4196; x_wconf 81' lang='lat' dir='ltr'><strong>explicatio</strong></span> <span class='ocrx_word' id='word_1_413' title='bbox 1107 4136 1178 4179; x_wconf 90' lang='lat' dir='ltr'><strong>usus</strong></span> <span class='ocrx_word' id='word_1_414' title='bbox 1198 4115 1443 4194; x_wconf 88' lang='lat' dir='ltr'><strong>logarithmorum</strong></span> <span class='ocrx_word' id='word_1_415' title='bbox 1463 4111 1506 4173; x_wconf 82' lang='lat' dir='ltr'><strong>sd</strong></span> 
     </span>
     <span class='ocr_line' id='line_1_44' title="bbox 142 4202 1506 4287; baseline -0.002 -22"><span class='ocrx_word' id='word_1_416' title='bbox 142 4204 297 4266; x_wconf 90' lang='lat' dir='ltr'><strong>calculum.</strong></span> <span class='ocrx_word' id='word_1_417' title='bbox 343 4206 488 4284; x_wconf 88' lang='lat' dir='ltr'><strong>Kepierus</strong></span> <span class='ocrx_word' id='word_1_418' title='bbox 510 4216 667 4286; x_wconf 90' lang='lat' dir='ltr'><strong>postquam</strong></span> <span class='ocrx_word' id='word_1_419' title='bbox 690 4212 821 4287; x_wconf 90' lang='lat' dir='ltr'><strong>percepit</strong></span> <span class='ocrx_word' id='word_1_420' title='bbox 845 4227 879 4268; x_wconf 87' lang='lat' dir='ltr'><strong>ex</strong></span> <span class='ocrx_word' id='word_1_421' title='bbox 904 4207 1040 4284; x_wconf 87' lang='lat' dir='ltr'><strong>catalogo</strong></span> <span class='ocrx_word' id='word_1_422' title='bbox 1064 4206 1277 4278; x_wconf 91' lang='lat' dir='ltr'><strong>nundinarum,</strong></span> <span class='ocrx_word' id='word_1_423' title='bbox 1301 4202 1409 4262; x_wconf 93' lang='lat' dir='ltr'><strong>librum</strong></span> <span class='ocrx_word' id='word_1_424' title='bbox 1430 4219 1506 4280; x_wconf 92' lang='lat' dir='ltr'><strong>pro·</strong></span> 
     </span>
     <span class='ocr_line' id='line_1_45' title="bbox 142 4288 1504 4373; baseline -0.001 -22"><span class='ocrx_word' id='word_1_425' title='bbox 142 4291 239 4366; x_wconf 89' lang='lat' dir='ltr'><strong>diisse,</strong></span> <span class='ocrx_word' id='word_1_426' title='bbox 263 4294 362 4352; x_wconf 92' lang='lat' dir='ltr'><strong>statim</strong></span> <span class='ocrx_word' id='word_1_427' title='bbox 378 4312 438 4354; x_wconf 90' lang='lat' dir='ltr'><strong>rem</strong></span> <span class='ocrx_word' id='word_1_428' title='bbox 452 4297 590 4356; x_wconf 88' lang='lat' dir='ltr'><strong>omissam</strong></span> <span class='ocrx_word' id='word_1_429' title='bbox 606 4299 820 4373; x_wconf 89' lang='lat' dir='ltr'><strong>compensavit,</strong></span> <span class='ocrx_word' id='word_1_430' title='bbox 836 4299 865 4354; x_wconf 90' lang='lat' dir='ltr'><strong>in</strong></span> <span class='ocrx_word' id='word_1_431' title='bbox 885 4294 1116 4371; x_wconf 82' lang='lat' dir='ltr'><strong>,Supplemsnto</strong></span> <span class='ocrx_word' id='word_1_432' title='bbox 1133 4291 1294 4353; x_wconf 84' lang='lat' dir='ltr'><strong>Chiliadis“</strong></span> <span class='ocrx_word' id='word_1_433' title='bbox 1310 4307 1397 4349; x_wconf 92' lang='lat' dir='ltr'><strong>usum</strong></span> <span class='ocrx_word' id='word_1_434' title='bbox 1412 4288 1504 4366; x_wconf 82' lang='lat' dir='ltr'><strong>loga·</strong></span> 
     </span>
     <span class='ocr_line' id='line_1_46' title="bbox 141 4375 1506 4460; baseline 0 -22"><span class='ocrx_word' id='word_1_435' title='bbox 141 4379 312 4440; x_wconf 91' lang='lat' dir='ltr'><strong>rithmorum</strong></span> <span class='ocrx_word' id='word_1_436' title='bbox 335 4380 538 4443; x_wconf 88' lang='lat' dir='ltr'><strong>demonstrans</strong></span> <span class='ocrx_word' id='word_1_437' title='bbox 562 4384 685 4459; x_wconf 80' lang='lat' dir='ltr'><strong>eJusque</strong></span> <span class='ocrx_word' id='word_1_438' title='bbox 709 4402 852 4444; x_wconf 89' lang='lat' dir='ltr'><strong>summam</strong></span> <span class='ocrx_word' id='word_1_439' title='bbox 872 4384 903 4441; x_wconf 91' lang='lat' dir='ltr'><strong>in</strong></span> <span class='ocrx_word' id='word_1_440' title='bbox 918 4383 1108 4460; x_wconf 89' lang='lat' dir='ltr'><strong>praefationis</strong></span> <span class='ocrx_word' id='word_1_441' title='bbox 1123 4379 1203 4441; x_wconf 86' lang='lat' dir='ltr'><strong>calce</strong></span> <span class='ocrx_word' id='word_1_442' title='bbox 1219 4378 1368 4440; x_wconf 82' lang='lat' dir='ltr'><strong>exhibens.</strong></span> <span class='ocrx_word' id='word_1_443' title='bbox 1407 4375 1506 4438; x_wconf 86' lang='lat' dir='ltr'><strong>Prac-</strong></span> 
     </span>
     <span class='ocr_line' id='line_1_47' title="bbox 141 4465 1505 4550; baseline 0 -26"><span class='ocrx_word' id='word_1_444' title='bbox 141 4467 282 4527; x_wconf 88' lang='lat' dir='ltr'><strong>fatiouem</strong></span> <span class='ocrx_word' id='word_1_445' title='bbox 305 4467 507 4546; x_wconf 89' lang='lat' dir='ltr'><strong>Supplemeuti</strong></span> <span class='ocrx_word' id='word_1_446' title='bbox 537 4488 591 4531; x_wconf 93' lang='lat' dir='ltr'><strong>nos</strong></span> <span class='ocrx_word' id='word_1_447' title='bbox 618 4473 674 4530; x_wconf 91' lang='lat' dir='ltr'><strong>toti</strong></span> <span class='ocrx_word' id='word_1_448' title='bbox 703 4471 777 4532; x_wconf 89' lang='lat' dir='ltr'><strong>libro</strong></span> <span class='ocrx_word' id='word_1_449' title='bbox 800 4470 999 4550; x_wconf 82' lang='lat' dir='ltr'><strong>praefiximus,</strong></span> <span class='ocrx_word' id='word_1_450' title='bbox 1029 4470 1106 4529; x_wconf 89' lang='lat' dir='ltr'><strong>hanc</strong></span> <span class='ocrx_word' id='word_1_451' title='bbox 1127 4473 1290 4545; x_wconf 88' lang='lat' dir='ltr'><strong>sequuntur</strong></span> <span class='ocrx_word' id='word_1_452' title='bbox 1312 4465 1412 4541; x_wconf 85' lang='lat' dir='ltr'><strong>capita</strong></span> <span class='ocrx_word' id='word_1_453' title='bbox 1435 4470 1505 4524; x_wconf 92' lang='lat' dir='ltr'><strong>octo</strong></span> 
     </span>
     <span class='ocr_line' id='line_1_48' title="bbox 143 4549 1506 4635; baseline -0.001 -21"><span class='ocrx_word' id='word_1_454' title='bbox 143 4553 354 4631; x_wconf 86' lang='lat' dir='ltr'><strong>Supplemeuti,</strong></span> <span class='ocrx_word' id='word_1_455' title='bbox 380 4564 409 4616; x_wconf 92' lang='lat' dir='ltr'><strong>et</strong></span> <span class='ocrx_word' id='word_1_456' title='bbox 430 4557 517 4617; x_wconf 87' lang='lat' dir='ltr'><strong>finem</strong></span> <span class='ocrx_word' id='word_1_457' title='bbox 541 4558 611 4618; x_wconf 87' lang='lat' dir='ltr'><strong>facit</strong></span> <span class='ocrx_word' id='word_1_458' title='bbox 633 4557 843 4619; x_wconf 90' lang='lat' dir='ltr'><strong>demonstratio</strong></span> <span class='ocrx_word' id='word_1_459' title='bbox 861 4563 1023 4617; x_wconf 85' lang='lat' dir='ltr'><strong>structurae</strong></span> <span class='ocrx_word' id='word_1_460' title='bbox 1038 4556 1278 4635; x_wconf 87' lang='lat' dir='ltr'><strong>logarithmorum</strong></span> <span class='ocrx_word' id='word_1_461' title='bbox 1293 4555 1418 4629; x_wconf 89' lang='lat' dir='ltr'><strong>ipsaque</strong></span> <span class='ocrx_word' id='word_1_462' title='bbox 1433 4549 1506 4612; x_wconf 91' lang='lat' dir='ltr'><strong>illo-</strong></span> 
     </span>
     <span class='ocr_line' id='line_1_49' title="bbox 142 4640 1506 4723; baseline 0.001 -25"><span class='ocrx_word' id='word_1_463' title='bbox 142 4659 205 4700; x_wconf 90' lang='lat' dir='ltr'><strong>rum</strong></span> <span class='ocrx_word' id='word_1_464' title='bbox 231 4642 392 4719; x_wconf 53' lang='lat' dir='ltr'><strong>,earliest</strong></span> <span class='ocrx_word' id='word_1_465' title='bbox 438 4645 583 4722; x_wconf 86' lang='lat' dir='ltr'><strong>Kepierus</strong></span> <span class='ocrx_word' id='word_1_466' title='bbox 608 4644 888 4723; x_wconf 60' lang='lat' dir='ltr'><strong>„Supplemeutuffl</strong></span> <span class='ocrx_word' id='word_1_467' title='bbox 920 4645 1061 4722; x_wconf 89' lang='lat' dir='ltr'><strong>peculiari</strong></span> <span class='ocrx_word' id='word_1_468' title='bbox 1090 4642 1207 4720; x_wconf 85' lang='lat' dir='ltr'><strong>quidem</strong></span> <span class='ocrx_word' id='word_1_469' title='bbox 1236 4642 1353 4701; x_wconf 87' lang='lat' dir='ltr'><strong>iustruit</strong></span> <span class='ocrx_word' id='word_1_470' title='bbox 1375 4640 1506 4717; x_wconf 86' lang='lat' dir='ltr'><strong>inscrip-</strong></span> 
     </span>
     <span class='ocr_line' id='line_1_50' title="bbox 143 4729 1505 4811; baseline 0 -25"><span class='ocrx_word' id='word_1_471' title='bbox 143 4731 238 4803; x_wconf 90' lang='lat' dir='ltr'><strong>tione,</strong></span> <span class='ocrx_word' id='word_1_472' title='bbox 268 4731 463 4807; x_wconf 85' lang='lat' dir='ltr'><strong>signationem</strong></span> <span class='ocrx_word' id='word_1_473' title='bbox 491 4750 562 4793; x_wconf 89' lang='lat' dir='ltr'><strong>vero</strong></span> <span class='ocrx_word' id='word_1_474' title='bbox 591 4732 725 4794; x_wconf 90' lang='lat' dir='ltr'><strong>foliorum</strong></span> <span class='ocrx_word' id='word_1_475' title='bbox 755 4752 821 4794; x_wconf 91' lang='lat' dir='ltr'><strong>cum</strong></span> <span class='ocrx_word' id='word_1_476' title='bbox 849 4739 931 4811; x_wconf 88' lang='lat' dir='ltr'><strong>parte</strong></span> <span class='ocrx_word' id='word_1_477' title='bbox 954 4734 1033 4809; x_wconf 90' lang='lat' dir='ltr'><strong>prins</strong></span> <span class='ocrx_word' id='word_1_478' title='bbox 1057 4733 1135 4810; x_wconf 87' lang='lat' dir='ltr'><strong>typis</strong></span> <span class='ocrx_word' id='word_1_479' title='bbox 1158 4729 1310 4808; x_wconf 85' lang='lat' dir='ltr'><strong>exsculpta</strong></span> <span class='ocrx_word' id='word_1_480' title='bbox 1332 4729 1505 4787; x_wconf 90' lang='lat' dir='ltr'><strong>continuam</strong></span> 
     </span>
     <span class='ocr_line' id='line_1_51' title="bbox 142 4814 1505 4899; baseline 0.001 -25"><span class='ocrx_word' id='word_1_481' title='bbox 142 4818 273 4894; x_wconf 89' lang='lat' dir='ltr'><strong>retinuit,</strong></span> <span class='ocrx_word' id='word_1_482' title='bbox 304 4821 347 4879; x_wconf 89' lang='lat' dir='ltr'><strong>uti</strong></span> <span class='ocrx_word' id='word_1_483' title='bbox 375 4823 464 4882; x_wconf 90' lang='lat' dir='ltr'><strong>etiam</strong></span> <span class='ocrx_word' id='word_1_484' title='bbox 490 4822 665 4899; x_wconf 86' lang='lat' dir='ltr'><strong>paginarum</strong></span> <span class='ocrx_word' id='word_1_485' title='bbox 692 4838 860 4898; x_wconf 91' lang='lat' dir='ltr'><strong>numerum,</strong></span> <span class='ocrx_word' id='word_1_486' title='bbox 893 4821 936 4880; x_wconf 91' lang='lat' dir='ltr'><strong>sic</strong></span> <span class='ocrx_word' id='word_1_487' title='bbox 963 4826 997 4879; x_wconf 93' lang='lat' dir='ltr'><strong>ut</strong></span> <span class='ocrx_word' id='word_1_488' title='bbox 1024 4821 1149 4899; x_wconf 88' lang='lat' dir='ltr'><strong>primum</strong></span> <span class='ocrx_word' id='word_1_489' title='bbox 1171 4817 1274 4880; x_wconf 87' lang='lat' dir='ltr'><strong>folium</strong></span> <span class='ocrx_word' id='word_1_490' title='bbox 1297 4814 1505 4894; x_wconf 83' lang='lat' dir='ltr'><strong>Supplemeuti</strong></span> 
     </span>
    </p>
   </div>
   <div class='ocr_carea' id='block_1_5' title="bbox 0 0 1647 5520">
    <p class='ocr_par' dir='ltr' id='par_1_9' title="bbox 0 0 1647 5520">
     <span class='ocr_line' id='line_1_52' title="bbox 0 0 1647 5520; baseline 0 0"><span class='ocrx_word' id='word_1_491' title='bbox 0 0 1647 5520; x_wconf 95' lang='lat' dir='ltr'><strong> </strong></span> 
     </span>
    </p>
   </div>
  </div>
 </body>
</html>
