3284 5520
630 343 685 398 Seu
704 343 737 398 de
756 343 824 399 Nive
843 344 1001 414 sexangula.
1435 345 1503 417 723

140 517 246 578 barum
274 517 441 595 plantarum
467 519 716 582 characterisavit.
756 524 795 584 Et
822 523 957 600 detegam
979 525 1074 584 obiter
1096 523 1288 600 cogitationes
1311 540 1393 584 meas
1415 532 1503 602 rupbr

144 605 202 666 lrac
231 622 273 665 rs.
914 644 917 651 ,

247 692 315 752 Duo
343 702 412 752 suut
440 710 563 769 corpora
592 694 755 769 regularia,
786 695 988 756 dodecaedron
1012 704 1042 755 et
1064 695 1252 769 icosaiidron,
1282 713 1408 772 quorum
1429 699 1503 763 illud

141 779 371 856 quinquangulis
393 780 534 856 figuratur
557 798 709 856 expresse,
738 782 795 842 hoc
817 783 971 859 triangulis
994 782 1127 857 quidem,
1158 782 1210 843 sed
1234 785 1264 840 in
1287 786 1502 863 quinquanguli

139 868 264 926 formam
295 870 451 943 coaptatis.
472 872 478 883 '
499 865 655 944 Utriusque
685 870 788 930 borum
818 887 971 947 corporum
1001 873 1151 945 ipsiusque
1183 870 1257 929 adeo
1287 873 1502 949 quinquanguli

140 962 287 1012 structura
310 953 407 1031 perfici
430 972 488 1013 non
512 964 609 1030 potest
624 958 687 1016 sine
704 961 889 1034 proportione
906 958 966 1031 illa,
990 974 1078 1032 quam
1094 957 1225 1016 hodierni
1241 969 1407 1033 geometrae
1423 961 1507 1019 ἀίνί-

139 1058 209 1099 nam
233 1041 392 1117 appellent.
439 1041 492 1100 Est
514 1052 613 1100 auteur
636 1045 678 1103 sic
702 1054 887 1122 comparata,
920 1053 951 1102 ut
980 1044 1037 1103 duo
1062 1047 1188 1104 minores
1211 1048 1407 1121 proportionis
1431 1065 1502 1107 con-

142 1130 244 1187 tinuae
268 1132 381 1187 termini
402 1129 496 1203 J'uncti
520 1131 701 1190 constituant
724 1135 852 1202 tertium,
889 1148 1061 1207 semperque
1085 1130 1177 1190 additi
1202 1131 1259 1190 duo
1283 1136 1405 1209 proximi
1429 1152 1502 1195 cou-

139 1217 264 1273 stituant
287 1215 453 1275 immediate
476 1226 657 1292 sequentem,
682 1218 785 1278 eadem
808 1236 922 1295 semper
946 1219 1066 1277 durante
1091 1221 1287 1294 proportione,
1312 1221 1341 1277 in
1358 1221 1502 1280 infinitum

141 1320 245 1379 usque.
289 1301 323 1360 ln
357 1305 483 1361 numeris
516 1303 679 1381 exemplum
711 1309 869 1383 perlectum
898 1307 966 1364 darc
991 1316 1034 1363 est
1057 1306 1247 1380 impossibile.
1294 1304 1360 1380 Quo
1384 1308 1501 1385 longius

140 1397 240 1448 tamen
268 1391 469 1466 progredimur
497 1391 534 1448 ab
563 1394 689 1463 unitate,
721 1393 777 1452 boc
804 1393 837 1450 fit
860 1392 1026 1469 exemplum
1049 1393 1214 1468 perfectius.
1260 1392 1325 1452 Slut
1347 1397 1457 1454 minimi
1485 1402 1498 1454 1

140 1486 171 1537 et
187 1483 214 1550 1,
240 1493 314 1551 quos
338 1477 546 1553 imaginabcris
562 1478 750 1554 inaequalem
774 1480 859 1550 adde,
882 1479 953 1538 fient
969 1486 999 1557 2,
1023 1482 1069 1537 cui
1085 1478 1160 1538 adde
1176 1480 1315 1554 majorem
1336 1488 1362 1554 1,
1385 1482 1456 1543 fient
1472 1489 1501 1557 3,

140 1565 188 1623 cui
212 1563 288 1622 adde
313 1572 347 1635 ⁴2,
372 1564 442 1624 fient
466 1570 502 1636 5,
527 1567 573 1623 cui
597 1565 672 1624 adde
696 1573 730 1638 3,
754 1566 825 1627 fient
848 1573 877 1638 8,
902 1569 947 1625 cui
971 1565 1046 1625 adde
1071 1571 1106 1637 b,
1130 1566 1201 1625 fient
1226 1572 1275 1638 13,
1300 1571 1346 1626 cui
1370 1570 1445 1630 adde
1471 1575 1501 1643 8,

136 1650 210 1710 fient
235 1657 285 1710 21.
330 1650 452 1728 Semper
474 1653 560 1724 euim,
584 1661 617 1711 ut
640 1659 658 1713 ὁ
682 1654 720 1712 ad
744 1656 773 1727 8,
796 1657 839 1713 sic
862 1660 880 1713 8
906 1654 943 1713 ad
969 1660 1018 1726 13,
1042 1654 1110 1726 fere,
1135 1661 1164 1712 et
1185 1653 1306 1712 utbad
1324 1661 1374 1729 13,
1399 1660 1499 1716 sic13

137 1737 177 1797 ad
202 1744 240 1797 21
266 1737 335 1798 fere.

247 1824 294 1882 Ad
319 1824 407 1899 hujus
430 1826 627 1900 proportionis
650 1844 682 1885 se
706 1828 799 1900 ipsam
822 1829 1013 1902 propagantis
1036 1825 1255 1885 similitudinem
1279 1835 1350 1903 puto
1375 1829 1501 1888 effictam

142 1928 209 1971 csse
242 1910 410 1970 facultatem
441 1913 641 1984 seminariam,
674 1916 773 1987 itaque
802 1916 830 1970 in
861 1913 931 1972 flore
960 1915 1119 1989 praefertur
1149 1916 1323 1973 seminariae
1353 1915 1501 1976 facultatis

142 2021 252 2076 pron-,r
276 1998 415 2056 vexillum
440 2000 702 2074 quinquangulum.
741 2000 829 2060 Mitto
852 2011 957 2068 cetera,
982 2018 1060 2075 quae
1082 2000 1120 2059 ad
1143 1999 1231 2076 hujus
1246 2004 1286 2059 rei
1302 2002 1502 2062 confirmatio·

139 2101 207 2143 nem
235 2084 449 2158 jucundissima
478 2087 725 2162 contemplatione
753 2096 872 2163 possent
899 2088 1016 2145 adduci.
1061 2086 1120 2146 Sed
1142 2089 1276 2163 proprius
1300 2088 1357 2146 illis
1381 2089 1502 2149 debetur

138 2171 232 2232 locus.
277 2171 362 2231 Nunc
392 2173 465 2232 baec
496 2174 622 2248 exempli
647 2181 759 2232 tautum
783 2193 874 2233 causa
901 2176 1119 2250 praemisimus,
1150 2180 1181 2232 ut
1202 2177 1231 2231 in
1254 2175 1387 2235 rimanda
1409 2177 1501 2253 figura

141 2263 220 2319 uiris
244 2258 408 2334 sexangula
430 2262 521 2318 simus
544 2263 742 2319 instructiores
766 2264 1048 2336 exercitatioresque.

201 2370 206 2383 ·
245 2347 319 2405 Cum
342 2349 418 2405 enim
443 2349 697 2424 proposuissemus
720 2349 864 2423 inquirere
888 2351 1028 2424 originem
1051 2347 1162 2422 figurae
1185 2346 1273 2421 hujus
1296 2350 1325 2405 in
1342 2349 1410 2407 nive
1426 2352 1501 2409 iuter

140 2449 246 2493 causas
270 2436 448 2492 extrinsecas
471 2442 499 2493 et
522 2437 710 2505 intrinsecas,
742 2437 816 2494 inter
845 2444 979 2494 externas
1002 2437 1126 2510 primum
1148 2451 1214 2492 sese
1237 2435 1378 2494 offerebat
1399 2436 1498 2512 frigus.

140 2519 339 2579 Condensatio
362 2539 432 2580 saue
456 2528 500 2580 est
523 2539 541 2578 a
563 2522 678 2596 frigore,
703 2540 754 2597 per
777 2522 1033 2581 condensationem
1058 2538 1126 2579 vero
1151 2537 1242 2597 vapor
1258 2525 1317 2581 coit
1331 2525 1359 2579 in
1376 2523 1499 2598 figuram

138 2606 260 2678 stellae,
291 2607 447 2669 videbatur
477 2609 564 2681 igitur
592 2609 683 2684 frigus
713 2609 754 2665 illi
777 2610 899 2683 figuram
921 2619 1070 2685 praestare
1094 2606 1206 2667 stellae.
1253 2608 1336 2668 Tunc
1359 2612 1431 2668 itum
1455 2620 1500 2669 est

139 2694 178 2753 ad
202 2694 464 2754 considerationem
489 2695 585 2767 aliam,
610 2713 647 2754 au
670 2697 760 2772 frigus
783 2700 822 2755 sit
843 2705 948 2756 natura
971 2694 1126 2771 quaedam,
1150 2702 1183 2753 ut
1205 2695 1383 2756 medicorum
1398 2697 1499 2757 calor?

139 2780 306 2839 Videbatur
329 2800 357 2840 n.
383 2800 446 2840 esse
469 2799 550 2840 mera
572 2785 714 2858 privatio,
745 2787 791 2843 cui
814 2800 908 2861 neque
933 2801 1030 2855 mens,
1060 2782 1213 2858 sexanguli
1237 2784 1420 2857 fabricatrix,
1445 2801 1500 2845 nec

142 2870 262 2928 omuino
286 2872 418 2944 operatio
441 2867 502 2927 ulla
524 2872 649 2945 propria.

246 2954 305 3014 Sed
328 2974 364 3015 ue
388 2958 562 3016 misceamus
586 2957 789 3033 quaestiones,
818 2964 938 3016 maneat
960 2957 1059 3031 frigori
1083 2955 1286 3030 condensatio,
1309 2959 1405 3032 potuit
1427 2972 1500 3015 con·

141 3041 276 3101 densatio
300 3042 380 3116 lieri,
410 3053 443 3103 ut
467 3043 594 3114 videtur,
626 3045 655 3100 ira
684 3043 807 3101 formam
830 3045 983 3118 globosam
1006 3045 1123 3102 rectius.
1169 3043 1231 3102 lmo
1255 3048 1279 3103 si
1303 3043 1501 3103 consideretur

139 3131 233 3205 frigus
256 3129 316 3189 late
339 3131 434 3189 fusum
460 3138 488 3188 et
513 3148 605 3206 vapor
627 3129 668 3187 illi
692 3131 932 3205 superficietenus
955 3147 1122 3201 occurrens,
1153 3134 1247 3207 magis
1276 3142 1320 3191 est
1342 3139 1500 3190 consenta-

140 3234 246 3289 neum,
270 3226 302 3275 ut
325 3217 516 3277 condensatio
538 3216 589 3276 fiat
612 3219 640 3273 in
664 3218 785 3274 formam
810 3221 927 3275 omnino
950 3217 1084 3293 planam,
1114 3217 1278 3292 superficiei
1300 3217 1442 3290 similem,
1472 3223 1501 3276 et

140 3321 207 3364 eam
230 3321 470 3381 quorumcunque
494 3307 691 3363 terminorum.
735 3301 774 3362 Ut
795 3307 818 3361 si
843 3314 905 3362 tota
931 3307 1046 3381 vaporis
1070 3306 1178 3362 extima
1200 3305 1368 3381 superficies
1390 3323 1425 3363 ex
1448 3305 1502 3362 fri·

140 3407 213 3467 gore
236 3391 427 3464 densitatem,
453 3410 487 3451 ex
512 3391 655 3450 densitate
679 3390 809 3467 pondus,
833 3409 869 3449 ex
892 3392 1020 3466 pondere
1044 3408 1161 3463 casum,
1186 3409 1221 3450 ex
1244 3410 1313 3452 casu
1337 3393 1500 3450 cornminu-

140 3480 250 3537 tionem
276 3480 303 3536 in
328 3479 450 3538 frustula
473 3496 525 3537 eeu
550 3481 681 3536 bracteas
704 3482 928 3551 nancisceretur,
953 3479 1053 3561 utique
1069 3495 1127 3536 uon
1144 3496 1244 3537 omnes
1261 3479 1405 3550 bracteae,
1431 3482 1500 3554 quin

140 3567 201 3625 imo
225 3568 430 3642 paucissimae,
452 3582 488 3624 ac
511 3567 609 3624 nescio
634 3584 671 3623 an
688 3565 765 3624 ullae
782 3565 908 3625 evadent
923 3563 1111 3641 sexangulae,
1134 3569 1303 3641 praesertim
1320 3565 1410 3625 radiis
1425 3566 1500 3625 adeo

141 3656 283 3713 concinne
306 3656 425 3712 strictis.

250 3739 457 3800 Admonebunt
480 3743 554 3800 istae
577 3742 664 3799 striae
687 3740 728 3797 rei
754 3737 841 3810 illius,
866 3756 941 3813 quae
965 3741 1106 3814 contingit
1125 3739 1154 3794 in
1170 3737 1360 3815 hypocaustis
1376 3738 1500 3816 rapidis,

141 3827 269 3886 brumali
299 3831 394 3903 rigore
427 3837 559 3904 pertusas
590 3829 730 3885 fenestras
761 3826 923 3884 obsidente.
970 3826 1131 3884 frustantur
1160 3829 1237 3884 circa
1260 3827 1326 3886 illos
1349 3829 1501 3902 angustias

141 3913 265 3989 frigidus
289 3919 339 3973 ae'r
362 3922 391 3973 et
414 3932 513 3991 vapor.
560 3913 682 3989 Quoties
711 3914 786 3971 anim
817 3931 881 3970 sese
905 3921 1005 3971 rnutuo
1029 3915 1217 3988 contingunt,
1250 3914 1329 3973 calor
1352 3916 1502 3989 superiora

141 4004 230 4078 petit,
258 4001 348 4078 frigus
372 4001 516 4060 inferiora.
564 4001 615 4060 Est
638 4003 714 4059 enim
739 4003 767 4056 in
792 3999 885 4058 calido
910 4000 1043 4057 dilatatio
1066 4003 1220 4070 materiae,
1245 4004 1273 4057 in
1296 3999 1499 4075 frigidodeu-

142 4092 215 4147 sitas
239 4097 267 4147 et
290 4087 405 4166 pondus
429 4089 569 4166 pellitque
597 4087 691 4146 calida
713 4104 835 4144 sursum.
877 4085 993 4163 Vapore
1015 4087 1102 4160 igitur
1119 4087 1269 4145 confertim
1287 4090 1363 4146 exire
1380 4090 1500 4160 nitente,

141 4176 177 4235 fit
198 4175 268 4251 fuga
292 4178 386 4247 vacui,
412 4186 445 4234 ut
468 4185 496 4235 et
519 4175 640 4250 frigidus
663 4178 712 4232 adr
736 4175 885 4232 confertim
907 4176 1056 4248 irrumpat,
1082 4173 1157 4231 unde
1180 4173 1260 4232 limbi
1277 4176 1403 4248 patentis
1419 4175 1500 4232 fene-

142 4271 221 4322 strae
246 4262 291 4322 vel
315 4261 436 4321 rimulae
459 4262 640 4338 frigidissimi
664 4261 836 4319 cfficiuntur.
876 4260 923 4317 Ad
947 4277 997 4318 eos
1022 4260 1127 4318 limbos
1150 4262 1291 4342 quicquid
1307 4260 1431 4337 appellit
1446 4277 1502 4318 ra·

143 4353 239 4429 poris,
272 4353 410 4409 contiuuo
438 4350 552 4425 gelatur
580 4348 768 4422 succeditque
792 4349 821 4403 in
846 4346 925 4405 illam
948 4349 1099 4404 materiam
1123 4347 1213 4422 frigus
1235 4365 1329 4424 aeque
1352 4364 1499 4423 magnum,

143 4445 187 4511 ut,
210 4437 349 4514 quicquid
373 4454 457 4515 porro
482 4438 599 4513 vaporis
621 4434 658 4494 ad
682 4434 758 4493 hane
780 4432 901 4510 appellit
925 4436 1066 4509 pruinam,
1091 4442 1120 4492 et
1142 4437 1237 4509 ipsum
1259 4435 1381 4510 gelatur,
1406 4451 1501 4509 appo·

143 4526 249 4584 sitione
273 4527 425 4598 continua,
455 4522 651 4583 intercedente
675 4530 772 4580 tamen
795 4538 918 4595 seseque
943 4522 1095 4578 introrsum
1121 4522 1284 4581 insinuante
1307 4524 1394 4581 rectis
1416 4520 1501 4579 lineis

145 4616 213 4672 abre
236 4611 352 4687 frigido,
376 4629 435 4688 qua
459 4610 652 4671 alternatione
676 4611 822 4684 ingressus
845 4615 874 4666 et
889 4624 1023 4682 egressus
1038 4607 1107 4666 illae
1122 4610 1278 4684 pruinosae
1294 4612 1412 4686 vaporis
1429 4624 1501 4666 con·

145 4701 299 4759 sistentiaa
322 4701 410 4759 strias
432 4701 592 4758 sortiuntur
614 4706 642 4757 et
665 4704 767 4754 acutos
790 4693 896 4753 radios.

249 4784 330 4848 Nihil
361 4785 399 4844 ad
428 4785 486 4846 boc
514 4789 606 4845 instar
637 4781 674 4842 de
703 4781 876 4859 figuratione
905 4779 1025 4841 nirulae
1055 4788 1173 4842 nostrae
1196 4781 1253 4842 dici
1277 4790 1381 4858 potest.
1426 4781 1500 4842 Nam

1224 4883 1294 4944 46·
