3284 5520
452 356 1052 429 mmmmnmmmmmm
1367 358 1432 427 affl

177 538 231 595 42.
270 536 333 613 Ege
367 536 498 595 vicissim
529 536 641 610 clamo,
672 537 902 598 claramontinm
933 540 1027 598 furere
1054 555 1153 599 amore
1184 535 1432 612 contradictionis,

77 622 173 683 studio
195 625 318 701 inquam
340 623 567 698 contradicendi,
592 642 687 701 eoque
710 625 885 686 contundere
909 645 1022 686 summa
1036 628 1111 685 imis.
1150 626 1217 685 Hoc
1239 626 1317 685 enim
1339 642 1434 703 quse-

75 716 153 785 ritur,
179 728 250 770 nuru
273 710 407 772 celeritas
429 714 467 770 sit
490 721 693 789 argumentum
716 713 854 773 idoneum
870 713 1067 773 humilitatis?
1090 713 1147 772 Hic
1163 712 1266 791 Tycho
1281 728 1339 770 non
1355 711 1434 772 nude

74 800 202 858 sliirmat
223 799 261 859 de
282 799 416 876 exemplo
438 816 507 873 suo,
532 799 598 858 ideo
622 817 711 878 supra
733 799 831 860 Solem
853 802 945 862 inisse
968 810 1121 873 cometam,
1145 805 1215 877 quia
1237 799 1314 859 celer
1336 796 1432 881 (quod

75 894 151 946 esset
175 903 248 946 sanc
271 882 402 967 vitium),
426 886 478 945 sed
500 886 664 946 altitudinis
688 897 891 963 argumentum
913 889 1003 950 habet
1018 889 1108 961 aliud,
1132 887 1308 965 parallarin:
1333 891 1434 963 itaque

72 975 208 1049 legitima
240 975 309 1032 hinc
338 973 370 1031 tit
400 974 549 1033 instantia.
595 974 661 1033 Non
692 978 769 1034 enirn
798 978 823 1033 si
845 975 944 1037 Solem
968 976 1183 1036 Claramontius
1212 976 1309 1032 iurene
1337 973 1434 1034 lucere

73 1070 163 1138 negat
187 1063 218 1118 irr
241 1059 372 1134 meridie,
394 1070 548 1139 propterea
569 1066 595 1120 is
618 1079 677 1121 non
693 1063 780 1123 lucet.
820 1064 852 1124 Si
869 1065 1165 1123 demonstrationibus
1182 1062 1302 1137 obloqui
1317 1062 1434 1136 sullicit,

73 1149 187 1209 nnllam
210 1146 427 1208 claromontius
450 1148 591 1210 concedet
612 1152 774 1223 scientiam,
798 1149 900 1211 ducem
924 1169 956 1210 se
979 1152 1130 1229 praebebit
1154 1150 1333 1229 Pyrrhoniis.

178 1242 231 1297 48.
268 1236 334 1296 Non
358 1238 460 1313 itaque
483 1236 585 1314 'lycho
609 1240 783 1314 positionem
808 1239 891 1298 velut
911 1242 1129 1315 possessionem
1153 1246 1250 1297 tuetur
1273 1239 1335 1296 sine
1355 1236 1431 1311 jure,

73 1325 126 1384 sed
148 1325 258 1401 probat
280 1342 345 1384 cam
368 1324 465 1384 bonae
487 1324 572 1397 tidei,
603 1328 716 1384 munita
736 1328 883 1401 positione
905 1325 1105 1403 progreditur,
1132 1326 1183 1402 jus
1209 1326 1433 1401 disceptaturus.

73 1413 135 1472 Nec
165 1423 197 1471 tu
229 1428 351 1490 poscere
380 1411 493 1487 aliquid
524 1413 650 1490 amplius
679 1421 763 1489 potes
793 1413 828 1472 de
860 1413 1106 1473 demonstratione
1136 1421 1266 1472 cometae
1290 1413 1358 1469 anni
1382 1412 1435 1485 85,

73 1517 164 1574 quarn
187 1500 427 1573 observationes,
456 1516 532 1576 quas
555 1501 585 1557 in
608 1499 692 1559 salvo
716 1509 798 1572 sunt,
823 1503 851 1559 in
875 1503 948 1560 meis
971 1502 1105 1560 manibus
1128 1508 1212 1575 snut,
1236 1498 1350 1558 ridebis
1374 1515 1434 1571 eas,

73 1604 141 1646 curn
171 1586 252 1646 bono
282 1586 418 1648 Caesare.
464 1587 639 1663 Quanquam
670 1587 748 1663 quod
779 1595 811 1647 tn
839 1605 945 1665 poscas
974 1587 1169 1667 'l'ychonemi
1201 1586 1281 1664 quod
1312 1583 1435 1645 eleros?

73 1672 155 1751 qued
180 1672 342 1734 deridiculo
366 1673 502 1734 habeas?
537 1673 623 1750 Quod
646 1674 826 1736 conculces?
857 1674 943 1751 Quod
965 1693 1015 1735 sus
1038 1676 1201 1736 Minervam
1224 1680 1344 1751 poscat,
1374 1681 1435 1731 tam

72 1761 205 1820 alienum
229 1778 248 1820 a
269 1769 358 1839 captu
380 1778 444 1834 suo,
469 1780 557 1838 qnam
581 1762 631 1823 ille
654 1773 699 1823 cst
722 1763 836 1823 alienus
859 1781 878 1823 a
900 1762 1066 1824 mundicia?
1093 1764 1235 1823 Nimirum
1258 1763 1287 1818 in
1311 1758 1436 1819 demon·

70 1849 267 1908 stratioulbns
290 1848 327 1909 de
350 1857 464 1908 cometa
487 1853 556 1908 anui
582 1852 675 1911 toti.
700 1850 914 1925 demonstrasti,
937 1855 988 1927 qui
1005 1855 1049 1910 vir
1063 1853 1118 1911 sis:
1141 1848 1344 1926 progrediatur
1359 1847 1435 1906 alius

71 1943 201 2011 cometa,
223 1937 318 1995 sicui
341 1936 510 1995 subsultant
530 1938 711 2013 praecordia,
735 1942 900 2016 experietur
921 1938 971 1998 ille
995 1942 1072 1999 vires
1096 1948 1161 1996 tuas
1184 1936 1304 1995 scilicet.

186 2029 236 2086 44.
273 2022 332 2083 Sed
355 2021 425 2099 quid
449 2040 503 2098 ego
527 2023 651 2083 multis?
682 2022 805 2084 Omnem
828 2026 876 2085 hic
898 2025 1011 2085 athleta
1034 2027 1187 2084 victoriam
1210 2026 1293 2101 ponit
1315 2024 1344 2079 in
1367 2037 1436 2080 ver·

74 2113 184 2171 borum
204 2112 367 2187 jnctantia3
390 2118 532 2188 provocat
554 2110 592 2170 ed
614 2112 854 2187 reprehensiones
876 2129 946 2171 suas
965 2114 1070 2188 justas,
1094 2112 1131 2172 ad
1148 2112 1279 2172 detectas
1293 2110 1436 2169 fallacias.

75 2202 144 2275 Age
176 2216 248 2259 sans
280 2196 478 2274 regrediamur
507 2206 536 2258 et
564 2198 602 2258 ad
628 2197 695 2257 illas
718 2195 786 2282 (iol.
809 2198 874 2259 libri
899 2205 944 2260 sui
969 2207 1041 2259 230.
1065 2209 1094 2258 et
1116 2216 1177 2275 seq.
1201 2203 1297 2275 capite
1320 2214 1359 2257 sc
1384 2198 1435 2256 22.

73 2287 145 2346 libri
167 2290 213 2348 sui
236 2280 295 2367 H.)
318 2293 348 2345 et
369 2283 407 2344 ad
430 2303 511 2346 meas
534 2285 727 2360 detensiones,
752 2297 784 2346 ut
806 2288 871 2347 linis
894 2288 951 2347 hoe
974 2288 1040 2347 loco
1063 2290 1102 2346 sit
1124 2285 1331 2347 altercationis.

479 2475 1032 2560 mmmmstmffl

186 2637 237 2696 to.
275 2634 351 2694 (ium
369 2634 433 2710 jam
458 2637 712 2696 transmittendum
736 2636 774 2695 ad
798 2620 1014 2714 typographum
1045 2643 1123 2695 esset
1146 2634 1312 2711 exemplar,
1343 2648 1438 2708 neque

75 2724 210 2800 spatium
236 2731 404 2799 superesset
434 2723 565 2783 motandi
590 2742 643 2794 ea,
676 2741 752 2801 quse
782 2727 938 2802 perscripsi
967 2723 1003 2784 de
1034 2723 1158 2781 historia
1186 2723 1274 2798 hujus
1297 2729 1437 2792 cometae,

77 2813 198 2886 copiam
219 2817 324 2871 nactus
348 2827 411 2868 sum
435 2811 700 2888 Cometographiae
723 2812 843 2871 Antonii
869 2809 1002 2885 Minoidi,
1034 2811 1117 2887 cnjus
1146 2828 1236 2889 supra
1263 2824 1382 2868 numero
1408 2808 1436 2867 6.

77 2898 161 2956 taeta
184 2904 229 2956 est
250 2901 369 2957 mentio.
417 2896 502 2973 Quae
532 2901 620 2974 igitur
648 2899 714 2957 libri
738 2898 816 2958 illius
839 2901 982 2976 inspectio
1006 2902 1133 2958 eonierre
1157 2901 1223 2956 visa
1246 2906 1290 2956 est
1313 2894 1351 2953 ad
1374 2895 1439 2955 elu-

78 2983 260 3051 cidationem
282 2984 420 3044 historiae
443 2993 598 3062 textusque
620 2989 712 3045 nostri
736 2987 782 3046 rel
803 2986 1064 3059 confirmationem,
1088 2986 1162 3044 haec
1183 2986 1243 3044 lere
1265 2992 1342 3042 sunt.

188 3078 237 3134 46.
267 3072 395 3131 Primum
417 3073 568 3148 profitetur
590 3075 679 3132 etiarn
702 3077 764 3151 ipse
787 3073 942 3147 Misaldns,
967 3093 998 3135 se
1020 3075 1174 3133 historiam
1196 3072 1284 3146 hujus
1308 3078 1439 3130 cometae

77 3168 110 3219 et
141 3160 234 3219 verba
254 3159 481 3237 Regiomontani
510 3178 545 3219 er
568 3160 672 3219 eodem
695 3161 829 3237 Zieglero
853 3161 1059 3239 descripsisse,
1093 3162 1199 3220 librrnn
1222 3176 1291 3218 vero
1314 3156 1441 3234 Ziegleri

78 3256 234 3325 nuncupat
254 3250 461 3330 conceptiones
484 3247 549 3323 eJus
571 3248 601 3305 in
625 3246 753 3308 Genesin
778 3248 827 3311 iol.
854 3255 893 3308 83
918 3259 947 3308 et
971 3255 1021 3310 98.
1058 3248 1234 3325 exemplaris
1256 3246 1439 3319 Parisiensis,

79 3334 153 3395 editi
175 3350 253 3394 anuo
279 3339 370 3396 1549.
783 3357 784 3361 ’

187 3425 240 3482 47.
269 3411 404 3482 Secundo
427 3421 579 3481 historiam
602 3423 735 3496 candem,
759 3441 847 3499 qnam
863 3422 1015 3483 Cardenus
1037 3441 1136 3499 supra,
1162 3441 1197 3482 er
1212 3422 1343 3483 Joviano
1358 3420 1439 3478 Pon·

79 3519 152 3570 tsuo
176 3509 359 3569 uanmcrihit
380 3508 430 3568 iol.
456 3515 507 3587 75,
532 3515 582 3584 85,
607 3513 653 3568 cui
677 3510 815 3570 historiae
837 3528 896 3570 non
920 3520 965 3571 est
987 3513 1139 3588 appositus
1163 3518 1259 3570 certus
1281 3525 1384 3568 annus.

187 3603 240 3657 48.
278 3596 395 3667 Tertio,
424 3598 454 3653 in
485 3596 543 3655 line
571 3597 637 3655 libri
668 3600 752 3674 primi
780 3598 933 3657 historiam
955 3606 1087 3657 cometae
1111 3597 1255 3657 distinctis
1278 3596 1376 3656 verbis
1397 3597 1440 3653 sic

80 3683 211 3744 orditur:
235 3682 343 3743 Idibus
363 3684 545 3756 Jonnerr‘r's,
570 3686 679 3759 inquit,
703 3702 788 3744 anno
810 3686 940 3745 Domini
961 3687 1119 3746 millesimo
1142 3684 1441 3768 quadringentesimo

79 3789 179 3849 aspro
202 3773 346 3848 quintum
368 3779 396 3830 ei
416 3774 673 3848 septuagesimum
698 3770 748 3829 iol.
774 3774 814 3831 95
838 3781 866 3831 et
890 3775 940 3834 85.

187 3865 239 3920 49.
278 3857 405 3934 Quarto,
429 3858 519 3919 hahet
542 3858 644 3919 eadem
668 3860 771 3932 verba,
795 3876 870 3934 quae
894 3860 1047 3920 Cardenus
1069 3861 1172 3921 relert:
1196 3860 1289 3922 donec
1308 3860 1441 3933 propin·

81 3964 182 4023 quom
203 3954 276 4006 aret
297 3946 415 4023 Spirae.

188 4035 239 4094 60.
278 4032 397 4109 Quinto,
421 4033 484 4091 linit
507 4050 573 4093 cum
596 4034 728 4106 historia,
752 4050 806 4092 nee
828 4036 923 4111 pergit
945 4034 982 4093 ad
1006 4044 1117 4094 textum
1141 4033 1177 4092 de
1199 4031 1342 4109 parallaxi
1366 4030 1440 4105 ejus,

81 4121 167 4196 cujus
190 4122 277 4180 initia
299 4138 388 4197 supra
410 4118 510 4180 retulit
525 4121 681 4198 crugerus.
720 4120 826 4180 Adhuc
848 4123 936 4198 igitur
958 4130 1104 4200 exspecto,
1128 4121 1205 4181 nude
1222 4119 1368 4196 Orugerus
1388 4115 1441 4175 illa

81 4207 279 4286 descripserit.
583 4278 586 4285 .

189 4298 239 4356 bl.
279 4294 387 4370 Sexto,
419 4296 503 4373 pouit
534 4295 700 4372 catalogum
733 4305 910 4355 cometarum
932 4295 983 4354 iol.
1007 4302 1079 4359 229.
1110 4315 1145 4357 er
1174 4295 1332 4354 dictatione
1355 4291 1440 4352 Pauli

79 4384 180 4460 Eberl,
203 4386 233 4441 in
258 4400 317 4460 quo
340 4383 466 4444 occurrit
488 4390 517 4441 et
539 4402 633 4443 annus
653 4385 744 4442 1472.
768 4392 883 4442 coarcta
898 4387 1041 4459 insipnis:
1064 4386 1114 4443 ubi
1138 4391 1267 4460 apparet,
1292 4390 1440 4441 auctorem

80 4471 166 4531 ssiam
189 4471 320 4533 voluisse
335 4473 400 4548 ipsa
413 4469 642 4546 Regiomontani
659 4471 749 4547 verba
765 4470 982 4548 paraphrastice
996 4472 1125 4546 reddere,
1151 4470 1202 4530 sed
1218 4469 1327 4530 iulclici
1343 4480 1440 4528 tarnen

80 4567 193 4621 eventu
222 4560 324 4620 scribit
350 4562 387 4617 ist
409 4557 519 4633 Libro,
549 4576 647 4634 prope
668 4559 767 4616 stellas
791 4559 983 4632 Capricorni.
1029 4559 1105 4618 Puto
1129 4575 1211 4631 euru,
1243 4560 1293 4632 qui
1316 4557 1440 4632 excepit,

79 4648 216 4725 pinxisse
237 4648 356 4724 signnm
379 4642 422 4727 up
445 4644 617 4722 (Virginis),
650 4645 865 4723 typographum
888 4662 958 4704 vero
981 4644 1011 4704 id
1034 4647 1181 4723 accepisse
1204 4660 1255 4721 pro
1279 4645 1364 4721 signo
1388 4644 1441 4723 ᾖ,

82 4735 166 4813 qnod
189 4752 256 4796 cnm
278 4734 330 4794 ilio
353 4732 570 4810 quodammodo
593 4733 731 4793 convenit
754 4735 783 4790 in
806 4732 976 4810 appendice.

192 4824 243 4884 52.
275 4821 417 4901 Septimo,
439 4836 492 4901 pro
509 4821 622 4882 verbist
644 4819 752 4880 Donec
770 4823 987 4898 propinquum
1009 4827 1081 4882 essct
1102 4818 1257 4895 (cmgero,
1281 4812 1443 4899 manum)

159 4939 256 4992 xatas
269 4934 353 4991 om
380 4937 433 4982 vu.
1193 4928 1228 4982 ii
