3284 5520
446 318 506 378 Lib.
524 322 546 379 1.
583 320 712 380 &metae
729 322 793 379 anui
811 323 889 381 1618.
926 325 1016 395 caput
1034 326 1082 382 III.
1382 329 1444 397 103

92 499 273 562 emmaum:
307 500 375 563 ideo
404 510 536 563 cometae
566 505 621 563 iter
651 519 753 562 versus
784 501 901 562 Libram
932 512 961 563 ει
994 503 1139 564 Gaumum
1170 524 1190 565 a
1221 509 1335 567 tramite
1363 517 1443 570 recto

90 588 237 649 deflectere
251 588 507 650 demonstraretur.
546 590 608 650 Etsi
633 607 701 650 vero
723 590 891 666 trajectoria
912 607 971 649 non
994 600 1040 652 est
1055 592 1134 667 PIK,
1158 593 1209 653 sed
1225 591 1319 669 ΝΟ,
1343 604 1441 657 ιειιιειι
1467 650 1471 655 .

87 674 177 735 adhuc
192 679 391 737 communicat
405 695 471 737 cnm
483 674 563 750 Pru,
581 696 647 738 cum
661 695 718 754 qua
733 687 778 738 est
794 677 831 737 ad
846 677 924 737 idem
938 677 1016 739 Solis
1030 679 1117 753 latus,
1135 681 1238 740 eadem
1254 681 1442 745 inclinatione

85 762 117 823 ad
136 763 195 823 iter
209 763 321 826 Terrae
343 781 380 824 ex
394 774 486 842 parte.
524 766 629 826 Potius
645 768 733 842 igitur
747 766 796 825 bic
811 772 857 824 est
873 764 1071 826 adhibendum
1094 768 1134 827 th.
1150 767 1274 842 XXIX,
1299 773 1370 847 quia
1384 768 1440 831 ΔΟ

83 849 249 926 trajectcria
277 858 360 912 secat
388 854 443 913 iter
473 853 580 913 Terrae
608 854 652 911 ll)
685 855 714 911 iu
746 852 773 913 N
805 853 914 928 angulo
946 871 1068 930 magn03
1102 873 1192 932 quere
1223 859 1278 915 iter
1308 866 1440 919 cometae

80 954 234 1014 apparens,
255 938 402 1015 siquidem
423 957 494 1000 vera
507 941 641 1017 trajectio
656 948 754 1000 servet
767 958 853 1001 suum
868 944 1016 1018 proprium
1032 941 1281 1003 decrementorum
1297 945 1438 1021 ordinem,

78 1028 243 1086 necessario
264 1026 298 1085 tit
321 1036 501 1099 tortuosum,
524 1035 554 1088 et
577 1030 715 1100 vicissim,
740 1031 810 1104 quia
832 1036 997 1087 tortuosum
1018 1029 1074 1089 luit
1096 1032 1150 1090 iter
1173 1040 1315 1107 cometae,
1339 1035 1438 1109 posita

77 1113 227 1174 rectilinea
241 1122 270 1173 ει
293 1113 428 1174 ordinata
442 1116 624 1191 trajectione,
647 1117 787 1191 sequitur,
812 1115 930 1175 Terram
947 1118 1059 1176 moveri
1082 1124 1163 1178 motu
1180 1118 1282 1179 diurno
1306 1121 1439 1181 sensibili

77 1199 110 1261 ad
132 1201 328 1278 trajectionas
350 1211 482 1265 cometae
505 1202 636 1264 diurnas.
1278 1240 1282 1246 ·

156 1410 354 1472 cemoeterio
375 1411 412 1472 de
434 1410 605 1483 altitudine,
628 1412 700 1485 leco,
724 1418 810 1472 motu
831 1419 859 1470 et
881 1412 982 1470 ecardo
1005 1419 1136 1471 cometae
1158 1396 1237 1471 endi
1258 1414 1344 1475 1618.

181 1552 225 1610 Ex
248 1550 294 1610 bis
316 1552 406 1626 igitur
426 1553 568 1627 sequitur,
591 1557 736 1612 cometam
755 1553 829 1611 inter
851 1552 934 1609 initia
955 1551 1046 1611 luisse
1069 1549 1167 1609 medio
1189 1551 1249 1611 lere
1271 1551 1338 1612 loco
1363 1556 1437 1615 iuter

79 1638 178 1699 Solem
200 1646 232 1698 et
253 1638 388 1711 Terram,
413 1637 510 1698 decies
534 1638 666 1698 altiorem
688 1656 775 1715 qnam
800 1638 897 1712 Luna,
920 1638 1082 1698 secuudum
1104 1639 1243 1699 usitatam
1268 1641 1435 1715 opinionem

78 1725 109 1786 de
136 1725 295 1786 altitudine
317 1724 436 1799 Lunae,
468 1725 522 1788 sed
551 1726 711 1786 secuudum
739 1743 820 1786 meas
848 1725 1033 1801 conjecturas
1062 1725 1150 1803 plene
1178 1727 1283 1786 tricies.
1329 1727 1434 1805 Itaque

77 1813 238 1889 parallaxin
260 1830 321 1873 uon
343 1814 484 1889 majorem
505 1814 623 1872 minutis
644 1815 671 1885 6,
699 1814 744 1873 vel
766 1813 928 1873 seeundum
951 1831 997 1873 me
1020 1815 1140 1873 minutis
1165 1816 1182 1871 2
1207 1814 1303 1876 lacere
1326 1820 1432 1893 potuit.
1542 1858 1548 1871 .

78 1899 172 1960 Prima
193 1903 283 1977 igitur
303 1899 356 1959 illa
377 1902 562 1978 apparitione
583 1901 637 1960 luit
660 1904 689 1959 in
712 1904 808 1978 spatio
831 1901 928 1962 medio
952 1903 1026 1959 iuter
1050 1902 1134 1961 orbes
1152 1901 1276 1962 Veneria
1300 1912 1329 1964 ει
1350 1903 1433 1964 Mer·

77 1991 152 2061 curii,
177 1986 260 2065 quod
281 1987 438 2048 octalidren
461 1989 532 2048 lacit
553 1993 606 2059 (etr.
627 1996 684 2045 Vol.
704 1997 733 2043 v.
753 2011 777 2057 p.
798 1995 879 2063 ete);
904 1987 970 2047 inde
993 1988 1107 2064 trajecit
1129 1988 1284 2064 sphaeram
1307 1991 1431 2052 Venerls

78 2083 174 2150 tetam,
196 2077 326 2152 spatium
348 2077 422 2135 inter
439 2075 560 2135 Veneris
583 2081 613 2134 et
627 2075 754 2135 Telluris
778 2077 862 2137 orbes
882 2084 984 2147 tetum,
1010 2093 1069 2151 qua
1091 2076 1262 2136 ieosabdron
1287 2078 1428 2156 tenditur3

77 2163 227 2238 sphaeram
241 2161 369 2223 Telluris
392 2170 482 2223 totam
506 2164 583 2223 eirea
605 2165 656 2222 21.
672 2163 755 2235 Dee,
779 2167 906 2240 spatium
929 2166 1003 2221 inter
1018 2162 1145 2222 Telluris
1167 2174 1196 2223 et
1218 2163 1323 2224 Martis
1345 2168 1430 2227 orbes

79 2258 176 2322 totum,
199 2268 261 2326 qua
275 2249 478 2323 dodecaiidrou
493 2256 554 2322 est;
577 2249 681 2308 Martis
696 2250 823 2326 derrique
846 2252 947 2311 orbern
963 2258 1056 2308 totum
1080 2253 1234 2327 evasitque
1249 2254 1278 2309 in
1302 2256 1431 2328 spatium

76 2337 141 2396 inter
164 2336 294 2397 Martem
316 2344 346 2396 et
366 2336 485 2410 Jovem,
509 2355 569 2414 qua
592 2336 756 2397 tetraidren
780 2347 838 2413 est,
869 2340 911 2398 aie
934 2346 1041 2411 ιειιιειι,
1065 2347 1097 2395 ιιι
1121 2338 1369 2415 perpendicularis
1394 2360 1431 2402 ex

78 2435 184 2485 cometa
201 2428 231 2483 iu
254 2427 438 2501 apparitione
455 2425 558 2484 ultima
581 2424 708 2485 demissa
730 2428 759 2483 in
775 2426 894 2502 planum
918 2426 1071 2500 eclipticas
1095 2424 1212 2485 cederet
1234 2425 1430 2501 adhueintra

76 2515 218 2589 regionem
239 2511 330 2571 Marti
352 2511 538 2589 adscriptam.

172 2600 248 2659 Cum
275 2607 374 2659 autem
399 2599 501 2663 medio
528 2601 719 2677 apparitionis
748 2609 879 2676 tempore
906 2618 963 2658 uorr
987 2600 1082 2658 laetus
1105 2602 1144 2659 ait
1166 2598 1317 2673 humilior,
1349 2603 1428 2678 quod

76 2703 152 2747 roras
175 2689 304 2746 visorias
325 2686 385 2760 Bd,
408 2688 463 2760 lie,
487 2684 556 2760 Gor,
580 2687 629 2747 De
649 2690 771 2762 attinet,
801 2687 924 2746 caudam
959 2703 1027 2745 vero
1058 2686 1105 2748 die
1137 2689 1164 2746 9.
1188 2687 1261 2749 Dee.
1290 2687 1428 2750 habuerit

76 2772 231 2851 longiorem
255 2776 320 2852 ipsa
340 2792 396 2834 sua
419 2775 559 2834 distantia
580 2793 599 2833 a
622 2774 727 2846 Terra,
759 2781 792 2832 ut
814 2774 1020 2850 epichiremate
1044 2774 1082 2833 ΙΙ.
1115 2774 1343 2834 demonstratum
1367 2786 1426 2836 est:

76 2864 200 2939 sequitur
230 2863 333 2939 igitur,
368 2861 491 2922 caudam
518 2879 550 2921 re
580 2879 650 2921 vera
679 2864 805 2921 crevisse
832 2862 1023 2938 longitudine.
1070 2861 1140 2921 Erat
1168 2864 1244 2922 euim
1275 2865 1303 2919 in
1331 2866 1426 2939 prima

74 2951 251 3027 apparitione
278 2950 372 3008 multo
403 2948 567 3009 inclinatior
597 2950 748 3025 multoque
775 2948 883 3009 'Terrae
913 2952 1031 3025 propior
1060 2948 1169 3023 (canda
1199 2953 1333 3024 inquam,
1366 2968 1425 3012 non

74 3046 153 3115 aput
175 3040 291 3115 ipsum)
314 3053 402 3112 quarn
425 3039 455 3097 9.
479 3037 668 3111 Decembris,
692 3053 768 3112 quae
792 3054 861 3096 vero
885 3040 1030 3113 propiora,
1054 3037 1180 3112 majores
1203 3036 1327 3113 angulos
1350 3040 1429 3098 suh-‘

73 3124 200 3184 tendunt,
239 3123 346 3198 Quare,
370 3126 395 3181 si
419 3123 521 3184 cadem
544 3125 646 3184 luisset
668 3124 820 3200 longitudo
844 3125 957 3185 caudae
980 3127 1008 3181 in
1024 3125 1175 3200 principio,
1199 3142 1275 3200 quae
1293 3131 1322 3185 9.
1339 3125 1423 3199 Dec,

72 3219 201 3288 spectata
222 3212 326 3271 luisset
346 3210 529 3287 longitudine
543 3211 620 3271 ultra
636 3207 702 3286 90⁰,
726 3214 840 3288 quiae.
858 3212 930 3272 Dec.
947 3212 1003 3273 luit
1017 3210 1201 3287 longitndine
1220 3208 1276 3270 70⁰
1291 3212 1338 3272 vel
1357 3212 1423 3287 7⁶2⁰,

72 3308 96 3357 at
116 3302 147 3357 in
170 3299 315 3375 principie
337 3316 395 3358 uon
410 3299 487 3358 ultra
502 3295 559 3359 23⁰
575 3299 623 3359 vel
640 3297 697 3358 30⁰
712 3299 815 3359 hebuit
836 3298 960 3358 visibilia
976 3297 1184 3373 longitudinis:
1209 3307 1319 3358 eertum
1334 3301 1423 3375 igitur

71 3396 117 3459 est,
140 3385 268 3446 caudam
291 3388 319 3445 ei
342 3403 400 3446 non
423 3394 536 3446 tautum
559 3387 596 3445 ad
620 3389 831 3462 apparentiam,
854 3387 906 3446 sed
930 3388 1018 3445 etiem
1040 3403 1071 3445 re
1095 3402 1165 3445 vera
1187 3389 1322 3447 crevisse.
1355 3386 1422 3447 Hoc

72 3490 136 3533 roro
158 3473 281 3550 pulchre
304 3476 442 3534 convenit
464 3491 529 3533 eum
554 3473 606 3533 illa
627 3475 793 3543 rnieationc,
818 3492 904 3549 quam
928 3491 993 3533 eum
1017 3472 1068 3531 alii
1083 3475 1112 3530 in
1128 3475 1310 3548 superiorum
1326 3490 1421 3533 auno-

68 3576 126 3619 mm
149 3562 286 3634 εοιιιειὶε,
310 3568 373 3620 tum
394 3562 458 3638 ipse
481 3563 570 3620 etiam
592 3564 621 3619 in
644 3561 701 3621 hoe
724 3561 862 3620 moderno
885 3560 1089 3632 animadverti,
1113 3570 1143 3619 et
1164 3579 1183 3618 a
1206 3577 1264 3636 que
1287 3560 1421 3637 phaeno-

68 3664 148 3709 meuo
171 3655 352 3707 cometarum
374 3647 465 3725 aliqui
490 3648 638 3709 veteribus
661 3651 804 3721 acontiae,
828 3649 918 3708 latine
930 3647 1032 3723 jacula
1047 3647 1116 3706 dieti
1131 3655 1207 3723 eunt,
1234 3647 1313 3726 quod
1326 3649 1420 3724 jaculi

66 3735 235 3796 inmodcm
258 3736 417 3796 vibrentur.

167 3822 227 3882 Hic
245 3822 480 3899 respondendum
504 3831 556 3895 est,
580 3824 622 3882 ita
637 3823 804 3900 petentibus
826 3823 931 3882 Isaaeo
956 3821 1126 3882 Habrechte
1149 3829 1178 3882 et
1194 3821 1332 3898 Philippo
1347 3822 1419 3881 Mil-

65 3907 134 3983 lero,
156 3910 363 3987 philosophiae
382 3919 413 3970 et
427 3910 589 3970 medicinae
613 3909 790 3982 doctoribus,
815 3927 938 3985 quorum
955 3909 1003 3969 ille
1018 3911 1047 3967 in
1063 3909 1164 3969 libello
1181 3908 1216 3968 de
1233 3909 1290 3968 hoe
1304 3918 1419 3969 cometa

63 3997 217 4058 circulares
239 4005 373 4057 cometae
394 4004 491 4057 motus
513 3997 639 4072 praelert
662 3998 829 4070 rectilineis,
853 3997 1033 4071 argumentis
1048 4014 1118 4055 usus
1134 3998 1238 4071 topicis
1254 4015 1307 4056 seu
1323 3999 1417 4056 mavis
1526 4030 1531 4039 ·

62 4084 222 4157 rhetoricis,
246 4101 284 4143 ne
305 4085 417 4145 scilieet
441 4085 591 4145 videamur
614 4085 650 4144 dc
674 4084 816 4144 industria
839 4084 996 4161 explodere
1020 4084 1104 4156 velle,
1129 4083 1267 4160 quiequid
1290 4103 1310 4142 a
1333 4093 1416 4143 vete-

61 4173 141 4231 ribus
169 4171 321 4232 habemus.
366 4172 414 4231 Illi
442 4176 522 4233 enim
542 4175 663 4232 terrenis
685 4173 851 4232 rectilineus
874 4178 970 4231 motus
993 4173 1205 4244 attribuerunt,
1238 4170 1417 4230 coelestibus

62 4258 232 4334 seculares,
254 4267 286 4319 at
307 4276 361 4319 nes
383 4267 539 4337 utrumque
562 4269 740 4335 pervertere,
765 4260 876 4320 Telluri
898 4260 1021 4336 ejusque
1044 4260 1176 4334 partibus
1200 4258 1335 4317 omnibus
1358 4261 1416 4316 eir-

61 4346 173 4406 cularss
196 4355 302 4419 metus,
326 4355 465 4421 cometae,
488 4349 529 4407 rei
552 4356 651 4407 rrostra
667 4348 849 4408 confessione
865 4348 995 4418 coelesti,
1019 4345 1196 4405 rectilineum
1210 4345 1413 4420 trajectionem

60 4434 276 4495 moerentem.
292 4429 337 4515 ¹³)

164 4521 257 4597 Atqui
279 4521 364 4582 facilc
387 4538 441 4580 nes
463 4521 633 4597 expedimus
656 4525 743 4581 armis
767 4522 880 4581 iisdem.
919 4522 1046 4579 Primum
1062 4523 1125 4592 etsi,
1150 4527 1182 4578 ut
1204 4520 1325 4578 cometis
1348 4537 1414 4579 mo·

60 4616 121 4666 tum
142 4609 324 4669 rectilineum
347 4610 488 4686 tribuam,
511 4626 606 4685 neque
629 4609 721 4669 libide
744 4627 790 4669 me
813 4609 957 4679 novandi,
980 4625 1075 4682 neque
1099 4608 1303 4666 convenientia
1324 4607 1413 4682 hujus

61 4698 168 4771 speciei
191 4704 288 4755 motos
311 4713 375 4755 cum
399 4713 518 4773 corpore
542 4697 723 4772 corruptibili
746 4704 854 4768 movet,
878 4695 929 4754 scd
954 4697 1023 4770 quia
1045 4694 1200 4753 multarum
1223 4696 1412 4769 apparentia·

59 4798 122 4843 rum
148 4800 255 4845 causas
282 4782 433 4847 euidentes
462 4785 582 4847 invenio
610 4786 639 4841 in
667 4793 749 4844 motu
774 4782 943 4856 rectilineo,
976 4800 1049 4859 quas
1072 4784 1101 4840 in
1125 4780 1257 4842 circulari
1280 4790 1412 4843 cometae

683 5042 720 5107 1.
