3284 5520
754 114 843 187 Caput
861 110 937 173 vm.
1458 109 1523 181 425

142 289 318 371 adscripta
339 300 384 354 est
404 309 465 353 vox
486 292 668 370 logarithml,
699 292 838 372 scrupula
860 310 931 355 vero
953 292 1014 353 illic
1036 294 1067 353 in
1088 293 1206 354 6161666
1229 290 1423 354 descendente
1443 309 1524 353 mer-

137 380 243 457 niae,
266 378 317 441 hic
338 382 369 439 in
392 377 494 441 dextro
517 380 702 455 ascendente,
726 382 756 440 in
779 398 866 459 qnem
887 398 928 441 sc
952 381 1042 441 etiem
1066 397 1117 459 per
1138 379 1243 442 ductus
1265 380 1407 441 ltuearum
1421 388 1522 458 petere

133 466 250 529 vides
274 470 437 545 ingressum
461 484 519 528 uon
544 470 744 546 interceptum,
769 475 798 529 et
820 468 939 529 exhibet
961 485 1030 529 erce
1054 470 1215 528 communis
1236 467 1452 545 legarithmum.

272 555 387 631 Quodsi
408 555 495 615 fucrit
518 556 719 635 excerpendus
741 574 825 616 arcus
848 554 973 633 alicujus
988 555 1253 632 antilogarithmus,
1276 573 1384 633 qnaerc
1399 554 1523 633 gradum

123 658 250 705 arcus
275 642 338 702 dati
360 643 389 702 in
413 643 605 704 exterioribus
627 643 741 716 limbis,
775 643 831 703 hoc
854 650 898 703 eet
920 645 949 701 iu
972 642 1075 702 trenta
1098 644 1259 722 superiori,
1291 650 1344 703 aut
1366 644 1454 702 calcis
1477 645 1524 700 in-

122 730 275 804 feriori,
300 730 406 806 quibus
429 729 542 790 scilicet
565 731 663 791 ilmbie
687 730 915 808 autllogarithmi
939 748 998 791 vor
1021 738 1067 791 est
1082 731 1226 808 apposita.
1265 729 1370 790 Cetera
1386 739 1417 788 ut
1431 732 1521 808 prius.

271 816 320 877 De
341 826 423 896 parte
446 818 657 897 proportionali
681 835 734 896 pro
757 817 902 891 secundis,
926 819 952 879 61
974 835 1034 894 666
1050 816 1195 894 scrupulis
1210 819 1313 895 primis
1328 816 1521 891 adhaeserint,

121 903 337 987 plerumque
359 903 441 964 nulla
464 922 538 982 opus
562 912 606 966 est
627 905 837 980 sollicitudine,
860 903 898 965 ad
921 922 996 984 opus
1011 904 1129 982 quidem
1144 906 1190 965 bie
1204 905 1313 966 tabulis
1329 906 1520 983 propositum,

121 990 343 1068 sufficitque,
366 993 442 1053 inter
464 991 671 1068 legarithmum
694 1010 760 1054 cum
782 992 927 1070 scrupulis
949 995 1049 1072 primis
1064 1001 1231 1071 excerptum
1245 994 1379 1069 Interque
1394 1009 1522 1069 666666-

121 1092 221 1143 tem
255 1096 371 1140 sumere
399 1078 512 1157 aliquid
543 1079 745 1141 intermedium
776 1098 812 1141 ex
834 1098 932 1157 aequo
954 1087 985 1141 ct
1006 1081 1084 1141 bono
1108 1079 1197 1157 idque
1224 1079 1349 1141 rotundo
1371 1080 1445 1154 fine,
1468 1080 1524 1141 hoc

121 1176 203 1231 est
231 1166 264 1225 ln
288 1165 414 1245 cyphrcs
437 1166 582 1240 desinaus,
604 1175 638 1228 nt
660 1170 699 1228 sit
721 1176 804 1230 tanto
827 1167 1017 1229 tractabilius.

269 1251 368 1329 Quam
389 1252 428 1314 66
450 1256 684 1316 aestimationem
707 1255 868 1334 adjumenti
890 1254 961 1333 qnid
984 1254 1142 1315 allaturum
1164 1270 1210 1314 me
1232 1255 1355 1331 putari,
1387 1255 1413 1313 si
1435 1253 1523 1331 loga·

121 1340 292 1405 rithmus
318 1358 378 1402 non
406 1358 507 1403 omnes
535 1344 725 1422 exprimerem
747 1346 891 1419 integros,
921 1342 973 1404 666
996 1342 1094 1403 hiatus
1116 1341 1233 1402 crebros
1255 1340 1447 1418 relinquerem
1471 1359 1523 1420 per

121 1429 275 1506 figuras
298 1430 407 1505 primas
430 1429 469 1490 66
491 1431 653 1506 sinistram,
678 1433 806 1508 quaein
829 1431 921 1492 tribus
944 1429 983 1490 ad
1004 1430 1156 1490 minimum
1178 1428 1362 1505 legarithmis
1384 1429 1523 1507 deinceps

121 1522 319 1579 manerent
333 1515 463 1590 6666661,
480 1519 582 1578 vitatis
598 1525 696 1579 tamen
710 1517 912 1597 ambiguitatis
928 1516 1143 1585 occasionibus.
1179 1515 1229 1577 616
1244 1518 1322 1578 enim
1336 1516 1403 1578 loca
1417 1517 1521 1577 ultima

121 1602 416 1680 Iogarithmorum,
440 1622 517 1681 qnae
540 1607 665 1681 vadant,
688 1607 788 1667 statim
810 1608 840 1665 in
864 1614 1053 1683 conspectum
1072 1605 1194 1664 veniunt
1208 1602 1395 1682 mediumque
1409 1603 1520 1681 aliquid

121 1707 267 1755 acrum
290 1690 416 1752 rotundo
438 1693 496 1753 fine
518 1692 604 1754 facile
626 1695 759 1754 sumitur.

268 1799 308 1855 Ut
325 1800 348 1855 si
367 1801 405 1855 sit
421 1801 610 1871 excerpendae
627 1801 806 1872 legarithmne
826 1818 887 1858 cnm
904 1817 970 1858 arcu
988 1801 1037 1859 00ο
1055 1801 1080 1857 6¹
1098 1800 1159 1868 tat,
1183 1816 1233 1869 per
1250 1801 1299 1857 39⁰
1316 1802 1343 1857 6¹
1367 1801 1524 1870 excerpitur

121 1878 257 1948 amat,
276 1893 394 1948 cumque
411 1880 551 1947 sequentis
570 1880 692 1950 scrupuli
709 1879 888 1950 logarithmns
906 1885 962 1933 tres
981 1878 1091 1947 quidem
1108 1878 1210 1947 primos
1228 1878 1399 1935 characteres
1411 1881 1465 1937 460
1481 1897 1523 1935 re·

121 1958 249 2013 finees
266 1957 387 2025 eosdem,
407 1957 481 2026 6666
497 1957 560 2013 1666
577 1960 703 2014 vacantia
721 1958 851 2025 indicant,
870 1957 939 2013 6666
957 1972 1021 2011 vero
1041 1954 1151 2011 ultimm
1163 1973 1213 2025 pro
1227 1958 1260 2013 06
1278 1956 1380 2014 hebeat
1392 1959 1434 2025 60,
1453 1958 1525 2013 inter

121 2040 160 2095 ³
173 2036 197 2093 6
214 2034 301 2105 igitur
317 2042 347 2092 et
364 2039 399 2096 00
416 2036 495 2092 166116
513 2037 630 2093 sumitur
646 2038 835 2094 intermedium
854 2036 956 2106 aliquid
973 2035 1129 2103 rotundum,
1146 2036 1259 2106 propius
1274 2053 1385 2092 numero
1400 2038 1442 2105 60,
1461 2037 1524 2106 6616

121 2114 220 2175 Ιιὸ”
238 2121 372 2185 superant
389 2116 528 2171 semissem
549 2116 678 2187 scrupuli,
697 2117 749 2170 erit
765 2116 859 2186 itaque
877 2115 1056 2185 legarithmus
1073 2114 1221 2184 requisitus
1239 2114 1327 2171 46070
1344 2113 1461 2169 circiter.

268 2216 301 2277 Si
323 2224 421 2277 161666
444 2233 519 2295 opus
541 2235 605 2278 6666
628 2218 779 2295 putaveris
802 2216 978 2294 legarithmo
1001 2221 1136 2276 accurate
1156 2214 1292 2276 secundis
1318 2213 1523 2292 respondente,

121 2302 329 2381 multiplica
350 2313 403 2365 tua
424 2303 555 2366 6666666
578 2306 609 2363 16
633 2304 848 2365 decrementum
872 2302 920 2364 vel
942 2306 1162 2376 incrementum,
1185 2301 1265 2378 6666
1288 2301 1336 2363 vcl
1358 2305 1432 2363 inter
1450 2302 1524 2364 6666

121 2390 359 2465 [4666616666
381 2390 521 2452 adlatus
544 2399 590 2452 cet
614 2394 782 2471 appositum
805 2395 833 2450 iu
856 2408 948 2470 parvo
973 2390 1205 2464 intercolumnio,
1227 2388 1277 2449 vel
1299 2407 1388 2469 supra
1402 2390 1523 2465 infrave,

121 2480 331 2555 Factumque
364 2477 539 2540 diminutum
572 2496 631 2539 666
659 2479 754 2558 figura
782 2478 820 2539 66
848 2478 978 2539 dextram
1011 2477 1060 2537 sel
1093 2478 1174 2537 aufer
1204 2495 1223 2536 a
1252 2476 1429 2555 logarithmo
1457 2495 1523 2538 cnm

121 2566 291 2627 sinistris
319 2566 464 2646 scrupulis
495 2575 649 2643 excerpto,
680 2566 726 2628 vel
756 2567 832 2627 6666
856 2570 884 2627 61
906 2582 972 2627 cum
996 2565 1104 2625 dextris
1128 2571 1273 2644 excerpto.
1317 2565 1364 2625 lta
1387 2565 1524 2627 conficies

121 2652 370 2729 loganthmum
393 2656 468 2715 satis
490 2663 669 2716 accuratum.

269 2762 308 2818 llt
331 2761 360 2816 in
382 2761 507 2833 exemplo
525 2762 727 2817 decrementum
745 2767 884 2832 superstat
902 2763 931 2829 6,
956 2761 1029 2831 quod
1052 2766 1082 2815 ln
1099 2757 1220 2815 secunda
1236 2760 1289 2816 tet
1305 2758 1524 2829 multiplicatum,

136 2834 216 2893 det
229 2840 290 2897 068.
326 2841 401 2910 sego
419 2841 529 2909 abiecto
547 2840 608 2897 loco
627 2841 723 2897 ultimo
741 2842 774 2911 8,
792 2841 907 2897 restabit
923 2842 959 2897 06
977 2857 1027 2911 pro
1044 2846 1124 2910 parts
1140 2838 1347 2910 proportionali,
1366 2853 1438 2909 quae
1455 2853 1473 2893 a
1489 2839 1524 2895 00

142 2914 265 2983 abab,
285 2925 317 2975 ut
332 2918 362 2974 in
380 2919 561 2990 decremento,
578 2920 708 2991 relinquit
725 2921 760 2978 70
778 2929 806 2976 et
824 2919 877 2990 log.
896 2921 992 2978 46070.

266 3018 350 3080 Haec
376 3026 475 3080 tamen
505 3019 609 3097 regula
640 3024 670 3080 iu
702 3021 848 3098 scrupulis
878 3019 1050 3098 quadrantis
1079 3020 1180 3097 primis
1208 3024 1348 3080 accurata
1377 3035 1523 3081 essenon

153 3108 269 3179 potest,
293 3108 413 3168 611666
436 3110 466 3165 in
489 3110 662 3168 semicirculi
687 3110 851 3187 postremis,
875 3125 930 3169 uec
952 3108 1104 3168 observari
1127 3105 1245 3166 omuino
1267 3112 1366 3183 potest
1387 3109 1417 3164 ln
1440 3123 1523 3167 666-

159 3188 234 3259 11616
255 3196 385 3253 omnium
408 3197 512 3272 primo,
535 3197 587 3255 ubl
610 3195 825 3258 decrementum
848 3203 894 3257 cst
915 3197 999 3255 iuitio
1022 3194 1176 3253 infinitum.
1212 3194 1295 3253 Tunc
1311 3194 1400 3270 igitur
1415 3196 1523 3268 cautio,

163 3286 255 3346 (luem
276 3280 383 3341 tradidi
399 3284 430 3341 16
447 3281 643 3362 explicatione
657 3282 894 3363 Heptanesiadis,
917 3284 998 3343 valet
1016 3282 1221 3358 aliqnousqtre,
1245 3279 1348 3342 saltem
1364 3298 1416 3358 per
1429 3283 1525 3360 prima

162 3352 264 3429 &tem
287 3368 435 3447 scrupula,
457 3370 548 3447 paulo
570 3380 669 3431 tamen
693 3370 778 3431 aliter
800 3370 993 3445 observande,
1018 3368 1098 3446 quod
1121 3367 1255 3447 exemplo
1278 3366 1381 3429 docco.

185 3578 194 3591 ·
265 3508 390 3570 Praec.
416 3515 465 3570 10.
512 3514 597 3569 Verbi
623 3529 721 3586 causa,
750 3521 896 3585 quaeratur
917 3512 1096 3582 legerithmus
1120 3526 1200 3567 arcus
1218 3513 1249 3569 0⁰
1267 3513 1293 3568 9‘
1310 3513 1373 3571 43⁴¹.
1408 3512 1460 3569 llic
1482 3513 1527 3567 via

156 3586 247 3644 lucri
262 3606 313 3662 per
329 3592 360 3648 0ο
378 3592 404 3647 0’
422 3591 577 3661 excerpitur
593 3591 709 3657 604606,
736 3600 832 3663 estque
857 3593 1072 3659 decrementum,
1091 3589 1211 3646 debitum
1229 3589 1306 3646 denis
1325 3591 1464 3662 secundis,
1490 3607 1524 3646 ex

234 3668 369 3726 columnio
384 3670 459 3726 1766.
491 3670 552 3725 Η66
569 3670 596 3724 16
615 3670 649 3726 43
667 3669 884 3741 multiplicatum,
902 3668 999 3725 ultimo
1018 3668 1084 3725 iacti
1100 3668 1161 3725 loco
1178 3677 1293 3738 resecto,
1313 3669 1360 3725 dat
1372 3671 1525 3741 portionem

155 3726 232 3802 ⁷⁵51
251 3747 464 3804 subtrahendam
482 3748 516 3804 ab
538 3754 677 3817 excerpto.
713 3749 751 3803 At
769 3764 830 3803 cum
849 3762 927 3803 arcus
940 3747 976 3803 sit
988 3753 1044 3802 tam
1056 3762 1158 3817 parvus
1170 3756 1199 3802 ct
1211 3748 1319 3805 omnino
1332 3749 1420 3804 minor
1431 3748 1525 3804 decem

152 3818 306 3894 limphis,
324 3841 439 3897 operare
455 3842 505 3897 per
522 3826 582 3897 6166
599 3826 819 3896 sexagecuplum,
838 3826 950 3881 mutatis
969 3823 1101 3895 apicibus,
1120 3827 1198 3894 quasi
1216 3834 1290 3882 66661
1306 3828 1337 3883 0ο
1353 3826 1408 3884 4³⁴.

475 3954 540 4015 lisga
561 3954 674 4003 exscribe
692 3952 871 4015 logarItbmum
890 3951 920 4003 9⁰
954 3951 981 4001 0⁴
1028 3952 1131 4002 186610

479 4024 512 4072 Iit
528 4022 706 4084 logsrlthmnm
752 4061 760 4076 .
798 4060 805 4076 .
844 4061 851 4075 .
888 4021 920 4073 9⁰
936 4020 981 4073 43¹
1026 4023 1131 4073 177018

556 4144 730 4195 subtractione
747 4146 838 4209 patefit
855 4144 997 4193 dliIsrsntla
1066 4144 1136 4194 7604
1154 4146 1245 4197 verior.

463 4212 540 4264 Hanc
557 4216 629 4264 auter
646 4229 663 4263 6
679 4213 830 4276 legaritbmo
867 4212 898 4266 0⁰
915 4214 942 4264 θ’
960 4213 995 4264 0”
1031 4216 1145 4267 604666.

908 4338 996 4387 licem
1029 4339 1145 4391 680041.

267 4456 305 4513 Et
327 4458 374 4515 bic
398 4457 518 4528 estjam
540 4456 720 4527 logarithmus
742 4472 822 4513 arcus
840 4457 873 4515 0ο
889 4458 916 4514 9⁴
932 4458 986 4511 43¹¹
1010 4458 1078 4514 eatis
1101 4462 1246 4515 eccnmtns
1268 4457 1297 4515 in
1314 4455 1421 4513 1661616
1439 4472 1521 4529 arcn3

166 4520 243 4590 *nte
257 4552 321 4594 rere
339 4536 430 4597 miuus
448 4544 601 4604 momatur,
619 4542 721 4609 quanto
739 4550 819 4595 meus
836 4534 919 4595 inerit
935 4535 1031 4609 major.
