3284 5520
407 1577 467 1696 IN
501 1577 957 1699 HYPERASPISTEN
993 1577 1235 1697 lentini

633 1801 780 1872 NOTAE
801 1801 1013 1872 EDITORIS.

254 1995 456 2064 1)[pse.1ts].
492 1999 577 2061 Tycho
602 2000 630 2049 in
655 2000 933 2062 „Progymnaemetum‘i
958 2003 1028 2061 perte
1053 2000 1177 2062 secunde,
1203 2000 1257 2063 „De
1281 1998 1373 2049 Mundi
1399 1998 1510 2048 aetnaei

145 2069 327 2120 recentioribus
356 2070 563 2135 phaenomenis,“
594 2073 622 2120 in
646 2085 697 2134 qus
720 2076 818 2120 cometa
840 2072 900 2118 enni
925 2071 1000 2122 itii.
1020 2069 1182 2132 describitur,
1210 2069 1348 2132 complures
1371 2070 1509 2131 scriptores

147 2143 289 2201 enumerat,
315 2142 361 2205 qui
379 2140 410 2189 de
427 2141 592 2190 hoocomete
609 2147 726 2203 egerunt,
750 2142 865 2205 interque
882 2154 924 2188 eos
942 2141 1078 2203 praecipua
1095 2141 1168 2189 leude
1187 2141 1290 2201 dignum
1308 2145 1395 2189 censet
1411 2138 1509 2189 Maest-

146 2207 275 2271 iinnm„
277 2212 344 2259 inter
363 2223 462 2273 omnes,
481 2224 587 2272 qnorum
604 2213 698 2275 scripta
715 2209 747 2259 sd
764 2216 863 2259 nostras
880 2224 968 2259 merrus
986 2217 1166 2272 pervenerunt,
1188 2224 1261 2259 nemo
1280 2209 1405 2258 eruditius
1424 2214 1449 2257 et
1466 2209 1508 2256 in·

145 2281 287 2343 genioslus,
306 2293 379 2329 nemo
398 2282 474 2329 etiem
493 2283 682 2331 convenientius
701 2285 726 2328 et
743 2281 901 2343 probabilius
920 2280 951 2328 de
970 2281 1016 2329 hoo
1029 2287 1124 2329 comete
1137 2282 1286 2329 sententiam
1299 2277 1415 2342 protulit,
1433 2291 1509 2341 quem

146 2348 184 2401 li
204 2349 317 2400 Miehsei
335 2349 494 2414 Moeetiinns,
511 2354 557 2416 qul
576 2358 636 2401 tuno
653 2352 774 2413 temporie
791 2352 818 2399 in
837 2350 931 2412 oppido
950 2350 1086 2412 Becknang
1098 2351 1231 2400 diaconum
1243 2351 1340 2411 agebat,
1359 2361 1429 2399 nnnc
1441 2362 1509 2409 vero,

146 2425 175 2468 nl
193 2420 318 2483 intelligo,
334 2410 477 2470 ¹academiae
491 2421 659 2484 Tubingensie
673 2421 801 2485 professor
813 2422 992 2469 methematum
1005 2422 1099 2483 existit,
1118 2424 1189 2483 onius
1201 2418 1285 2469 solide
1296 2423 1323 2469 iu
1335 2421 1412 2469 rebus
1424 2426 1509 2469 estro·

146 2491 254 2539 nomicis
273 2491 383 2552 cognitio
405 2497 430 2540 et
447 2493 559 2542 veritatis
577 2495 604 2541 in
622 2493 662 2541 itis
680 2491 868 2552 cognoscendae
884 2489 1100 2557 illustrandaoque
1117 2491 1230 2541 studium
1249 2492 1368 2540 eximium
1382 2490 1509 2553 imprimis

148 2558 346 2609 commendabile
366 2562 429 2609 mihi
448 2563 587 2613 censetur.“
625 2561 687 2629 [Cir.
707 2562 757 2611 voi.
777 2561 796 2611 i.
816 2575 840 2624 p.
862 2560 933 2621 188).

255 2629 407 2679 Maeotiinue
426 2632 614 2681 observationes
632 2647 690 2681 enas
709 2631 860 2693 describens,
878 2630 979 2678 modum
998 2631 1125 2692 proponit,
1145 2644 1211 2694 „quo
1223 2633 1320 2695 absque
1331 2626 1509 2680 instrumentis

149 2700 302 2748 mechanicis
321 2700 432 2750 nidorum
449 2702 505 2751 ioca
523 2704 650 2752 observari
669 2701 797 2751 commode
814 2702 926 2763 possint,
949 2701 999 2749 hac
1021 2700 1136 2749 sdilblte
1153 2700 1366 2761 consideratione,
1389 2706 1420 2748 ut
1437 2699 1510 2749 sidus

149 2769 333 2819 observandum
351 2771 378 2819 in
397 2773 472 2820 binas
490 2773 570 2822 lineae
587 2779 667 2822 rectae
686 2771 826 2836 coincidet,
851 2785 868 2818 u
885 2773 902 2820 4
921 2771 1025 2819 diversis
1049 2771 1106 2819 eiiie
1130 2769 1211 2820 stellis
1229 2772 1391 2820 transversim
1409 2769 1508 2829 ductas,

148 2838 218 2904 qnod
243 2841 376 2902 perillum
396 2842 421 2889 in
442 2842 563 2892 directum
582 2841 662 2892 stellis
680 2841 773 2890 talibus
792 2841 935 2905 expositum
953 2838 1075 2905 oculoque
1094 2839 1250 2905 applicatum
1269 2841 1508 2902 experimentatus·

146 2908 233 2969 'l'yoho
251 2911 335 2959 minue
352 2911 454 2976 quidem
474 2917 614 2961 accuratam
633 2927 686 2961 esse
700 2910 774 2960 telem
789 2912 987 2960 observationem
1001 2915 1093 2973 censet,
1112 2910 1185 2959 addit
1197 2924 1270 2959 vero:
1289 2909 1510 2960 commendatione

145 2976 226 3027 nihilo
245 2981 328 3028 minus
346 2980 520 3042 dignissimum
540 2986 577 3030 est
594 2982 642 3031 hoc
660 2982 792 3031 Moestiini
810 2980 934 3042 studium,
958 2979 1028 3044 quod
1047 2982 1124 3032 etiem
1142 2982 1186 3043 iis,
1204 2983 1249 3045 qni
1267 2981 1443 3030 instrumentis
1462 2994 1509 3030 ex·

145 3049 249 3113 quisitis
272 3057 368 3112 carent,
391 3052 440 3100 huo
461 3053 559 3100 ratione
581 3052 700 3115 protiosus
723 3051 832 3101 voluerit
849 3057 873 3100 et
890 3052 1013 3099 rationem
1031 3051 1057 3098 iu
1076 3051 1115 3099 iris
1134 3051 1271 3100 ostenderit
1289 3050 1429 3100 admodum
1447 3064 1510 3101 sane

145 3119 303 3180 ingeniosam
321 3124 347 3169 et
364 3119 461 3172 utilem.

251 3188 278 3254 2)
298 3190 365 3255 [pag.
380 3193 450 3254 1701.
476 3189 697 3241 claromontinsis
711 3190 869 3254 ,Apologls“
883 3190 1029 3254 respondet:
1049 3188 1171 3252 Kepiorus
1184 3191 1321 3253 interponit
1333 3188 1509 3249 evagationem

150 3265 176 3308 et
194 3258 374 3318 digressionem
395 3263 507 3325 aprime
527 3276 629 3311 numero
647 3277 727 3328 nsque
745 3263 777 3310 ed
795 3263 920 3326 quintum,
938 3262 964 3308 in
982 3262 1076 3324 quibus
1088 3262 1229 3321 magistrati
1242 3260 1391 3309 anctoritate
1403 3258 1510 3307 indutus

145 3343 185 3378 me
204 3329 286 3392 docet,
307 3331 369 3391 qnid
387 3333 524 3394 potuissem
543 3332 640 3391 dicere;
659 3337 684 3380 et
702 3333 764 3380 milri
782 3346 832 3380 non
846 3338 883 3381 eet
901 3336 964 3393 opn'e
976 3331 1024 3379 tsli
1036 3333 1163 3392 magistro.
1192 3329 1259 3379 iilud
1272 3344 1321 3378 non
1335 3342 1366 3375 ex
1380 3328 1509 3390 metiendo,

148 3413 187 3448 me
207 3400 321 3460 potuisse
340 3402 367 3448 in
385 3402 432 3450 heo
450 3402 622 3465 disputatione
640 3403 816 3451 mathematice
834 3402 953 3450 disserere
971 3401 1001 3449 de
1014 3408 1109 3449 motoro
1123 3406 1240 3462 cometae,
1258 3409 1342 3449 ntrum
1355 3399 1390 3447 eit
1401 3396 1509 3458 engaine

146 3483 180 3518 an
199 3470 316 3529 ingenite
335 3470 480 3534 disciplinas
499 3474 580 3533 msgis
598 3473 661 3521 mihi
678 3473 798 3534 probetur
816 3472 972 3533 Aristoteles,
991 3472 1079 3535 quiin
1097 3470 1170 3520 libris
1188 3471 1219 3519 de
1238 3468 1308 3520 coeio
1321 3471 1352 3517 de
1365 3469 1508 3517 motoribus

146 3536 298 3588 coelestibus
319 3554 369 3589 non
389 3543 447 3603 egit,
466 3543 509 3591 sed
528 3556 664 3591 sermonem
679 3543 801 3605 superiori
814 3543 934 3590 scientiae
945 3539 1058 3605 reliquit.
1088 3541 1254 3591 obscuritatis
1267 3536 1427 3603 reprehendit
1440 3551 1510 3588 mess

146 3608 285 3657 instantius
303 3614 328 3657 et
346 3616 412 3659 certe
429 3612 553 3673 ostendit,
576 3613 626 3660 sibi
649 3613 840 3661 obscurissimas
860 3613 948 3673 irrisse,
974 3625 1029 3659 cnm
1048 3610 1150 3660 contuse
1168 3616 1193 3659 et
1211 3625 1325 3672 perverse
1343 3621 1387 3656 eas
1404 3607 1508 3661 referat.

147 3678 183 3727 Ut
200 3691 259 3727 vero
278 3679 371 3729 clerius
389 3685 493 3744 constet,
512 3688 634 3747 quantum
652 3683 679 3730 in
698 3684 760 3730 meis
778 3683 907 3730 instantiis
925 3681 1062 3731 reierendie
1080 3686 1166 3744 peccet
1179 3679 1310 3742 Keplerus,
1328 3683 1417 3740 repeto
1429 3679 1510 3727 rerba

147 3762 212 3810 mea,
231 3762 298 3813 quae
317 3749 381 3798 hene
399 3749 477 3799 solem
495 3753 611 3812 enaiysin
629 3752 778 3801 admittunt.
796 3751 918 3816 quicquid
938 3756 1051 3800 movetur
1063 3751 1163 3813 circuio
1183 3757 1295 3799 movetur
1309 3763 1352 3810 per
1363 3748 1509 3809 portionem

147 3818 252 3867 msxlmi
280 3820 381 3884 cironii;
407 3821 510 3883 aliquod
535 3836 624 3885 corpus
647 3821 797 3871 elementere
818 3827 933 3871 movetur
956 3821 1078 3870 circuio'
1071 3835 1098 3869 ιιι
1116 3823 1242 3883 positione
1260 3816 1419 3880 Aristotelis,
1447 3831 1508 3879 ergo

145 3886 251 3953 aliquod
274 3903 364 3950 corpus
391 3891 541 3940 elementato
566 3898 679 3941 movetur
702 3907 747 3954 per
771 3893 912 3955 portionem
935 3889 1023 3939 circuli
1041 3891 1145 3939 mulmi
1164 3892 1315 3956 exquisitam
1333 3890 1359 3937 in
1378 3888 1509 3950 positione

145 3955 300 4009 Aristotelia.
338 3960 431 4008 Videat
448 3961 533 4019 lector
553 3967 676 4026 qnantum
694 3963 760 4011 obsit
778 3960 891 4023 ansiysis
908 3959 1012 4023 Kopiori
1028 3975 1045 4010 s
1062 3974 1119 4010 vers
1137 3967 1162 4009 et
1179 3975 1305 4022 germsna.

250 4027 276 4094 ὅ)
296 4029 362 4091 [pag
386 4032 455 4091 iill].
491 4029 687 4083 (lieremoniiusz
711 4032 801 4083 Soluto
819 4038 856 4080 eet
874 4032 1028 4080 constitutio:
1051 4036 1149 4080 comete
1167 4044 1218 4079 non
1237 4031 1312 4079 habet
1328 4032 1358 4076 nt
1375 4031 1509 4077 moveatur

146 4112 193 4161 per
211 4099 332 4148 cuculum
351 4102 489 4149 maximnm
508 4117 525 4150 u
542 4103 616 4152 stelle
634 4103 748 4164 ducente,
765 4103 809 4151 sed
828 4102 909 4150 solnm
927 4103 1052 4150 excitetur
1069 4101 1101 4149 ed
1121 4107 1217 4150 motum
1235 4101 1382 4148 circularem
1401 4099 1427 4146 in
1447 4099 1507 4147 uni·

146 4182 256 4221 versum.
294 4168 409 4219 Ceterum
434 4172 502 4233 qnod
524 4171 620 4221 feratur
642 4174 707 4222 circe
729 4179 841 4222 centrum
866 4172 989 4232 uniuersi,
1015 4172 1113 4219 obtinet
1130 4185 1145 4219 e
1162 4178 1254 4220 nature
1272 4175 1355 4218 moins
1373 4168 1508 4218 cneulsris

145 4239 282 4288 secuudum
301 4240 462 4290 Aristotelem
481 4248 506 4290 et
523 4243 660 4292 secundum
677 4239 769 4291 lemme
786 4258 800 4290 a
818 4243 940 4303 gravitate
958 4241 1102 4292 levitstoro.

250 4311 454 4372 4)[peg.171].
491 4310 689 4364 Claremontins:
716 4313 773 4361 Aln'
792 4313 893 4361 schema
910 4312 1019 4360 deesse?
1045 4309 1108 4360 Cum
1127 4311 1311 4373 apertissimum
1331 4310 1376 4370 eit,
1400 4311 1457 4356 toto
1477 4322 1507 4360 eo

146 4379 227 4440 capite
245 4382 429 4442 propositiones
447 4383 532 4431 reterri
551 4381 582 4430 ed
600 4385 713 4445 liguram,
730 4397 795 4447 qnae
814 4383 889 4431 initio
909 4381 1000 4444 capitis
1018 4382 1149 4443 reperitur.
1180 4380 1236 4428 Non
1248 4385 1347 4443 poteras
1359 4376 1508 4430 edesenus

145 4450 257 4512 aperire,
280 4456 374 4515 quante
391 4466 448 4501 cnm
465 4453 618 4514 negligentia
636 4458 680 4501 snt
698 4453 815 4502 socordia
833 4456 907 4514 ceput
925 4449 989 4500 iliud
1007 4451 1111 4503 rideris.
1149 4452 1181 4500 Et
1198 4450 1269 4499 edeet
1288 4449 1390 4498 schema
1408 4453 1435 4496 et
1453 4462 1509 4512 qua

145 4517 200 4576 lege
218 4517 410 4570 describendum
428 4522 543 4571 additum
562 4529 586 4570 et
605 4528 687 4572 textus
705 4523 794 4572 lectori
813 4522 931 4571 oscitanti
948 4518 1074 4584 implexus
1088 4525 1132 4582 est,
1150 4518 1223 4582 eigili
1243 4525 1268 4570 et
1286 4522 1402 4568 accurato
1419 4516 1507 4580 expil-

146 4589 273 4639 οἱιιιι.-
291 4589 364 4640 Hsee
382 4589 582 4654 claromontius,
601 4607 648 4640 nos
667 4606 739 4654 vero,
758 4593 932 4655 persolventes
950 4596 1064 4639 accurate
1082 4592 1284 4652 Antitychonem,
1302 4602 1385 4654 neque
1403 4587 1508 4638 scheme

146 4655 180 4705 ad
198 4660 274 4707 rerba
291 4658 457 4711 Oloremontii
475 4668 571 4727 aptum,
589 4676 678 4731 neque,
695 4663 764 4730 qnod
782 4663 857 4726 paulo
875 4667 947 4710 entes
965 4661 1062 4716 dixerat
1074 4658 1297 4722 Olaremontiue„
1300 4647 1507 4710 emendetlonnm

145 4728 250 4779 sollum·
271 4729 488 4795 deprehendimus
