3284 5520
498 327 542 383 Ad
563 327 661 385 librum
680 328 716 385 11.
734 328 948 400 Anti-Tycbonis
967 344 1027 400 cap.
1051 330 1088 386 lli.
1109 331 1151 387 ¹7.
1432 332 1496 401 209

141 510 331 567 ιοιιιιιιίοιιι
367 505 406 566 ad
438 524 576 583 magnum
615 524 715 568 eorum
752 525 902 570 numerum
938 507 1085 586 procedit,
1124 507 1260 567 omnibus
1293 509 1388 568 modis
1420 529 1496 589 nego

142 597 393 671 consequentiam.
435 594 511 653 Nam
535 597 589 655 atsi
613 594 679 655 allis
701 596 776 656 torte
798 606 938 656 terrarum
961 596 1035 655 locis
1059 603 1088 653 et
1111 595 1166 654 sub
1190 606 1269 655 certa
1291 600 1498 659 consbtnticne

140 699 230 743 aurae
252 682 458 743 retractionem
481 682 683 759 magnitudine
705 686 813 761 insigni
836 686 1004 759 contingere
1027 698 1114 759 posse
1130 682 1276 758 Scipionis
1299 685 1451 746 corollario
1468 684 1497 747 1.

141 772 355 849 concesserim,
393 786 544 846 nunquam
577 779 674 830 umen
714 770 884 830 observavit
917 770 1020 848 Tycha
1053 772 1084 827 in
1121 770 1186 828 loco
1224 787 1278 829 suo
1311 774 1498 834 infractiones
1554 806 1557 811 ·

138 856 263 916 fixarum
296 859 423 934 majores
450 864 479 917 et
502 865 600 917 tantas
622 856 750 934 quidem,
774 866 916 935 quantum
938 857 1065 917 sufficiat
1088 855 1287 916 claramontio
1311 858 1349 918 ad
1373 859 1497 920 demon-

140 944 310 1018 strandum,
343 954 473 1004 cometas
497 947 527 1003 in
556 949 623 1004 aere
653 962 727 1005 esse.
773 944 902 1005 Nimium
930 945 978 1005 hic
1001 953 1104 1023 peccat
1127 948 1289 1005 temeritate
1313 947 1497 1007 corollarium

139 1033 258 1091 tertium
288 1033 432 1106 auctoris,
465 1031 612 1091 affirmans
636 1036 785 1091 incertum
813 1041 840 1091 ct
864 1033 1019 1110 fluctuant
1041 1041 1069 1091 ct
1088 1034 1269 1109 plerumque
1290 1034 1407 1111 fabum
1429 1053 1496 1110 esre,

141 1119 223 1194 quod
244 1118 358 1195 nmque
371 1118 610 1181 consideratione
631 1121 826 1197 retractionis
841 1124 1035 1181 mundatur.
1072 1118 1148 1179 Nam
1163 1123 1218 1179 etsi
1241 1139 1348 1198 magna
1362 1124 1497 1182 retractio

140 1208 288 1267 contemni
315 1223 374 1267 non
399 1204 501 1280 debet,
537 1215 569 1268 at
590 1224 683 1285 parva
705 1215 802 1285 potest
825 1207 1029 1284 aliquousquc.
1075 1206 1114 1266 Et
1135 1209 1260 1282 scimus,
1292 1209 1339 1270 bic
1361 1228 1498 1287 magnam

139 1309 194 1354 non
217 1294 320 1355 tuisse

249 1383 298 1442 13.
328 1381 466 1457 Denique
480 1384 506 1441 si
521 1382 569 1442 vel
590 1383 684 1440 invito
699 1380 841 1459 Tycbone
855 1373 992 1442 sumserit
1006 1382 1063 1441 lroe
1079 1380 1304 1456 Claramontius,
1327 1384 1497 1461 possibilem

140 1467 229 1528 tuisse
252 1470 458 1531 retractionem
479 1486 532 1548 pro
554 1468 651 1529 lubitu
664 1486 812 1545 magnam,
836 1469 963 1529 nondum
988 1480 1083 1529 tamen
1106 1470 1240 1543 obtinuit,
1264 1479 1294 1529 ct
1315 1479 1385 1531 actu
1407 1472 1499 1532 tuisse

142 1555 196 1615 irae
219 1557 288 1617 rice
311 1563 439 1633 tantam,
461 1556 542 1633 quod
565 1564 595 1616 et
617 1558 700 1615 initio
723 1556 811 1632 hujus
834 1557 989 1616 solutionis
1013 1560 1096 1635 coepi
1120 1556 1225 1618 dicere.

247 1645 297 1705 14.
327 1642 425 1703 Multo
453 1660 524 1704 vero
554 1645 674 1703 minime
704 1645 846 1717 obtinuit,
882 1643 961 1720 quod
989 1653 1071 1703 tanta
1100 1661 1165 1703 cum
1196 1647 1352 1704 securitate
1381 1653 1497 1706 nostrae

140 1731 303 1808 patientiae
329 1729 472 1791 affirmare
499 1749 557 1790 non
586 1729 747 1790 dubitarit:
790 1730 934 1790 Ocrsstnre
955 1733 1064 1791 scitica
1085 1750 1122 1792 ee
1145 1734 1209 1808 ipso
1236 1731 1386 1808 wolone,
1418 1734 1500 1809 qnod

137 1818 316 1893 paredam·
335 1820 434 1878 omnis
458 1818 551 1893 bujrsr
573 1825 717 1892 cometae,
741 1817 871 1893 intellige
894 1835 1002 1894 magna
1024 1820 1134 1895 aliqua,
1158 1837 1179 1877 a
1200 1820 1383 1895 refractione
1403 1822 1499 1897 fucrit

140 1904 286 1979 campan
314 1912 532 1982 procursusque
562 1905 598 1964 dc
619 1905 804 1982 rcfrnctione
825 1905 926 1965 adbuc
949 1909 1103 1983 inteprnm
1125 1908 1281 1966 minutum
1304 1909 1498 1985 superfuerit.

140 1989 240 2050 (iratis
263 2002 297 2051 tu
318 1991 393 2052 baec
416 1993 469 2053 tibi
492 1995 597 2066 sumis,
622 1991 736 2070 Scipio:
765 1995 909 2051 minutum
933 2011 1023 2053 uuum
1046 1995 1084 2054 ob
1108 1994 1309 2063 retractionem
1332 1994 1499 2054 abundasse

141 2075 273 2138 concedit
296 2077 414 2156 Tycha,
448 2096 507 2139 non
539 2083 568 2138 in
598 2079 788 2158 parallactica
816 2081 916 2156 aliqrm
944 2099 1068 2157 magna,
1103 2079 1154 2140 sed
1185 2081 1271 2158 plane
1301 2085 1329 2138 in
1361 2098 1431 2141 vera
1462 2080 1500 2140 ad

141 2182 258 2226 ιιιιιιιιι
279 2164 444 2226 altitudine.

236 2253 300 2327 ¹lli.
334 2253 375 2312 At
398 2256 546 2314 enimvero
571 2254 664 2327 dices,
688 2262 839 2313 tantumne
862 2253 969 2330 dogma
993 2262 1051 2314 tant
1076 2255 1195 2312 infirmis
1218 2257 1378 2330 superstrui
1400 2255 1500 2314 firma-

144 2338 272 2399 mentis?
305 2356 372 2399 eum
399 2350 429 2401 et
457 2340 541 2400 detur
570 2340 753 2418 possibilitas
783 2341 965 2401 retractionis
995 2350 1024 2401 et
1047 2340 1150 2418 Tycho
1178 2344 1241 2418 ipse
1272 2344 1421 2417 negotium
1444 2342 1500 2401 lroc

146 2435 286 2504 agnoscat
308 2426 395 2486 valde
417 2427 571 2488 subtile
594 2429 665 2506 (non
688 2429 787 2505 futile,
811 2436 844 2486 ut
867 2427 1081 2487 Claramontius
1106 2427 1155 2486 tol.
1179 2429 1251 2489 ι210,
1274 2428 1476 2507 uansscribit).

246 2515 297 2574 16.
329 2513 472 2590 Equidem
494 2516 520 2574 si
543 2514 580 2574 dc
605 2531 662 2574 uno
686 2515 733 2575 vel
757 2517 849 2575 altero
872 2516 961 2590 pede,
994 2514 1186 2591 decempeda,
1218 2516 1339 2590 jugero,
1373 2516 1499 2588 milliari,

148 2603 208 2675 quin
239 2602 300 2661 imo
329 2602 355 2660 si
386 2601 423 2660 de
454 2619 512 2661 una
540 2602 642 2678 aliqrra
671 2602 888 2662 semidiametro
911 2603 1018 2662 Terrae
1048 2621 1083 2661 ex
1111 2620 1218 2677 magun
1242 2601 1356 2659 illarum
1378 2618 1499 2663 numero

148 2686 300 2762 rejicienda
333 2688 382 2747 val
414 2687 551 2750 addenda
581 2697 878 2762 controverteremus,
911 2689 983 2747 nibil
1013 2689 1127 2749 afferret
1158 2691 1297 2747 momenti
1328 2691 1356 2745 in
1388 2697 1500 2765 partem

151 2773 230 2834 ullam
260 2774 396 2835 solitaria
424 2775 537 2836 istbaee
566 2779 790 2853 argumentatio.
834 2778 875 2835 At
902 2794 980 2836 nunc
1008 2776 1044 2835 de
1074 2777 1115 2835 60
1138 2776 1246 2836 Terrae
1277 2775 1500 2836 semidiametris

152 2864 256 2938 agitur,
292 2864 335 2922 eis
364 2879 402 2922 an
429 2863 506 2924 ultra
530 2872 645 2924 cometa
667 2866 844 2937 eonstiterit,
879 2880 934 2924 nee
956 2864 1088 2923 solitaria
1111 2870 1154 2923 est
1177 2864 1252 2923 baec
1275 2865 1499 2939 argumentatio,

151 2963 194 3010 nec
215 2950 360 3010 familiam
383 2949 471 3010 ducit.

248 3040 300 3096 lt.
331 3035 391 3097 Sed
413 3054 480 3098 eum
502 3037 605 3115 Tycbo
628 3045 727 3098 noster
751 3036 796 3108 id,
828 3037 907 3114 quod
930 3037 1093 3112 contendit,
1125 3037 1301 3097 sufficienter
1324 3036 1386 3112 (tol.
1415 3037 1500 3114 144.)

152 3123 333 3184 arbitraretur
356 3124 585 3185 demonstratum
607 3143 673 3185 essa
696 3127 724 3183 in
747 3124 813 3183 aliis
836 3125 1077 3185 antecedentibus
1101 3125 1390 3202 comprobationibus
1412 3123 1499 3204 (quas
1530 3122 1533 3128 '

152 3206 284 3272 bonanus
319 3212 358 3271 ab
391 3214 538 3272 instantiis
573 3212 765 3272 Claramontii
796 3213 944 3271 vindicari
980 3224 1009 3272 et
1043 3213 1139 3271 firmas
1175 3204 1239 3273 csse
1275 3206 1500 3292 demonstravi),

152 3296 259 3358 leudem
290 3300 379 3359 ctiam
408 3299 484 3360 banc
507 3298 733 3377 Regiomontani
763 3299 933 3359 urelbodum
956 3299 1107 3375 adjunxit,
1140 3316 1229 3358 cansa
1253 3300 1501 3374 comprobationis

152 3400 198 3443 nou
227 3388 416 3464 primariae,
451 3386 505 3447 scd
528 3395 641 3446 tautum
663 3388 831 3458 ulterioris,
866 3393 894 3445 et
920 3405 959 3445 ne
983 3389 1027 3446 uel
1056 3389 1210 3462 ipnorocse
1240 3388 1287 3444 vel
1308 3386 1383 3444 aare
1405 3404 1499 3460 opera

151 3476 334 3545 prmissa
357 3481 448 3550 atquc
461 3474 623 3550 nectarites
646 3491 713 3532 eum
729 3473 892 3535 viduetur.
930 3473 995 3533 Hoc
1017 3475 1167 3551 proposito
1191 3475 1375 3550 operationes
1398 3474 1501 3548 auspi·

151 3568 235 3635 crtus,
260 3577 321 3620 non
342 3560 409 3638 plus
432 3563 521 3621 etiam
544 3561 580 3621 de
604 3565 640 3620 iis
663 3560 821 3620 atlirmavit
842 3563 871 3618 in
895 3561 1082 3621 conclusione
1105 3560 1155 3622 iol.
1176 3563 1246 3619 lbl.
1285 3559 1374 3632 Satis,
1397 3561 1500 3635 inquit,

153 3644 261 3723 liquido
285 3656 433 3708 constaret
453 3666 506 3725 per
528 3648 604 3709 banc
626 3648 851 3725 Regiomontaui
875 3651 969 3721 viam,
1000 3656 1144 3707 cometam
1168 3646 1245 3706 bunc
1267 3649 1346 3706 omni
1369 3646 1501 3707 sensibili

149 3737 272 3796 caruisse
303 3745 440 3811 aspectus
470 3735 650 3796 diversitate.
697 3735 897 3811 Quaecunque
928 3739 1005 3795 eninr
1032 3735 1120 3810 hujus
1148 3734 1319 3810 magnitudo
1350 3735 1437 3794 inerit
1459 3733 1502 3792 illi

147 3821 342 3899 concedenda,
360 3824 453 3883 omnis
470 3822 521 3881 illa
535 3841 586 3900 per
602 3822 778 3883 observandi
794 3822 985 3895 conditiones,
1009 3840 1062 3882 seu
1077 3821 1214 3899 physicas
1236 3839 1289 3882 seu
1304 3822 1500 3894 mechanicas,

146 3906 196 3969 luit
217 3908 387 3970 obliterata.
432 3911 537 3985 Itaque
561 3910 693 3970 sulficere
725 3910 781 3968 sibi
809 3910 891 3980 dixit,
916 3910 1141 3985 Regiomoutani
1165 3912 1252 3981 viam,
1276 3910 1413 3985 quamvis
1435 3909 1502 3967 ltuic

144 3998 382 4073 negotio-minus
397 3996 626 4072 accommodam,
651 3998 680 4056 id
696 3999 791 4072 ipsum
815 4005 912 4055 tamen
929 3998 1007 4072 quod
1031 3999 1110 4075 prius
1131 3997 1365 4072 comprobaverit
1387 3996 1502 4072 plenius

147 4086 313 4145 contestari.
359 4086 398 4145 Et
428 4082 478 4144 nt
513 4086 592 4144 156:
627 4101 684 4144 nou
715 4084 794 4160 quod
824 4101 876 4160 per
908 4085 984 4143 hane
1014 4084 1240 4161 Regiomontani
1270 4083 1502 4160 speculationcm

146 4170 259 4319 ffld
283 4173 408 4246 certius,
432 4189 521 4249 quam
545 4174 574 4231 in
596 4171 836 4233 antecedentibus
860 4173 1012 4233 enucleare
1034 4173 1196 4249 speraverit
1219 4180 1274 4231 etc.
1308 4170 1386 4229 Vide
1408 4176 1502 4229 toturn

246 4302 302 4407 lb.
342 4346 380 4405 Et
416 4344 487 4423 quid
525 4345 647 4406 multis?
684 4345 883 4422 deprehensus
920 4355 965 4404 est
1001 4345 1143 4405 hactenus
1176 4345 1278 4423 Tyebo
1316 4345 1392 4404 circa
1429 4362 1501 4403 suae

144 4432 336 4510 μοίιιιίιιιὶι
364 4435 517 4493 materiam
549 4441 651 4494 auctor
680 4433 738 4494 tide
768 4433 873 4508 dignus
904 4432 1054 4509 eluxitque
1084 4436 1113 4490 in
1143 4451 1178 4493 eo
1207 4432 1348 4509 plurimus
1372 4432 1502 4491 veritatis

143 4536 234 4579 amor.
280 4519 311 4580 ls
334 4521 424 4596 igitur
446 4521 517 4597 qnid
541 4521 578 4580 dc
601 4529 663 4581 toto
686 4521 743 4580 boe
765 4522 883 4595 negotio
907 4519 1045 4594 affirmet,
1068 4519 1222 4580 audiamus
1245 4518 1294 4577 tol.
1321 4520 1395 4577 156:
1427 4518 1501 4591 aliie,

149 4610 254 4683 inquit,
276 4606 411 4685 plurimis
430 4610 644 4685 experimentis,
667 4611 740 4668 satis
763 4607 910 4666 laboriose
933 4609 1115 4680 examinatis,
1138 4625 1214 4683 quae
1237 4606 1389 4666 brevitatis
1412 4622 1503 4664 carisa

148 4696 267 4770 omittit,
291 4712 324 4755 ss
347 4703 497 4772 expertum
520 4712 601 4769 esse,
625 4703 778 4768 cometam,
802 4709 976 4770 quacunque
999 4694 1137 4754 methodo
1160 4696 1367 4766 examinatum,
1390 4692 1501 4753 nnllam

145 4790 245 4843 lamen
266 4781 439 4843 sensibilem
459 4782 599 4846 babuisse
621 4781 794 4860 parallaxin.

221 4897 414 4953 [ninom.
441 4898 493 4944 vu.
1252 4893 1291 4947 14
