3284 5520
457 324 459 328 Ι
488 361 549 420 Lib.
569 362 621 418 111.
656 361 699 418 Dc
718 360 961 431 significationibus
979 367 1152 421 cometamm.

364 624 412 708 66
439 623 770 743 Signlicatlontbrs
798 626 1027 711 cometarum
1054 624 1268 711 16611010.

242 803 457 865 Fundamentis
486 807 576 883 igitur
606 805 853 882 significationum
877 805 1039 866 1166116Π.
1069 807 1157 882 jactis
1181 805 1319 879 aditoque
1342 802 1503 863 secundum

140 888 188 947 illa
219 888 432 966 praedictionis
461 896 621 970 specimine
650 893 752 953 libello
784 897 870 953 tertio
900 897 928 951 in
961 901 1105 953 cometam
1137 897 1206 953 6661
1232 893 1332 965 1607,
1362 908 1409 950 res
1437 895 1503 966 ipsa

138 976 292 1052 postulare
315 979 440 1053 videtur,
462 988 496 1039 nt
516 981 641 1040 altarum
664 982 753 1040 etiam
776 984 922 1059 specimen
947 980 1032 1040 edam
1055 983 1085 1038 16
1108 982 1229 1041 cometis
1245 981 1373 1054 nuperis,
1398 978 1501 1038 iisdem

137 1064 251 1124 scilicet
277 1074 311 1124 ut
344 1070 373 1126 in
408 1069 497 1144 priori
526 1068 632 1127 loculis
665 1071 804 1128 excussis.
857 1067 944 1142 Quod
981 1070 1071 1143 igitur
1108 1066 1271 1127 naturalem
1309 1065 1502 1142 significatio·

137 1166 203 1210 nem
232 1155 353 1227 attinet,
380 1156 492 1232 primns
521 1155 639 1232 quidem
663 1165 777 1215 cometa
799 1173 899 1215 menae
923 1155 1087 1233 Septembri
1111 1157 1209 1228 visus,
1242 1155 1374 1213 similiter
1398 1163 1430 1211 ut
1452 1153 1501 1212 ille

138 1240 206 1297 anni
225 1239 320 1302 1607.
341 1243 372 1298 16
387 1244 586 1318 septentrione
600 1243 725 1302 decurrit
736 1240 781 1322 (Ι),
805 1242 951 1302 66666066
967 1246 996 1300 16
1012 1243 1140 1317 meridie,
1164 1243 1313 1301 attentius
1330 1259 1365 1300 cx
1382 1240 1503 1299 australi

136 1325 232 1384 iactus
262 1327 392 1387 borealis
420 1329 584 1408 eclipticam
614 1333 731 1389 omnino
755 1331 802 1389 die
826 1332 877 1390 25.
900 1330 977 1389 Nov.
1000 1332 1112 1405 attigit,
1147 1346 1272 1405 cumque
1295 1327 1417 1404 planum
1439 1334 1503 1385 tra-

135 1412 275 1487 iectionis
306 1415 431 1475 orbitam
453 1416 562 1476 Terrae
592 1421 733 1490 secuerit,
766 1426 882 1495 oportet
912 1426 945 1475 ut
971 1417 1046 1476 haec
1061 1417 1169 1484 ,cauda
1198 1416 1276 1475 dicto
1301 1416 1347 1474 dic
1371 1417 1502 1490 attigerit

138 1500 263 1559 orbitam
280 1500 414 1576 Telluris,
439 1504 583 1580 siqnidem
606 1507 689 1563 initio
712 1507 812 1563 statim
831 1504 933 1580 jacula
948 1504 986 1563 ad
1002 1511 1124 1576 tantam,
1147 1506 1284 1561 nimirum
1300 1502 1338 1560 ad
1355 1501 1412 1560 75⁰
1433 1502 1501 1560 lon-

139 1585 303 1663 gitudinem
326 1600 515 1667 apparentem
539 1592 599 1669 (vel
622 1592 720 1669 quasi)
744 1590 902 1651 libraverit.
946 1590 1049 1650 Tellus
1071 1594 1171 1667 itaque
1195 1599 1276 1649 motu
1300 1593 1378 1647 circa
1400 1588 1499 1647 Solem

140 1691 239 1734 annno
262 1678 341 1736 circa
364 1679 449 1737 initia
464 1679 636 1738 Decembris
657 1680 755 1737 locum
779 1678 874 1738 cauda
889 1688 1021 1738 cometae
1037 1679 1176 1737 infectum
1192 1679 1361 1735 transiverit
1374 1682 1498 1752 oportet.

141 1762 238 1839 etque
261 1762 293 1821 id
314 1767 341 1822 si
363 1766 393 1822 16
415 1774 619 1842 argumentum
643 1769 735 1842 pestis
758 1767 923 1838 trahamus,
947 1782 1005 1824 non
1030 1766 1166 1825 deficient
1180 1781 1235 1823 noe
1252 1765 1300 1824 vel
1315 1780 1392 1822 nunc
1409 1780 1500 1822 even-

139 1855 202 1924 666,
228 1851 339 1927 quippe
361 1854 390 1910 in
415 1855 518 1912 vicinis
540 1853 682 1913 limitibus
706 1853 874 1913 Bohemicis
896 1870 1004 1928 magna
1026 1868 1093 1929 pura
1117 1854 1296 1912 exercituum
1321 1851 1500 1910 Bohemico-

139 1952 211 2008 ram,
235 1940 343 2012 partim
367 1947 397 1998 et
419 1939 676 2016 Caesarianomm,
699 1958 759 1999 non
782 1940 897 2017 vulgari
919 1942 1013 1999 morbi
1036 1958 1142 2016 genere
1164 1941 1259 2017 periit.
1305 1939 1411 2015 Itaque
1434 1938 1501 1999 Deo

140 2023 377 2101 supplicandum,
399 2043 436 2087 ne
459 2028 571 2087 malum
593 2035 692 2106 serpat
713 2036 743 2087 et
764 2030 932 2105 provinciae
955 2026 1054 2105 plures
1077 2028 1200 2104 affligat.

245 2110 352 2187 Quoad
383 2115 567 2193 sympathias
595 2117 805 2192 imaginatione
833 2118 918 2175 nixas
941 2114 1089 2174 facultatis
1112 2117 1142 2172 in
1165 2113 1254 2190 globo
1277 2112 1417 2185 Telluris,
1447 2110 1503 2168 fuit

141 2197 279 2275 equidem
302 2199 423 2260 ultimus
445 2209 561 2262 cometa
579 2203 752 2280 prodigiosa
767 2202 880 2262 candae
893 2202 1069 2278 prolixitate,
1093 2201 1258 2276 cujusmodi
1274 2203 1350 2259 intra
1369 2201 1429 2258 150
1446 2216 1501 2257 66-

141 2300 193 2344 noe
225 2302 286 2346 non
314 2295 358 2347 eet
386 2292 468 2348 risus
484 2285 532 2371 (²).
577 2290 682 2368 Itaque
712 2290 900 2350 vehementer
931 2290 994 2365 ejus
1025 2291 1208 2366 apparitione
1239 2286 1406 2363 perculsam
1436 2302 1501 2344 csse

141 2382 276 2432 naturam
306 2375 496 2436 sublunarem
524 2383 570 2437 eet
596 2379 764 2438 verisimile.
811 2377 903 2453 Cujus
925 2379 967 2436 rei
990 2388 1193 2453 argumentum
1215 2372 1337 2434 evidens
1359 2376 1414 2431 luit
1436 2390 1501 2430 rnr-

143 2476 204 2518 enm
234 2463 354 2522 siccitas
383 2463 521 2524 dintuma
548 2472 577 2524 et
608 2465 726 2524 insolita
740 2461 793 2545 (⁸),
826 2482 902 2542 quae
932 2470 1104 2522 autumnum
1131 2462 1316 2537 hiememque
1345 2477 1439 2537 usqne
1463 2458 1502 2518 ad

144 2546 204 2607 061.
220 2547 347 2609 Martias
368 2554 473 2625 tenuit,
497 2552 572 2611 adeo
596 2563 628 2612 ut
643 2552 799 2611 Danubius
821 2559 884 2610 toto
907 2550 963 2610 boc
985 2560 1115 2629 ternpore
1138 2554 1267 2608 minutus
1290 2558 1406 2626 praeter
1427 2547 1501 2605 soli-

144 2640 203 2693 tum
227 2646 307 2695 esset
328 2644 358 2696 ct
380 2637 489 2698 alicubi
512 2642 666 2712 sementis,
696 2656 772 2715 quae
795 2637 950 2698 Germanis
972 2637 1095 2697 hiberna
1117 2637 1298 2713 appellatur,
1327 2634 1460 2694 nuditate
1483 2651 1501 2692 a

95 2742 100 2759 ·
144 2722 260 2782 nivibus
284 2730 315 2782 et
336 2726 449 2800 pruinis
471 2726 580 2786 crebris
602 2727 822 2802 periclitaretur.
866 2725 939 2784 Cum
962 2727 1093 2784 siccitate
1116 2725 1288 2799 conjunctus
1309 2723 1366 2780 fuit
1388 2730 1417 2781 et
1441 2730 1502 2779 ter·

145 2825 191 2868 rac
222 2817 322 2869 motus
337 2806 401 2895 (⁴),
432 2816 483 2889 661
514 2814 654 2891 oppidum
683 2814 846 2891 inalpinnm
868 2812 1015 2871 Plursium
1044 2813 1238 2887 consepelivit
1266 2810 1374 2887 injecto
1401 2815 1501 2867 monte

145 2898 248 2956 rlclno.
290 2902 348 2962 (06.
368 2907 419 2957 vot.
437 2909 458 2958 1.
476 2920 501 2970 p.
521 2905 593 2971 reu.)
635 2901 699 2959 Etsi
730 2903 807 2959 enim
834 2899 865 2958 id
892 2916 992 2960 mense
1023 2898 1186 2975 Septembri
1217 2899 1344 2970 factum,
1378 2895 1501 2954 durante

145 2985 234 3059 primo
265 2992 381 3062 cometa
407 3004 500 3062 parvo
530 2987 704 3060 admodum,
736 2987 895 3047 verisimile
925 2995 1024 3046 tamen
1052 2996 1112 3060 est,
1143 2987 1294 3047 materiam
1322 2992 1500 3043 cometarum

145 3072 228 3129 trium
251 3070 407 3147 aliquanto
429 3077 509 3153 prius
532 3074 767 3134 animadversam
790 3076 880 3134 fuisse
903 3076 933 3133 16
956 3074 1093 3133 aetherea
1107 3080 1213 3133 natura
1226 3072 1387 3141 sublunari,
1410 3087 1500 3146 quam

145 3156 251 3218 lumine
283 3168 425 3237 concepto
455 3164 485 3219 in
515 3163 617 3223 oculos
647 3161 799 3221 hominnm
829 3164 994 3221 incurreret,
1041 3160 1127 3236 Quod
1155 3177 1225 3219 vero
1249 3160 1309 3218 diri
1333 3163 1361 3216 in
1386 3165 1501 3217 cometa

147 3248 210 3303 6661
235 3246 319 3305 1607
344 3241 401 3325 (³),
434 3250 528 3309 616666
557 3260 713 3308 autumnos
742 3252 881 3325 consequi
909 3250 1017 3325 frigora
1045 3248 1194 3320 diuturna,
1226 3247 1256 3304 id
1285 3246 1499 3323 quadamtenus

147 3333 229 3392 etiam
252 3332 312 3392 bec
334 3350 412 3394 anno
434 3338 566 3412 contigit.
604 3337 744 3397 Siccitate
767 3339 845 3396 enim
868 3336 918 3394 din
942 3335 1098 3395 admodum
1115 3336 1273 3405 obtinente,
1297 3336 1345 3391 nix
1362 3330 1501 3392 Calendis

147 3417 259 3478 demum
282 3418 383 3480 Martii
411 3421 517 3482 cecidit
544 3441 638 3500 eaque
666 3430 749 3483 tanta
778 3427 879 3499 copia,
910 3431 942 3482 nt
972 3422 1119 3481 videretur
1147 3430 1251 3481 natura
1273 3421 1427 3481 collectam
1448 3436 1501 3495 per

146 3504 221 3566 illam
245 3511 433 3569 vacationem
454 3508 585 3570 bumorie
605 3513 720 3591 copiam
736 3527 795 3570 uno
810 3514 921 3585 impetn
936 3511 1087 3569 confertim
1103 3526 1217 3568 ornnem
1233 3507 1379 3591 effudisse,
1403 3505 1501 3583 qnod-

149 3610 201 3669 que
222 3596 307 3671 prius
330 3595 564 3672 defraudaverat,
584 3599 647 3673 jam
671 3616 736 3658 curn
757 3599 877 3658 foenore
896 3597 1070 3675 reposuisse.
1109 3597 1187 3673 Ergo
1210 3614 1246 3655 err
1267 3596 1320 3654 illa
1344 3595 1390 3653 dle
1409 3594 1500 3671 frigus

148 3678 283 3742 bimestre
305 3691 419 3757 partem
441 3684 549 3744 bonam
571 3689 650 3746 veris
673 3684 798 3746 detinuit
820 3702 914 3760 nsque
936 3687 965 3741 16
990 3683 1052 3742 061.
1074 3682 1171 3759 Majas
1187 3678 1243 3764 (ὅ).
1280 3683 1384 3757 Neque
1404 3689 1501 3740 tamen

150 3784 183 3827 nc
201 3767 260 3828 bac
283 3768 402 3845 quidem
424 3773 490 3832 vice
511 3774 673 3833 sterilitatis
695 3772 764 3833 inde
778 3781 873 3831 matus
890 3774 1026 3845 nascitur,
1051 3787 1117 3829 cum
1132 3772 1289 3829 fertilitatis
1305 3771 1403 3846 potins
1419 3786 1501 3845 spem

150 3856 308 3930 praebeant
329 3858 442 3918 indicia
461 3868 509 3920 eat
528 3860 603 3935 fida,
626 3862 684 3919 nisi
707 3866 848 3937 quantum
870 3859 937 3918 binc
956 3858 1023 3917 inde
1038 3874 1183 3917 annonam
1199 3857 1364 3917 attenuabit
1378 3858 1501 3914 vastitas

152 3948 178 3999 et
200 3945 322 4003 vacatio
349 3962 485 4023 agrorum
515 3955 594 4007 metu
622 3947 739 4008 bellico.
784 3946 883 4022 Atque
906 3945 980 4005 baec
1001 3945 1143 4004 hactenns
1165 3945 1255 4004 fuere.
1302 3944 1501 4003 Veruntamen

153 4027 277 4103 61166666,
300 4048 377 4107 6666
398 4041 504 4093 natura
527 4033 695 4094 sublunaris
712 4036 838 4111 concipit
860 4033 996 4111 perculsa
1017 4033 1105 4091 rebus
1127 4034 1213 4090 novis
1237 4034 1266 4088 in
1290 4031 1382 4105 coelo,
1406 4030 1502 4088 solent

154 4130 208 4176 6666
230 4116 379 4194 dictami,
402 4137 456 4180 666
478 4123 594 4195 statim,
625 4124 721 4199 inquit
743 4120 855 4180 Seneca
879 4137 915 4179 ex
938 4120 1111 4191 Aristotele,
1142 4128 1270 4178 cometes
1294 4125 1374 4178 ortus
1396 4123 1501 4175 ventos

156 4208 179 4259 et
195 4203 313 4281 pluviae
332 4208 469 4281 minatur,
491 4207 544 4268 sed
567 4226 674 4267 annum
690 4215 784 4268 totum
800 4214 968 4283 suspectum
983 4207 1053 4266 lacit
1075 4210 1146 4280 (Nat.
1166 4212 1269 4275 Quaere.
1284 4210 1328 4262 tib.
1343 4210 1501 4275 716666),

158 4288 247 4368 ’66666
277 4296 404 4372 tempori
434 4311 493 4355 non
520 4296 802 4372 praejudicabimns,
833 4296 1003 4370 praesertim
1029 4294 1107 4369 qnod
1130 4292 1270 4354 adversas
1292 4301 1390 4368 partes
1413 4293 1501 4365 orbis,

160 4374 308 4452 16661666
330 4398 456 4460 magnae
479 4382 647 4442 coincidunt
670 4383 794 4459 eclipses
817 4380 905 4452 Solis,
929 4383 1050 4440 attinet:
1080 4396 1146 4440 cum
1174 4383 1224 4457 qni
1254 4380 1405 4456 hucusque
1435 4379 1501 4438 fue-

161 4472 215 4523 mr
236 4482 375 4528 excessus
397 4477 622 4549 tempestatum,
647 4471 670 4531 ii
693 4486 879 4546 nequaquam
901 4470 960 4527 sint
983 4468 1171 4546 comparandi
1195 4484 1260 4527 cum
1281 4467 1334 4540 iis,
1366 4483 1440 4544 quos
1464 4465 1502 4527 ad

164 4548 224 4611 elios
245 4562 375 4616 cometas
398 4574 463 4617 esse
486 4566 660 4617 consecutos
681 4556 820 4616 historiae
843 4562 873 4615 et
894 4554 1067 4616 Aristoteles
1089 4562 1241 4616 testantur.

251 4641 349 4702 Venio
371 4643 409 4703 ad
432 4646 550 4705 tertium
572 4644 754 4721 significandi
777 4643 913 4716 modum,
945 4646 995 4720 qui
1025 4644 1116 4704 babet
1143 4646 1173 4702 in
1200 4644 1361 4718 suppositis
1383 4649 1501 4720 pactum

168 4728 269 4788 tacitum
291 4739 322 4791 et
345 4731 493 4808 quoddam
516 4733 608 4793 veluti
633 4733 836 4793 commercium
859 4730 915 4789 Dei
944 4739 1200 4807 creaturarumque
1221 4729 1412 4788 invisibilium
1436 4746 1502 4789 cum

169 4805 329 4895 ltnulbns,
360 4826 413 4880 ant
441 4818 593 4882 bominum
620 4820 752 4900 ipsorum
773 4835 841 4880 cum
863 4816 972 4880 talibus
995 4820 1087 4896 signis
1111 4834 1284 4882 consensum
1309 4818 1502 4893 arbitrarium,

231 4932 417 4990 6666666666
443 4936 496 4982 rra
1276 4923 1295 4982 0
