3284 5520
188 335 253 405 780
515 337 547 391 ln
566 334 685 392 Slsidaui
702 333 801 391 librum
820 335 854 392 de
873 342 991 403 quatuor
1007 332 1175 389 Meuarobiis

292 512 366 573 Nam
390 521 422 573 ut
443 514 480 573 de
502 513 558 574 bac
576 511 744 593 ἀπυστασιᾳ
761 512 882 585 dicatur,
906 514 1036 572 meminit
1050 511 1115 587 ejus
1131 513 1221 572 ctiam
1236 511 1422 585 Herodotus,
1446 508 1546 570 Medea

188 618 230 659 sc.
246 601 432 678 Assyriorum
452 602 558 678 jugum
574 604 737 661 excussisse
752 609 781 660 et
796 603 825 659 in
842 601 1007 659 libertatem
1022 617 1055 659 se
1069 603 1241 660 asseruisse.
1284 600 1358 660 Jam
1375 615 1447 659 vere
1462 616 1545 674 perro

188 704 296 765 magna
325 695 371 747 est
401 692 528 749 varietas
558 697 720 748 unctorum.
765 688 840 747 Nam
869 687 1018 746 Diodorus
1049 694 1079 746 et
1106 687 1252 747 Eusebius
1282 688 1320 747 ab
1352 687 1410 746 boc
1435 687 1546 745 Arbace

188 775 276 855 (quae
301 793 357 836 vox
381 776 501 836 tetidem
524 777 668 837 radicales
691 776 797 849 babet,
822 784 893 853 quet
915 775 1087 851 Harpagus,
1113 793 1169 833 vox
1192 774 1322 845 medica,
1348 773 1430 850 apud
1455 772 1548 832 Here·

189 862 299 934 dotum,
323 881 470 941 quemque
494 864 601 923 Suidas
624 880 682 923 non
706 863 841 936 Medum,
866 862 918 921 sed
941 862 1066 933 Persam„
1085 863 1148 921 sive
1171 862 1281 922 l‘ersea
1304 871 1396 921 vocat
1419 859 1546 941 (dicensz

187 944 270 1019 οὗτος
293 948 402 1030 seqq,
425 947 483 1012 ὑπο
507 953 658 1028 sepriense),
682 951 719 1010 ab
743 951 799 1010 lroc
820 954 938 1026 iuquam
954 958 1106 1007 numerant
1122 967 1206 1025 reges
1222 951 1364 1026 Assyriae
1381 967 1419 1009 ex
1435 948 1549 1007 Medica

188 1037 299 1095 familia
324 1044 351 1111 4,
376 1056 418 1097 sc.
442 1038 620 1098 Maudauem
643 1037 690 1097 vel
713 1036 875 1110 Medidnm,
899 1037 1104 1097 Sarsomenem
1128 1038 1174 1096 rel
1190 1036 1341 1107 Seserem,
1368 1036 1549 1094 Arteearmin

188 1123 358 1184 Cardiceam
384 1125 429 1184 rel
453 1127 623 1203 Arbianem,
646 1142 740 1203 nsque
763 1126 800 1184 od
819 1125 970 1185 Deiecem.
1009 1123 1048 1182 At
1066 1123 1233 1183 Herodotus
1248 1123 1356 1182 Medos
1379 1123 1419 1181 ab
1437 1123 1547 1181 Arbace

189 1211 298 1272 liberes
323 1215 431 1272 vixisse
453 1231 546 1289 nsque
570 1212 607 1272 ad
630 1213 772 1272 Deieecm
796 1215 846 1284 ait,
871 1219 960 1288 atque
976 1212 1114 1270 Deiecsru
1137 1213 1243 1287 partim
1266 1213 1459 1283 necessitate,
1482 1228 1547 1285 par·

188 1301 239 1356 tim
261 1308 328 1358 astu
352 1300 416 1375 ejus
439 1302 653 1359 circumventos
677 1302 705 1357 in
730 1317 848 1374 reguum
872 1302 1022 1359 ascivisse.
1068 1298 1143 1357 Item
1167 1301 1195 1355 iu
1219 1299 1388 1357 nominibus
1404 1315 1425 1356 a
1441 1297 1549 1356 Deioce

189 1402 280 1460 usque
305 1385 343 1445 ad
367 1387 475 1465 Cyrum
499 1389 637 1446 variatur.
674 1387 750 1446 Nam
766 1387 923 1446 Pbroortes
938 1384 1082 1445 Herodoti
1105 1397 1150 1444 est
1166 1385 1297 1444 Diodoro
1315 1384 1447 1457 Artines,
1472 1385 1549 1462 Cya-

189 1490 273 1531 xares
298 1472 376 1532 illins
400 1484 444 1532 est
467 1475 535 1534 lruic
557 1474 740 1546 Artabanus,
766 1484 794 1533 et
819 1474 972 1533 Astibaras
994 1474 1068 1531 lerte
1093 1473 1254 1546 Assuerus,
1286 1479 1316 1531 et
1340 1490 1430 1549 quem
1455 1470 1549 1530 Here-

189 1560 276 1619 dotus
305 1570 392 1619 vocat
415 1563 595 1639 Astyagem,
624 1560 757 1621 Diodoro
781 1563 805 1620 is
829 1559 955 1639 Apenda
978 1569 1032 1620 est.
1078 1559 1127 1620 Sic
1150 1569 1179 1618 et
1202 1564 1229 1618 in
1254 1562 1384 1619 numeris
1408 1576 1547 1618 annorum

191 1649 304 1723 imperii
328 1651 452 1719 variant,
478 1659 509 1707 ut
532 1652 582 1707 vix
606 1648 689 1707 ullibi
706 1649 800 1725 major
815 1650 852 1707 sit
868 1647 1034 1708 difficultas.
1073 1647 1216 1706 Existimo
1232 1654 1341 1721 tamen,
1365 1649 1440 1723 qnia
1454 1646 1548 1706 Here·

188 1733 276 1794 dotus
298 1734 405 1793 multas
426 1747 529 1810 gentes
544 1735 698 1795 Medorum
715 1746 854 1808 recenset,
873 1753 962 1794 unam
977 1743 1029 1794 aut
1043 1733 1158 1810 aliquas
1173 1736 1288 1794 illarum
1303 1736 1416 1793 vixisse
1432 1734 1547 1806 liberas,

186 1821 316 1897 reliquas
338 1838 393 1880 sne
415 1824 478 1898 regi
498 1827 641 1900 paruisse,
666 1826 716 1899 qui
740 1822 817 1884 idem
839 1826 927 1883 l'uerit
948 1841 998 1882 rex
1021 1822 1171 1899 Assyriae,
1194 1824 1380 1882 successione
1398 1821 1546 1881 Sardana-

186 1908 248 1985 pali
271 1915 301 1969 et
323 1908 457 1970 Arbacis.

293 1995 459 2067 Enimvero,
483 1996 552 2072 quia
575 1995 723 2055 Diodorus
747 1999 809 2072 ipse
832 1996 870 2054 ab
895 1995 1046 2056 Herodoto
1069 1995 1212 2064 dissentit,
1237 1994 1354 2071 Trogus
1377 2012 1451 2054 vere
1475 1996 1545 2053 Dio·

188 2079 260 2141 dero
284 2082 372 2142 debet
394 2082 537 2159 quidquid
560 2083 666 2157 habet,
699 2093 728 2143 ct
756 2086 825 2159 quia
855 2101 956 2144 omues
978 2083 1008 2141 lri
1031 2084 1208 2159 posteriores
1230 2083 1327 2155 luere,
1361 2100 1453 2159 quam
1476 2083 1545 2141 hacc

148 2192 151 2197 ·
189 2176 274 2245 gesta
297 2178 373 2242 sunt,
396 2180 486 2246 atque
509 2173 627 2248 insuper
649 2173 800 2246 regionum
823 2171 911 2247 lenge
926 2189 945 2229 a
960 2169 1060 2230 Media
1085 2170 1253 2228 dissitarum
1269 2172 1360 2241 cives,
1384 2187 1446 2228 nen
1462 2169 1546 2230 debet

186 2256 273 2316 uobis
288 2257 382 2334 major
397 2276 461 2320 esse
477 2257 565 2318 ullius
581 2262 749 2330 aucteritas,
767 2276 856 2340 quam
868 2260 898 2317 S.
911 2258 1083 2323 Liberorum,
1099 2274 1221 2333 quarum
1237 2259 1394 2333 scriptores
1411 2256 1448 2316 de
1464 2259 1546 2316 rebus

189 2362 261 2404 suae
289 2348 395 2404 aetatis
423 2353 453 2405 et
481 2344 518 2405 ad
546 2363 578 2405 se
607 2363 750 2422 suamquc
779 2348 903 2422 patriam
930 2344 1143 2424 pcrtinentibus
1167 2352 1268 2420 agunt.
1314 2343 1439 2404 Graecis
1463 2347 1546 2421 igitur

187 2431 244 2491 hec
267 2432 436 2492 credemus:
466 2450 531 2492 curn
555 2434 729 2509 langnerent
751 2434 819 2493 belli
841 2432 940 2492 studia
962 2434 1017 2491 sub
1039 2431 1256 2509 Sardanapalo,
1283 2434 1372 2491 vieini
1397 2430 1546 2509 Aegyptii,

24 2550 28 2557 ·
75 2552 81 2591 ;
188 2519 303 2579 Arabes
325 2528 355 2580 et
378 2518 457 2597 Syrii
480 2530 582 2580 centra
605 2521 834 2593 invalescerent,
863 2521 946 2597 juste
977 2537 1046 2578 cura
1075 2518 1241 2578 stimulatos
1263 2536 1401 2595 proceres
1426 2522 1545 2595 imperii,

189 2607 333 2667 Arbacem
364 2616 393 2667 et
416 2607 594 2680 Belecbum,
628 2606 664 2667 de
693 2607 834 2667 mutando
865 2609 1011 2684 praesenti
1042 2624 1136 2665 rerum
1166 2616 1246 2666 statu
1269 2605 1426 2665 consilium
1449 2610 1546 2664 iniisse

190 2704 440 2771 conventumque,
472 2702 504 2754 ut
528 2694 673 2754 Belocbus
696 2694 879 2771 Babyloniae
904 2695 1115 2771 praefecturam
1138 2703 1254 2771 ageret,
1286 2694 1420 2754 Arbaees
1443 2694 1546 2753 Medus

188 2783 340 2858 imperium
358 2783 497 2859 Assyriae
521 2790 641 2841 teneret.
679 2781 778 2858 Hujus
801 2784 971 2841 mutationis
994 2782 1105 2857 imperii
1129 2781 1211 2840 nulla
1234 2790 1330 2840 exstat
1353 2785 1382 2839 iu
1399 2782 1547 2858 Scriptura

188 2872 308 2930 mentio.
349 2871 387 2927 At
406 2871 494 2945 juxta
517 2878 680 2945 temporum
703 2873 777 2929 ratio
802 2872 919 2944 evincit,
943 2886 1020 2941 cum,
1044 2871 1095 2945 qui
1119 2867 1176 2927 bac
1197 2876 1373 2944 tempestate
1396 2871 1548 2947 Assyriam

190 2959 293 3026 tenuit,
319 2955 394 3015 l'bul
417 2956 560 3033 appellari
584 2959 613 3015 iu
637 2956 666 3016 S.
691 2958 813 3031 Literis3
838 2956 968 3017 Arbaces
992 2966 1089 3015 autem
1114 2959 1207 3015 tenuit
1232 2958 1392 3033 Assyriam,
1420 2958 1548 3017 Arbaces

189 3046 277 3119 igitur
301 3044 405 3101 dieitur
427 3042 504 3103 Phul
533 3047 561 3102 iu
585 3044 692 3103 Sacris.
739 3043 822 3103 Haec
845 3045 1013 3118 coniectura
1037 3042 1224 3103 confirmatur
1246 3044 1361 3118 aliquot
1383 3046 1547 3102 rationibus

188 3141 290 3189 centra
313 3130 537 3205 Metastlreuem,
562 3133 608 3190 oui
625 3131 772 3192 Boloclrus
795 3135 850 3191 iste
866 3131 942 3189 l'hul
967 3139 1024 3190 est:
1052 3130 1081 3208 1)
1097 3130 1126 3189 S.
1144 3131 1260 3189 Literae
1283 3141 1421 3190 accurate
1445 3132 1549 3190 distin-

189 3226 282 3294 guunt
306 3220 486 3295 interreges
510 3220 648 3296 Assyrios
671 3229 701 3278 et
724 3214 923 3295 ldabyler'ricos
952 3219 1016 3293 ejus
1040 3221 1194 3293 temperis,
1227 3218 1326 3277 dicunt
1349 3226 1450 3278 autem
1472 3218 1547 3276 Plrul

190 3323 288 3377 regem
313 3309 461 3382 Assyriae.
508 3305 671 3365 Beloclrum
692 3313 765 3366 uero
790 3306 894 3365 Graeci
912 3304 1126 3383 Babylonicum
1150 3323 1214 3364 esse
1238 3306 1347 3369 dicunt.
1372 3324 1443 3381 erge
1462 3306 1548 3365 Bele-

191 3392 263 3451 cbns
288 3402 316 3450 et
341 3393 415 3450 Plrul
440 3411 498 3452 uon
522 3404 590 3452 suut
613 3412 687 3452 unns
710 3404 739 3453 ot
763 3394 850 3472 idem,
873 3392 924 3453 sed
947 3396 1045 3470 potius
1070 3394 1198 3451 Arbacus
1223 3402 1250 3452 et
1274 3393 1368 3468 l’bul3
1394 3395 1428 3471 2)
1445 3394 1550 3452 Graeci

189 3480 281 3555 ajunt,
305 3497 490 3540 successores
507 3482 629 3540 Arbacis
653 3485 782 3540 tenuisse
805 3482 929 3553 Ninum,
953 3498 1012 3538 unu
1037 3481 1166 3547 licleclri,
1190 3490 1220 3538 ut
1243 3480 1273 3541 S.
1301 3481 1416 3540 Literae
1442 3481 1548 3549 dicunt,

191 3577 380 3642 pronepotem
404 3568 492 3642 buius
507 3568 592 3640 Phul,
616 3570 836 3641 Snuclreribum,
861 3586 1008 3628 reversum
1032 3586 1097 3626 esse
1121 3570 1148 3624 iu
1166 3567 1302 3627 Niuiveru
1326 3571 1455 3643 regiam:
1482 3586 1548 3643 orgo

188 3653 265 3712 Pbul
290 3663 335 3712 est
351 3657 499 3730 Arbaces3
524 3652 559 3736 3)
577 3657 694 3731 regibus
712 3659 850 3732 Assyriae
875 3656 913 3714 nb
930 3657 1044 3715 Arbace
1067 3654 1172 3714 Gracci
1189 3654 1288 3713 dieunt
1311 3658 1400 3713 etiam
1418 3659 1548 3732 paruisse

189 3740 328 3812 Mediam,
354 3743 437 3819 cujus
461 3746 540 3802 eires
567 3752 648 3802 eraut
673 3744 724 3817 illi,
749 3754 778 3803 at
802 3744 833 3803 S.
851 3743 967 3804 Literae
991 3742 1213 3809 Salmnnassari,
1237 3744 1335 3817 uepoti
1358 3742 1474 3817 Plrulis,
1499 3745 1549 3801 tri-

192 3829 285 3889 buunt
307 3829 453 3888 Mediam:
488 3848 557 3907 ergo
582 3831 658 3889 Pbul
689 3841 734 3890 est
759 3832 903 3903 Arbacus,
937 3833 959 3888 is
989 3834 1039 3906 qui
1068 3829 1301 3907 Sardanapalum
1330 3847 1387 3904 ope
1419 3830 1547 3898 Beloclri,

192 3918 286 3994 copiis
311 3935 379 3975 vero
396 3917 519 3976 Medicis
543 3918 626 3994 fregit
651 3928 679 3976 ct
702 3921 815 3978 evertit.
855 3919 927 3976 Cum
951 3921 1038 3990 igitur
1061 3918 1177 3994 Assyrii
1200 3919 1342 3977 haetenus
1365 3922 1452 3977 aunis
1478 3925 1548 3987 cue,

188 4021 229 4063 sc.
244 4005 281 4062 ab
298 4022 375 4062 aune
393 4023 431 4063 m.
450 4011 544 4076 2624,
568 4005 676 4065 ,labiae
701 4007 868 4065 Palestinae
892 4015 921 4064 ei
945 4005 1062 4064 Cartana
1086 4013 1218 4082 tyranno,
1243 4006 1424 4082 superiorem
1449 4009 1547 4065 Asiam

189 4098 219 4149 ct
242 4092 269 4147 in
293 4092 349 4150 hac
365 4092 494 4151 Mediam
518 4110 636 4168 quoque
660 4095 864 4166 obtinuissent,
888 4096 972 4170 primi
995 4092 1075 4152 Medi
1100 4093 1173 4152 duce
1191 4093 1304 4152 Arbace
1328 4092 1384 4152 boc
1409 4095 1498 4153 runde
1513 4095 1547 4152 ab

190 4180 262 4254 ipsis
294 4177 416 4238 deficere
446 4189 617 4255 coeperunt,
649 4184 699 4256 qui
729 4200 793 4240 enm
819 4183 949 4258 Assyriis
977 4198 1027 4257 pre
1058 4181 1192 4239 libertate
1216 4180 1353 4255 proeliati
1376 4188 1495 4241 strenue
1517 4198 1546 4239 se

188 4275 351 4340 gesserunt,
376 4284 559 4343 excussoque
582 4271 731 4326 servitutis
752 4271 825 4345 juge
848 4272 876 4325 iu
891 4269 1056 4326 libertatem
1072 4285 1137 4326 sese
1153 4277 1349 4326 asseruerunt.
1386 4269 1465 4327 Nam
1482 4272 1548 4345 quia

190 4351 257 4412 duci
280 4370 334 4412 sue
358 4354 466 4426 tribuli,
489 4356 606 4426 Arbaoi,
632 4359 737 4415 virtute
761 4375 816 4414 sua
839 4358 990 4432 imperium
1015 4363 1205 4431 pepererunt,
1230 4355 1360 4414 Arbaoes
1383 4357 1547 4417 libertatem

191 4439 249 4499 illis
271 4442 393 4516 praemii
416 4440 481 4500 leco
506 4442 594 4512 dedit,
619 4451 651 4500 ut
673 4460 759 4520 perro
782 4446 843 4502 suis
866 4443 980 4516 legibus
1004 4443 1062 4501 illis
1086 4444 1185 4500 rivere
1208 4441 1316 4501 liceret.

293 4527 416 4586 Sublato
436 4527 638 4606 Sardanapalo
655 4530 730 4588 Phul
754 4533 834 4605 regni
859 4533 994 4601 insessor,
1019 4529 1097 4605 quod
1120 4529 1176 4588 hoc
1196 4528 1272 4588 belle
1296 4531 1496 4605 quaesiverat,
1519 4541 1549 4588 ut

189 4621 274 4673 vetus
298 4614 455 4692 disciplina
478 4616 610 4675 militaris
625 4627 820 4690 revocaretur,
844 4618 873 4675 id
890 4619 988 4676 statim
1004 4635 1069 4677 cnm
1085 4633 1173 4692 reguo
1190 4620 1323 4677 tentavit.
1360 4618 1451 4676 Domi
1467 4636 1549 4677 nam-

189 4718 247 4777 que
264 4705 435 4779 compositis
451 4705 548 4774 rebus,
570 4705 784 4780 expeditionem
799 4709 828 4763 iu
843 4707 970 4763 vicinam
986 4703 1100 4782 Syriam
1115 4707 1244 4783 suscepit
1258 4721 1419 4781 regemque
1433 4706 1550 4766 lsra'e‘lis

188 4786 348 4850 Manabem
372 4788 412 4872 (2.
432 4790 507 4869 Reg.
526 4797 575 4852 lb.
595 4793 657 4870 17),
682 4796 731 4869 qui
755 4794 793 4854 ab
816 4810 893 4853 enno
910 4795 994 4854 3116
1018 4792 1056 4853 ad
1072 4797 1155 4852 3186
1181 4793 1278 4852 aliene
1300 4809 1393 4870 regno
1418 4794 1551 4873 praefuit,
