3284 5520
635 355 689 413 Seu
708 357 742 412 de
760 357 828 414 Nive
846 357 1006 428 sexangula.
1213 396 1217 409 ·
1441 366 1507 437 725

140 547 197 591 suo
219 530 350 608 pondere
373 550 432 593 uon
448 532 555 594 diffluit
570 534 706 611 amplius,
730 536 848 612 quando
865 544 910 596 est
924 535 998 595 inira
1014 543 1117 614 guttae
1133 542 1339 622 quantitatem,
1361 545 1403 605 sic
1418 548 1507 605 etiam

141 617 228 679 facile
252 621 372 680 concedi
396 629 503 698 potest,
529 625 624 683 inesse
647 625 676 681 in
700 626 819 700 vaporis
835 626 958 684 materia
974 628 1163 686 tenacitatem
1178 627 1317 705 aliquam,
1341 649 1400 708 qua
1413 636 1508 708 possit

141 708 277 767 resistere
301 708 411 783 frigori,
435 711 466 767 in
488 717 568 769 certa
591 710 692 785 aliqua
715 713 888 787 quantitate,
912 719 985 787 puta
1007 720 1110 789 guttae
1134 714 1270 792 rapidae.

247 810 382 871 Secundo
412 821 491 886 esto,
523 822 555 872 ut
583 813 639 872 hae
662 813 804 889 sphaerae
829 814 954 892 rapidae
977 833 1009 875 se
1033 818 1159 876 invicem
1182 822 1404 899 contingentia
1427 833 1507 887 carta

143 897 353 974 dispositione,
385 909 458 977 puta
487 899 715 977 quadrangulari
744 904 773 958 in
798 901 902 978 plano,
931 903 1035 962 cubica
1057 907 1086 962 iu
1110 904 1216 976 solido,

141 1002 202 1060 qua
226 985 388 1064 desupra,
412 990 454 1047 sic
477 990 553 1047 enim
577 994 713 1064 tangetur
735 988 894 1065 sphaerula
917 990 1065 1067 quaelibet
1089 992 1127 1050 ab
1150 992 1217 1051 aliis
1339 998 1393 1058 rig.
1414 999 1439 1048 u.

140 1089 209 1145 sex,
246 1091 367 1149 quarum
400 1074 483 1134 solae
517 1082 643 1150 quatuor
674 1074 721 1134 hic
755 1079 783 1132 in
814 1076 903 1153 plano
936 1076 1053 1154 depingi
1084 1087 1216 1154 possunt,
1289 1125 1400 1178 m.

142 1162 246 1235 quinta
270 1168 405 1220 etsexta
428 1161 620 1238 intelligenda
643 1169 687 1221 est
708 1166 867 1239 superponi
884 1172 912 1223 et
928 1168 1064 1240 supponi.
1101 1164 1157 1224 His
1174 1169 1217 1225 ita
1289 1130 1458 1235 vva

139 1248 246 1322 positis
268 1256 298 1306 et
320 1251 467 1321 assumtis,
491 1250 597 1325 frigore
619 1265 689 1308 vero
704 1267 755 1325 per
770 1254 867 1326 spatia
882 1253 1017 1325 irruente,
1041 1252 1216 1329 sphaerulae
1287 1206 1459 1351 {203⁴ss

141 1353 160 1392 a
176 1342 314 1393 contactu
338 1352 397 1394 uuo
421 1335 459 1396 ad
483 1339 650 1412 oppositum
673 1344 757 1396 erunt
772 1340 901 1398 munitae
917 1347 1019 1398 contra
1033 1340 1133 1416 irigus,
1156 1343 1215 1399 ita-
1287 1318 1457 1407 ιιῆΰιι

141 1438 200 1497 que
231 1438 331 1481 versus
354 1432 453 1482 centro
476 1422 595 1499 quidem
616 1424 837 1501 sphaerularum
861 1424 911 1485 fiet
934 1425 1141 1499 condensatio,
1172 1430 1216 1487 aic
1287 1412 1457 1467 'mv

139 1515 252 1582 umen,
275 1518 308 1569 ut
331 1512 419 1570 etiam
442 1527 547 1570 versus
573 1510 730 1571 diametros
753 1519 949 1586 contaetuum,
974 1515 1080 1590 quibus
1101 1515 1216 1575 scilicet

140 1595 216 1655 iocis
240 1603 321 1655 tutae
344 1606 412 1657 aunt
434 1617 453 1658 a
475 1598 590 1674 lrigore.
916 1666 918 1670 ,

250 1683 359 1742 Verum
381 1701 439 1744 oon
463 1685 616 1758 immerito,
640 1692 673 1744 ut
690 1684 834 1762 praedixi,
857 1693 980 1763 quaerat
995 1687 1112 1764 aliquis,
1137 1706 1196 1765 qua
1211 1690 1241 1747 vl
1255 1690 1298 1749 aio
1313 1689 1506 1767 disponantur

139 1768 318 1846 sphaemlaa
341 1773 369 1829 iu
393 1772 557 1831 directum?

246 1856 279 1916 Si
302 1859 490 1920 materialiter
512 1859 574 1919 lieri
597 1858 681 1918 aliter
702 1876 760 1918 non
783 1868 892 1936 posset,
913 1861 976 1936 jam
999 1870 1148 1938 peractum
1171 1869 1250 1922 eeset
1272 1865 1433 1939 negotium.
1463 1863 1505 1924 At

142 1951 270 2020 possunt
292 1946 482 2006 materialiter
506 1946 622 2006 duobus
645 1946 711 2005 aliis
729 1947 824 2005 modis
840 1947 965 2025 disponi,
989 1958 1125 2026 utsupra
1141 1949 1261 2010 dictum.
1300 1950 1339 2009 At
1353 1959 1506 2027 praeterea

142 2040 271 2107 possunt
295 2049 396 2093 omues
419 2043 477 2095 tres
501 2032 618 2092 ordines
641 2033 765 2093 ordinati
789 2035 936 2108 conlundi,
961 2044 993 2095 ut
1014 2036 1066 2094 fiat
1089 2037 1244 2113 dispositio
1268 2039 1359 2099 varia
1405 2103 1407 2106 ,

252 2120 299 2177 hu
322 2120 399 2180 hanc
421 2120 617 2180 adsciscemus
641 2121 841 2197 dispositionis
856 2122 945 2198 hujue
961 2140 1088 2197 causam,
1112 2124 1191 2199 quod
1208 2127 1236 2181 in
1252 2124 1308 2184 hac
1322 2125 1387 2185 sola
1403 2125 1505 2204 diapo-

142 2206 212 2265 aitio
240 2215 285 2265 eat
309 2208 365 2266 sibi
390 2210 446 2285 ipsi
470 2208 599 2283 undique
616 2208 719 2267 similis
735 2217 764 2266 et
780 2218 888 2283 puncta
905 2218 1093 2269 contractuum
1109 2211 1321 2270 distribuuntur
1335 2212 1506 2290 aequaliter,

143 2296 174 2351 iu
203 2296 307 2355 ceteris
329 2295 541 2372 nequaquam?
572 2295 634 2354 Etsi
658 2297 751 2366 enim,
776 2303 918 2372 utsupra
941 2297 1060 2370 dictum,
1084 2297 1165 2372 globi
1187 2298 1295 2375 singuli
1319 2317 1338 2358 a
1361 2299 1505 2361 duodenis

142 2373 217 2441 aliis
234 2390 409 2456 tanguntur,
442 2390 472 2441 at
494 2385 591 2459 spatia
613 2386 687 2442 inter
709 2382 815 2459 globos
838 2382 957 2442 alternis
979 2384 1125 2459 triangula
1149 2393 1178 2444 et
1200 2384 1403 2461 quadrangula
1425 2393 1504 2463 suut,

142 2467 192 2526 hic
214 2471 313 2528 omnia
335 2468 465 2544 undique
488 2469 701 2546 quadrangula
740 2468 803 2529 illic
825 2469 959 2530 diametri
977 2471 1123 2548 quaedam
1139 2472 1197 2532 duo
1215 2475 1415 2549 oppositorum
1431 2491 1504 2534 con·

143 2562 274 2615 nemum
298 2572 363 2615 sese
386 2566 487 2616 secant
511 2556 751 2632 orthogonaliter,
775 2557 889 2632 reliqua
911 2568 1038 2635 quatuor
1059 2576 1117 2618 nou
1140 2562 1226 2633 item,
1251 2560 1299 2619 hic
1321 2577 1423 2621 omnes
1445 2569 1504 2622 tres

142 2642 275 2702 diametri
299 2661 363 2702 sese
386 2653 488 2703 secant
511 2644 675 2721 aequaliter
698 2655 727 2703 et
750 2645 988 2720 orthogonaliter.
1026 2646 1092 2706 Illic
1115 2649 1253 2706 connexis
1277 2650 1413 2707 extremis
1436 2647 1503 2708 dia·

141 2739 300 2789 metrorum
323 2730 356 2789 fit
378 2731 604 2802 cuboctob'drou,
628 2730 676 2790 hic
700 2731 859 2791 octaiidron
883 2735 959 2792 intra
981 2733 1167 2809 sphaerulam
1190 2734 1362 2810 quamlibet.

248 2816 433 2878 Praestantia
456 2819 574 2894 quidem
589 2819 657 2877 binc
672 2827 753 2894 patet
768 2819 967 2896 dispositionis
984 2821 1110 2880 directae
1126 2839 1197 2897 prae
1214 2821 1342 2897 obliqua,
1367 2831 1398 2881 at
1412 2839 1503 2883 causa

141 2903 272 2962 noudum
296 2898 556 2982 comparet,'qnae
579 2906 719 2982 sphaeras
742 2905 798 2966 hac
820 2910 918 2983 potius
941 2925 1029 2983 quam
1045 2909 1096 2967 illa
1112 2910 1225 2968 ratione
1241 2909 1387 2985 disponat.
1425 2909 1502 2969 Num
1587 2971 1592 2989 ,

140 2992 212 3053 iacit
234 2991 292 3051 hoc
314 2992 427 3069 frigus?
461 2992 502 3051 At
526 2993 698 3069 quomodo?

248 3079 323 3138 Nam
346 3082 372 3138 si
395 3079 465 3156 qnid
490 3083 561 3156 agit,
586 3080 747 3139 condensat
769 3088 820 3139 aut
842 3088 976 3156 penetrat
999 3085 1167 3156 materiam,
1192 3099 1252 3157 qua
1273 3082 1336 3141 hiat
1359 3081 1427 3154 illa,
1451 3091 1503 3144 aut

142 3183 204 3242 qua
227 3164 362 3226 debiliter
384 3169 502 3226 resistit.
540 3168 579 3226 lit
601 3175 633 3226 ut
655 3167 754 3242 largus
777 3170 840 3239 sim,
866 3168 1005 3227 directam
1029 3169 1146 3244 quidem
1163 3171 1192 3225 in
1208 3169 1384 3246 prolundum
1400 3169 1502 3247 dispo-

139 3255 277 3313 sitionem
310 3257 425 3314 causari
453 3256 548 3331 possit
577 3254 718 3314 descensu
747 3254 896 3334 rectilineo
921 3273 1022 3315 versus
1045 3264 1165 3324 terram,
1196 3264 1227 3316 at
1249 3260 1278 3314 iu
1302 3265 1500 3317 transversum

139 3339 219 3400 undo
241 3340 316 3399 haec
338 3341 483 3401 directio?

244 3427 349 3487 Restat
377 3431 481 3503 igitur,
513 3435 545 3487 ut
575 3428 654 3488 calor
685 3431 814 3487 internus
845 3431 964 3505 vaporis
992 3429 1068 3488 hanc
1098 3437 1247 3504 guttarum
1277 3430 1500 3506 dispositionem
1613 3444 1616 3453 ⁴

139 3513 274 3574 cubicum
297 3515 414 3588 alliciat,
438 3519 462 3574 si
485 3515 572 3574 modo
588 3525 633 3576 est
649 3517 752 3575 cubica
767 3519 895 3592 ipsarum
912 3517 1075 3593 dispositio,
1099 3517 1155 3577 hoc
1170 3526 1215 3577 est
1230 3520 1255 3574 ai
1270 3518 1349 3576 Nihil
1366 3527 1500 3578 nostrum

141 3609 187 3662 est
209 3601 341 3680 Aliquid.

244 3689 312 3750 Huc
335 3696 433 3750 autem
457 3690 597 3750 devoluta
619 3707 665 3761 re,
693 3691 756 3766 jam
780 3691 900 3767 perinde
923 3699 981 3764 est,
1011 3693 1074 3750 sive
1097 3690 1177 3751 calor
1199 3691 1361 3768 quamlibet
1383 3700 1498 3768 guttam

139 3794 173 3835 se
192 3779 261 3853 ipso
285 3779 314 3835 in
337 3779 459 3836 iormam
483 3777 611 3838 octaedri
635 3777 781 3854 disponat,
805 3780 867 3837 sive
891 3787 983 3837 totam
1006 3780 1157 3838 materiam
1180 3781 1209 3835 in
1228 3782 1332 3839 seriem
1348 3779 1498 3839 stellamm

139 3862 304 3924 ordinatam
335 3866 481 3942 dispescat
512 3873 600 3940 atque
632 3867 673 3922 ita
696 3864 874 3940 singularum
897 3865 1086 3941 sphaerarum
1110 3868 1252 3926 internam
1276 3867 1499 3943 dispositionem

139 3969 193 4028 per
222 3960 371 4012 externam
402 3955 604 4012 universarum
634 3955 738 4011 seriem
768 3952 900 4028 adjuvet.
946 3953 1147 4028 Neutrobique
1176 3970 1245 4012 casu
1274 3954 1344 4012 ordo
1375 3958 1499 4015 existere

140 4045 239 4116 potest
261 4049 321 4099 tam
343 4046 517 4113 constanter,
542 4041 593 4099 ubi
616 4039 756 4110 conlusio,
782 4049 813 4097 ut
836 4040 884 4099 hic
908 4040 1034 4115 quidem,
1059 4042 1087 4097 in
1112 4040 1235 4116 procllvi
1259 4049 1311 4099 est.

246 4125 306 4186 Sed
330 4136 358 4186 et
381 4134 554 4203 argumenta
576 4135 659 4199 sunt,
684 4136 716 4184 ut
739 4129 836 4203 potius
860 4127 1026 4200 credamus,
1056 4127 1187 4202 singulas
1210 4134 1324 4203 guttas,
1356 4130 1419 4188 siue
1443 4146 1499 4205 opo

140 4215 253 4272 externi
279 4221 447 4287 contactus,
472 4232 503 4272 ee
527 4215 597 4290 ipsis
621 4213 747 4289 disponi.
792 4215 923 4287 Etenim,
947 4217 972 4272 εἰ
996 4215 1089 4290 figura
1110 4213 1290 4290 singularum
1315 4217 1437 4274 oriretur
1460 4217 1498 4276 ab

140 4299 241 4359 ordine
267 4309 296 4360 et
319 4309 457 4361 contactu
479 4309 581 4359 mutuo
604 4301 740 4377 plurium,
764 4319 884 4361 necesse
907 4303 989 4377 ioret,
1014 4319 1114 4361 omnes
1138 4303 1264 4361 invicem
1280 4303 1418 4377 aequales
1435 4320 1499 4363 esse

139 4386 282 4447 stellulae.
328 4388 397 4448 Jam
421 4405 491 4447 vero
514 4405 652 4463 magnum
677 4391 751 4447 inter
775 4407 825 4449 eas
849 4391 974 4448 cernitur
998 4389 1150 4448 discrimen
1173 4390 1391 4464 magnitudinis.
1430 4390 1499 4467 Ipsa

140 4477 211 4550 quin
235 4478 323 4534 ctiam
345 4475 501 4535 multarum
526 4475 670 4534 ordinatio
694 4477 817 4534 multum
841 4477 930 4536 habet
953 4476 1135 4536 insolentias.

245 4562 326 4620 Nihil
347 4566 448 4640 itaque
471 4564 662 4640 proiecimus,
692 4565 747 4621 nisi
771 4572 872 4639 pateat
894 4564 1016 4636 modus,
1047 4580 1105 4639 quo
1129 4564 1209 4622 calor
1231 4563 1361 4622 internus
1384 4571 1498 4639 guttam

140 4647 281 4724 vopidam
303 4652 334 4707 in
357 4651 450 4709 tribus
474 4650 635 4724 diametra,
668 4650 760 4710 forma
784 4651 948 4711 octae'drica
971 4652 1019 4709 vel
1042 4658 1118 4710 certe
1141 4649 1301 4726 sexangula
1323 4650 1434 4722 firmet,
1465 4657 1499 4710 ut

114 4730 179 4794 'ad
209 4752 259 4797 eas
290 4737 342 4796 ilat
371 4740 511 4798 materiae
542 4756 593 4816 per
621 4737 877 4801 condennationem
909 4738 1053 4798 collectio.
1094 4743 1251 4810 (nominaris
1269 4746 1441 4812 praedictum,
1466 4747 1497 4795 de

138 4820 221 4871 nihilo
240 4837 294 4873 aare
312 4824 457 4890 opinionem
475 4824 505 4874 da
523 4827 591 4877 trina
608 4823 783 4877 decurtatione
800 4827 874 4875 trium
893 4822 1095 4891 diametrorum.)
