<?xml version="1.0" encoding="UTF-8"?>
<!DOCTYPE html PUBLIC "-//W3C//DTD XHTML 1.0 Transitional//EN"
    "http://www.w3.org/TR/xhtml1/DTD/xhtml1-transitional.dtd">
<html xmlns="http://www.w3.org/1999/xhtml" xml:lang="en" lang="en">
 <head>
  <title>
</title>
<meta http-equiv="Content-Type" content="text/html;charset=utf-8" />
  <meta name='ocr-system' content='tesseract 3.04.00' />
  <meta name='ocr-capabilities' content='ocr_page ocr_carea ocr_par ocr_line ocrx_word'/>
</head>
<body>
  <div class='ocr_page' id='page_1' title='image "./joanniskepleria07frisgoog/joanniskepleria07frisgoog_0168.png"; bbox 0 0 3284 5520; ppageno 0'>
   <div class='ocr_carea' id='block_1_1' title="bbox 616 322 1436 401">
    <p class='ocr_par' dir='ltr' id='par_1_1' title="bbox 616 322 1436 401">
     <span class='ocr_line' id='line_1_1' title="bbox 616 322 1436 401; baseline 0.004 -21"><span class='ocrx_word' id='word_1_1' title='bbox 616 322 899 383; x_wconf 68' lang='lat' dir='ltr'><strong>eratanostrae..</strong></span> <span class='ocrx_word' id='word_1_2' title='bbox 1374 332 1436 401; x_wconf 81' lang='lat'><strong>151</strong></span> 
     </span>
    </p>
   </div>
   <div class='ocr_carea' id='block_1_2' title="bbox 82 503 1439 587">
    <p class='ocr_par' dir='ltr' id='par_1_2' title="bbox 82 503 1439 587">
     <span class='ocr_line' id='line_1_2' title="bbox 82 503 1439 587; baseline 0.004 -18"><span class='ocrx_word' id='word_1_3' title='bbox 82 505 206 569; x_wconf 82' lang='lat' dir='ltr'><strong>dalilaei</strong></span> <span class='ocrx_word' id='word_1_4' title='bbox 238 503 391 583; x_wconf 84' lang='lat' dir='ltr'><strong>opiniones</strong></span> <span class='ocrx_word' id='word_1_5' title='bbox 419 506 633 566; x_wconf 74' lang='lat' dir='ltr'><strong>examinantur.</strong></span> <span class='ocrx_word' id='word_1_6' title='bbox 679 506 795 568; x_wconf 88' lang='lat' dir='ltr'><strong>Porusii</strong></span> <span class='ocrx_word' id='word_1_7' title='bbox 824 510 932 584; x_wconf 78' lang='lat'><strong>1619.)</strong></span> <span class='ocrx_word' id='word_1_8' title='bbox 965 515 995 569; x_wconf 92' lang='lat' dir='ltr'><strong>et</strong></span> <span class='ocrx_word' id='word_1_9' title='bbox 1022 514 1124 570; x_wconf 90' lang='lat' dir='ltr'><strong>contra</strong></span> <span class='ocrx_word' id='word_1_10' title='bbox 1145 506 1221 569; x_wconf 92' lang='lat' dir='ltr'><strong>hauc</strong></span> <span class='ocrx_word' id='word_1_11' title='bbox 1244 510 1439 587; x_wconf 86' lang='lat' dir='ltr'><strong>objectionem</strong></span> 
     </span>
    </p>
   </div>
   <div class='ocr_carea' id='block_1_3' title="bbox 10 592 1439 4619">
    <p class='ocr_par' dir='ltr' id='par_1_3' title="bbox 10 592 1439 1853">
     <span class='ocr_line' id='line_1_3' title="bbox 79 592 1438 673; baseline 0.003 -17"><span class='ocrx_word' id='word_1_12' title='bbox 79 597 117 657; x_wconf 83' lang='lat' dir='ltr'><strong>sie</strong></span> <span class='ocrx_word' id='word_1_13' title='bbox 137 611 174 655; x_wconf 78' lang='lat' dir='ltr'><strong>aa</strong></span> <span class='ocrx_word' id='word_1_14' title='bbox 197 592 343 655; x_wconf 76' lang='lat' dir='ltr'><strong>defendier</strong></span> <span class='ocrx_word' id='word_1_15' title='bbox 376 612 448 665; x_wconf 81' lang='lat' dir='ltr'><strong>,non</strong></span> <span class='ocrx_word' id='word_1_16' title='bbox 472 596 565 662; x_wconf 82' lang='lat' dir='ltr'><strong>rideo,</strong></span> <span class='ocrx_word' id='word_1_17' title='bbox 593 611 647 665; x_wconf 90' lang='lat' dir='ltr'><strong>quo</strong></span> <span class='ocrx_word' id='word_1_18' title='bbox 662 597 725 665; x_wconf 87' lang='lat' dir='ltr'><strong>jnre</strong></span> <span class='ocrx_word' id='word_1_19' title='bbox 744 599 875 669; x_wconf 89' lang='lat' dir='ltr'><strong>magistro</strong></span> <span class='ocrx_word' id='word_1_20' title='bbox 893 615 954 655; x_wconf 85' lang='lat' dir='ltr'><strong>mco</strong></span> <span class='ocrx_word' id='word_1_21' title='bbox 974 599 1086 669; x_wconf 90' lang='lat' dir='ltr'><strong>objiciat</strong></span> <span class='ocrx_word' id='word_1_22' title='bbox 1103 616 1136 655; x_wconf 88' lang='lat' dir='ltr'><strong>ac</strong></span> <span class='ocrx_word' id='word_1_23' title='bbox 1155 599 1239 656; x_wconf 85' lang='lat' dir='ltr'><strong>veluti</strong></span> <span class='ocrx_word' id='word_1_24' title='bbox 1258 602 1324 657; x_wconf 81' lang='lat' dir='ltr'><strong>vitio</strong></span> <span class='ocrx_word' id='word_1_25' title='bbox 1343 610 1438 673; x_wconf 86' lang='lat' dir='ltr'><strong>vertat,</strong></span> 
     </span>
     <span class='ocr_line' id='line_1_4' title="bbox 79 675 1437 748; baseline 0.003 -15"><span class='ocrx_word' id='word_1_26' title='bbox 79 677 149 748; x_wconf 90' lang='lat' dir='ltr'><strong>qnod</strong></span> <span class='ocrx_word' id='word_1_27' title='bbox 173 676 302 732; x_wconf 86' lang='lat' dir='ltr'><strong>nimirum</strong></span> <span class='ocrx_word' id='word_1_28' title='bbox 326 676 355 730; x_wconf 91' lang='lat' dir='ltr'><strong>in</strong></span> <span class='ocrx_word' id='word_1_29' title='bbox 377 675 516 745; x_wconf 84' lang='lat' dir='ltr'><strong>Tychonis</strong></span> <span class='ocrx_word' id='word_1_30' title='bbox 540 675 622 731; x_wconf 85' lang='lat' dir='ltr'><strong>verba</strong></span> <span class='ocrx_word' id='word_1_31' title='bbox 643 677 753 746; x_wconf 88' lang='lat' dir='ltr'><strong>jurasse</strong></span> <span class='ocrx_word' id='word_1_32' title='bbox 780 677 957 748; x_wconf 83' lang='lat' dir='ltr'><strong>ejusdemque</strong></span> <span class='ocrx_word' id='word_1_33' title='bbox 979 693 1048 733; x_wconf 85' lang='lat' dir='ltr'><strong>rans</strong></span> <span class='ocrx_word' id='word_1_34' title='bbox 1070 679 1285 735; x_wconf 89' lang='lat' dir='ltr'><strong>machinamenta</strong></span> <span class='ocrx_word' id='word_1_35' title='bbox 1308 682 1379 736; x_wconf 92' lang='lat' dir='ltr'><strong>omni</strong></span> <span class='ocrx_word' id='word_1_36' title='bbox 1403 699 1437 738; x_wconf 93' lang='lat' dir='ltr'><strong>cx</strong></span> 
     </span>
     <span class='ocr_line' id='line_1_5' title="bbox 79 753 1438 829; baseline 0.003 -17"><span class='ocrx_word' id='word_1_37' title='bbox 79 764 153 828; x_wconf 84' lang='lat' dir='ltr'><strong>parte</strong></span> <span class='ocrx_word' id='word_1_38' title='bbox 165 761 280 812; x_wconf 83' lang='lat' dir='ltr'><strong>secutus</strong></span> <span class='ocrx_word' id='word_1_39' title='bbox 292 753 424 809; x_wconf 84' lang='lat' dir='ltr'><strong>rideatur.</strong></span> <span class='ocrx_word' id='word_1_40' title='bbox 452 753 613 823; x_wconf 78' lang='lat' dir='ltr'><strong>Quanquam</strong></span> <span class='ocrx_word' id='word_1_41' title='bbox 627 756 698 810; x_wconf 93' lang='lat' dir='ltr'><strong>enim</strong></span> <span class='ocrx_word' id='word_1_42' title='bbox 707 756 761 811; x_wconf 91' lang='lat' dir='ltr'><strong>hoc</strong></span> <span class='ocrx_word' id='word_1_43' title='bbox 773 757 855 826; x_wconf 90' lang='lat' dir='ltr'><strong>plane</strong></span> <span class='ocrx_word' id='word_1_44' title='bbox 867 756 968 813; x_wconf 80' lang='lat' dir='ltr'><strong>falsum</strong></span> <span class='ocrx_word' id='word_1_45' title='bbox 978 764 1020 813; x_wconf 87' lang='lat' dir='ltr'><strong>est</strong></span> <span class='ocrx_word' id='word_1_46' title='bbox 1032 762 1104 829; x_wconf 81' lang='lat' dir='ltr'><strong>(cnm</strong></span> <span class='ocrx_word' id='word_1_47' title='bbox 1114 763 1223 827; x_wconf 90' lang='lat' dir='ltr'><strong>praeter</strong></span> <span class='ocrx_word' id='word_1_48' title='bbox 1232 761 1438 828; x_wconf 88' lang='lat' dir='ltr'><strong>argumentandi</strong></span> 
     </span>
     <span class='ocr_line' id='line_1_6' title="bbox 10 832 1439 909; baseline 0.002 -18"><span class='ocrx_word' id='word_1_49' title='bbox 10 904 12 909; x_wconf 23' lang='grc' dir='ltr'>Ι</span> <span class='ocrx_word' id='word_1_50' title='bbox 78 835 218 892; x_wconf 85' lang='lat' dir='ltr'><strong>nodosae</strong></span> <span class='ocrx_word' id='word_1_51' title='bbox 230 832 359 903; x_wconf 86' lang='lat' dir='ltr'><strong>rationes,</strong></span> <span class='ocrx_word' id='word_1_52' title='bbox 379 833 475 902; x_wconf 87' lang='lat' dir='ltr'><strong>quibus</strong></span> <span class='ocrx_word' id='word_1_53' title='bbox 489 840 611 888; x_wconf 88' lang='lat' dir='ltr'><strong>cometae</strong></span> <span class='ocrx_word' id='word_1_54' title='bbox 629 834 707 890; x_wconf 91' lang='lat' dir='ltr'><strong>locus</strong></span> <span class='ocrx_word' id='word_1_55' title='bbox 719 834 911 906; x_wconf 84' lang='lat' dir='ltr'><strong>inquireretur,</strong></span> <span class='ocrx_word' id='word_1_56' title='bbox 929 836 997 891; x_wconf 89' lang='lat' dir='ltr'><strong>nihil</strong></span> <span class='ocrx_word' id='word_1_57' title='bbox 1015 835 1089 890; x_wconf 91' lang='lat' dir='ltr'><strong>aliud</strong></span> <span class='ocrx_word' id='word_1_58' title='bbox 1107 835 1134 890; x_wconf 90' lang='lat' dir='ltr'><strong>in</strong></span> <span class='ocrx_word' id='word_1_59' title='bbox 1147 835 1332 905; x_wconf 88' lang='lat' dir='ltr'><strong>disputatione</strong></span> <span class='ocrx_word' id='word_1_60' title='bbox 1345 845 1439 894; x_wconf 87' lang='lat' dir='ltr'><strong>nostra</strong></span> 
     </span>
     <span class='ocr_line' id='line_1_7' title="bbox 77 911 1437 986; baseline 0.003 -16"><span class='ocrx_word' id='word_1_61' title='bbox 77 914 211 986; x_wconf 86' lang='lat' dir='ltr'><strong>reperiat,</strong></span> <span class='ocrx_word' id='word_1_62' title='bbox 237 911 267 967; x_wconf 89' lang='lat' dir='ltr'><strong>in</strong></span> <span class='ocrx_word' id='word_1_63' title='bbox 289 929 344 983; x_wconf 91' lang='lat' dir='ltr'><strong>qno</strong></span> <span class='ocrx_word' id='word_1_64' title='bbox 364 912 533 983; x_wconf 78' lang='lat' dir='ltr'><strong>Tychonem,</strong></span> <span class='ocrx_word' id='word_1_65' title='bbox 560 918 591 967; x_wconf 93' lang='lat' dir='ltr'><strong>ut</strong></span> <span class='ocrx_word' id='word_1_66' title='bbox 610 928 741 983; x_wconf 89' lang='lat' dir='ltr'><strong>expressa</strong></span> <span class='ocrx_word' id='word_1_67' title='bbox 759 915 842 971; x_wconf 85' lang='lat' dir='ltr'><strong>verba</strong></span> <span class='ocrx_word' id='word_1_68' title='bbox 860 921 1009 984; x_wconf 85' lang='lat' dir='ltr'><strong>testantur,</strong></span> <span class='ocrx_word' id='word_1_69' title='bbox 1037 920 1157 970; x_wconf 88' lang='lat' dir='ltr'><strong>sectatus</strong></span> <span class='ocrx_word' id='word_1_70' title='bbox 1176 917 1225 983; x_wconf 81' lang='lat' dir='ltr'><strong>sit3</strong></span> <span class='ocrx_word' id='word_1_71' title='bbox 1252 916 1356 973; x_wconf 91' lang='lat' dir='ltr'><strong>interna</strong></span> <span class='ocrx_word' id='word_1_72' title='bbox 1374 933 1437 974; x_wconf 86' lang='lat' dir='ltr'><strong>vero</strong></span> 
     </span>
     <span class='ocr_line' id='line_1_8' title="bbox 77 991 1438 1064; baseline 0.001 -16"><span class='ocrx_word' id='word_1_73' title='bbox 77 993 161 1064; x_wconf 71' lang='lat' dir='ltr'><strong>mains</strong></span> <span class='ocrx_word' id='word_1_74' title='bbox 184 991 267 1047; x_wconf 86' lang='lat' dir='ltr'><strong>animi</strong></span> <span class='ocrx_word' id='word_1_75' title='bbox 288 1006 371 1047; x_wconf 89' lang='lat' dir='ltr'><strong>seusa</strong></span> <span class='ocrx_word' id='word_1_76' title='bbox 392 991 545 1061; x_wconf 76' lang='lat' dir='ltr'><strong>astrologus</strong></span> <span class='ocrx_word' id='word_1_77' title='bbox 570 991 635 1047; x_wconf 91' lang='lat' dir='ltr'><strong>licet</strong></span> <span class='ocrx_word' id='word_1_78' title='bbox 659 992 777 1048; x_wconf 86' lang='lat' dir='ltr'><strong>Linceus</strong></span> <span class='ocrx_word' id='word_1_79' title='bbox 800 1009 836 1048; x_wconf 93' lang='lat' dir='ltr'><strong>ne</strong></span> <span class='ocrx_word' id='word_1_80' title='bbox 859 995 949 1064; x_wconf 90' lang='lat' dir='ltr'><strong>optico</strong></span> <span class='ocrx_word' id='word_1_81' title='bbox 972 992 1081 1063; x_wconf 88' lang='lat' dir='ltr'><strong>quidem</strong></span> <span class='ocrx_word' id='word_1_82' title='bbox 1106 1008 1156 1047; x_wconf 89' lang='lat' dir='ltr'><strong>suo</strong></span> <span class='ocrx_word' id='word_1_83' title='bbox 1180 993 1328 1064; x_wconf 88' lang='lat' dir='ltr'><strong>telescopio</strong></span> <span class='ocrx_word' id='word_1_84' title='bbox 1354 995 1438 1050; x_wconf 88' lang='lat' dir='ltr'><strong>intro·</strong></span> 
     </span>
     <span class='ocr_line' id='line_1_9' title="bbox 77 1069 1437 1144; baseline 0.001 -15"><span class='ocrx_word' id='word_1_85' title='bbox 77 1071 227 1144; x_wconf 85' lang='lat' dir='ltr'><strong>spexerit):</strong></span> <span class='ocrx_word' id='word_1_86' title='bbox 252 1087 303 1141; x_wconf 89' lang='lat' dir='ltr'><strong>age</strong></span> <span class='ocrx_word' id='word_1_87' title='bbox 322 1078 426 1137; x_wconf 89' lang='lat' dir='ltr'><strong>tamen,</strong></span> <span class='ocrx_word' id='word_1_88' title='bbox 450 1072 530 1127; x_wconf 88' lang='lat' dir='ltr'><strong>detur</strong></span> <span class='ocrx_word' id='word_1_89' title='bbox 548 1069 671 1141; x_wconf 80' lang='lat' dir='ltr'><strong>Tychoni</strong></span> <span class='ocrx_word' id='word_1_90' title='bbox 689 1070 764 1125; x_wconf 92' lang='lat' dir='ltr'><strong>illum</strong></span> <span class='ocrx_word' id='word_1_91' title='bbox 782 1072 949 1130; x_wconf 77' lang='lat' dir='ltr'><strong>adhaesisse.</strong></span> <span class='ocrx_word' id='word_1_92' title='bbox 986 1074 1123 1141; x_wconf 78' lang='lat' dir='ltr'><strong>Quantum</strong></span> <span class='ocrx_word' id='word_1_93' title='bbox 1142 1078 1184 1127; x_wconf 92' lang='lat' dir='ltr'><strong>est</strong></span> <span class='ocrx_word' id='word_1_94' title='bbox 1202 1075 1325 1129; x_wconf 88' lang='lat' dir='ltr'><strong>crimen?</strong></span> <span class='ocrx_word' id='word_1_95' title='bbox 1351 1075 1437 1143; x_wconf 78' lang='lat' dir='ltr'><strong>Quem</strong></span> 
     </span>
     <span class='ocr_line' id='line_1_10' title="bbox 76 1148 1437 1225; baseline 0.003 -19"><span class='ocrx_word' id='word_1_96' title='bbox 76 1152 167 1222; x_wconf 87' lang='lat' dir='ltr'><strong>potins</strong></span> <span class='ocrx_word' id='word_1_97' title='bbox 186 1151 370 1220; x_wconf 80' lang='lat' dir='ltr'><strong>sequeretur?</strong></span> <span class='ocrx_word' id='word_1_98' title='bbox 395 1149 594 1216; x_wconf 83' lang='lat' dir='ltr'><strong>Ptolemaeum,</strong></span> <span class='ocrx_word' id='word_1_99' title='bbox 622 1148 702 1214; x_wconf 89' lang='lat' dir='ltr'><strong>cnjus</strong></span> <span class='ocrx_word' id='word_1_100' title='bbox 720 1155 885 1205; x_wconf 86' lang='lat' dir='ltr'><strong>sectatorum</strong></span> <span class='ocrx_word' id='word_1_101' title='bbox 900 1151 1005 1223; x_wconf 89' lang='lat' dir='ltr'><strong>jugulis</strong></span> <span class='ocrx_word' id='word_1_102' title='bbox 1022 1152 1111 1215; x_wconf 86' lang='lat' dir='ltr'><strong>Mars,</strong></span> <span class='ocrx_word' id='word_1_103' title='bbox 1135 1153 1248 1221; x_wconf 87' lang='lat' dir='ltr'><strong>propior</strong></span> <span class='ocrx_word' id='word_1_104' title='bbox 1263 1153 1321 1222; x_wconf 91' lang='lat' dir='ltr'><strong>jam</strong></span> <span class='ocrx_word' id='word_1_105' title='bbox 1339 1154 1437 1225; x_wconf 85' lang='lat' dir='ltr'><strong>iactus,</strong></span> 
     </span>
     <span class='ocr_line' id='line_1_11' title="bbox 76 1229 1437 1303; baseline 0.005 -20"><span class='ocrx_word' id='word_1_106' title='bbox 76 1231 168 1301; x_wconf 64' lang='lat' dir='ltr'><strong>padio</strong></span> <span class='ocrx_word' id='word_1_107' title='bbox 185 1236 296 1286; x_wconf 87' lang='lat' dir='ltr'><strong>exserto</strong></span> <span class='ocrx_word' id='word_1_108' title='bbox 314 1230 455 1286; x_wconf 81' lang='lat' dir='ltr'><strong>imminet?</strong></span> <span class='ocrx_word' id='word_1_109' title='bbox 475 1229 675 1299; x_wconf 85' lang='lat' dir='ltr'><strong>Copernicum?</strong></span> <span class='ocrx_word' id='word_1_110' title='bbox 693 1230 730 1285; x_wconf 82' lang='lat' dir='ltr'><strong>At</strong></span> <span class='ocrx_word' id='word_1_111' title='bbox 749 1230 795 1298; x_wconf 93' lang='lat' dir='ltr'><strong>qui</strong></span> <span class='ocrx_word' id='word_1_112' title='bbox 813 1231 875 1300; x_wconf 90' lang='lat' dir='ltr'><strong>pins</strong></span> <span class='ocrx_word' id='word_1_113' title='bbox 893 1237 943 1295; x_wconf 89' lang='lat' dir='ltr'><strong>est,</strong></span> <span class='ocrx_word' id='word_1_114' title='bbox 960 1229 1098 1284; x_wconf 83' lang='lat' dir='ltr'><strong>revocabit</strong></span> <span class='ocrx_word' id='word_1_115' title='bbox 1116 1246 1210 1286; x_wconf 90' lang='lat' dir='ltr'><strong>omnes</strong></span> <span class='ocrx_word' id='word_1_116' title='bbox 1229 1231 1262 1286; x_wconf 95' lang='lat' dir='ltr'><strong>ab</strong></span> <span class='ocrx_word' id='word_1_117' title='bbox 1280 1231 1327 1286; x_wconf 91' lang='lat' dir='ltr'><strong>illo</strong></span> <span class='ocrx_word' id='word_1_118' title='bbox 1345 1234 1437 1303; x_wconf 89' lang='lat' dir='ltr'><strong>potius</strong></span> 
     </span>
     <span class='ocr_line' id='line_1_12' title="bbox 76 1307 1437 1379; baseline 0.003 -15"><span class='ocrx_word' id='word_1_119' title='bbox 76 1318 101 1364; x_wconf 88' lang='lat' dir='ltr'><strong>et</strong></span> <span class='ocrx_word' id='word_1_120' title='bbox 119 1309 278 1364; x_wconf 84' lang='lat' dir='ltr'><strong>damnatam</strong></span> <span class='ocrx_word' id='word_1_121' title='bbox 295 1324 383 1378; x_wconf 92' lang='lat' dir='ltr'><strong>nuper</strong></span> <span class='ocrx_word' id='word_1_122' title='bbox 400 1307 566 1379; x_wconf 80' lang='lat' dir='ltr'><strong>hypothesin</strong></span> <span class='ocrx_word' id='word_1_123' title='bbox 586 1307 726 1362; x_wconf 89' lang='lat' dir='ltr'><strong>damnabit</strong></span> <span class='ocrx_word' id='word_1_124' title='bbox 743 1308 846 1377; x_wconf 88' lang='lat' dir='ltr'><strong>pariter</strong></span> <span class='ocrx_word' id='word_1_125' title='bbox 863 1316 892 1365; x_wconf 89' lang='lat' dir='ltr'><strong>et</strong></span> <span class='ocrx_word' id='word_1_126' title='bbox 908 1309 1021 1377; x_wconf 84' lang='lat' dir='ltr'><strong>rejiciet.</strong></span> <span class='ocrx_word' id='word_1_127' title='bbox 1053 1311 1107 1377; x_wconf 81' lang='lat' dir='ltr'><strong>(cfr.</strong></span> <span class='ocrx_word' id='word_1_128' title='bbox 1125 1312 1175 1365; x_wconf 79' lang='lat' dir='ltr'><strong>rol.</strong></span> <span class='ocrx_word' id='word_1_129' title='bbox 1194 1316 1212 1362; x_wconf 95' lang='lat'><strong>1.</strong></span> <span class='ocrx_word' id='word_1_130' title='bbox 1231 1329 1257 1376; x_wconf 90' lang='lat' dir='ltr'><strong>p.</strong></span> <span class='ocrx_word' id='word_1_131' title='bbox 1271 1317 1323 1378; x_wconf 80' lang='lat'><strong>56).</strong></span> <span class='ocrx_word' id='word_1_132' title='bbox 1359 1313 1437 1369; x_wconf 90' lang='lat' dir='ltr'><strong>Unus</strong></span> 
     </span>
     <span class='ocr_line' id='line_1_13' title="bbox 78 1386 1436 1459; baseline 0.004 -17"><span class='ocrx_word' id='word_1_133' title='bbox 78 1389 161 1459; x_wconf 90' lang='lat' dir='ltr'><strong>igitur</strong></span> <span class='ocrx_word' id='word_1_134' title='bbox 186 1403 223 1441; x_wconf 95' lang='lat' dir='ltr'><strong>ex</strong></span> <span class='ocrx_word' id='word_1_135' title='bbox 247 1387 373 1442; x_wconf 89' lang='lat' dir='ltr'><strong>omnibus</strong></span> <span class='ocrx_word' id='word_1_136' title='bbox 392 1386 486 1457; x_wconf 88' lang='lat' dir='ltr'><strong>Tyoho</strong></span> <span class='ocrx_word' id='word_1_137' title='bbox 511 1394 670 1457; x_wconf 85' lang='lat' dir='ltr'><strong>supererat,</strong></span> <span class='ocrx_word' id='word_1_138' title='bbox 698 1403 779 1455; x_wconf 90' lang='lat' dir='ltr'><strong>quem</strong></span> <span class='ocrx_word' id='word_1_139' title='bbox 797 1389 877 1444; x_wconf 91' lang='lat' dir='ltr'><strong>nobis</strong></span> <span class='ocrx_word' id='word_1_140' title='bbox 896 1390 1003 1457; x_wconf 84' lang='lat' dir='ltr'><strong>ignotas</strong></span> <span class='ocrx_word' id='word_1_141' title='bbox 1021 1387 1093 1441; x_wconf 89' lang='lat' dir='ltr'><strong>inter</strong></span> <span class='ocrx_word' id='word_1_142' title='bbox 1110 1396 1244 1443; x_wconf 89' lang='lat' dir='ltr'><strong>astrorum</strong></span> <span class='ocrx_word' id='word_1_143' title='bbox 1264 1391 1321 1444; x_wconf 85' lang='lat' dir='ltr'><strong>vias</strong></span> <span class='ocrx_word' id='word_1_144' title='bbox 1341 1391 1436 1447; x_wconf 87' lang='lat' dir='ltr'><strong>ducem</strong></span> 
     </span>
     <span class='ocr_line' id='line_1_14' title="bbox 77 1464 1436 1537; baseline 0.002 -16"><span class='ocrx_word' id='word_1_145' title='bbox 77 1467 301 1522; x_wconf 83' lang='lat' dir='ltr'><strong>adscisceremua.</strong></span> <span class='ocrx_word' id='word_1_146' title='bbox 338 1465 393 1520; x_wconf 84' lang='lat' dir='ltr'><strong>cnr</strong></span> <span class='ocrx_word' id='word_1_147' title='bbox 410 1465 495 1535; x_wconf 90' lang='lat' dir='ltr'><strong>igitur</strong></span> <span class='ocrx_word' id='word_1_148' title='bbox 511 1464 642 1534; x_wconf 84' lang='lat' dir='ltr'><strong>magistro</strong></span> <span class='ocrx_word' id='word_1_149' title='bbox 659 1479 722 1519; x_wconf 88' lang='lat' dir='ltr'><strong>meo</strong></span> <span class='ocrx_word' id='word_1_150' title='bbox 740 1465 800 1535; x_wconf 92' lang='lat' dir='ltr'><strong>ipse</strong></span> <span class='ocrx_word' id='word_1_151' title='bbox 819 1472 995 1533; x_wconf 88' lang='lat' dir='ltr'><strong>succenseat,</strong></span> <span class='ocrx_word' id='word_1_152' title='bbox 1021 1465 1067 1533; x_wconf 93' lang='lat' dir='ltr'><strong>qni</strong></span> <span class='ocrx_word' id='word_1_153' title='bbox 1086 1465 1163 1520; x_wconf 90' lang='lat' dir='ltr'><strong>illum</strong></span> <span class='ocrx_word' id='word_1_154' title='bbox 1181 1483 1235 1520; x_wconf 93' lang='lat' dir='ltr'><strong>nou</strong></span> <span class='ocrx_word' id='word_1_155' title='bbox 1254 1470 1436 1537; x_wconf 86' lang='lat' dir='ltr'><strong>aspernatur?</strong></span> 
     </span>
     <span class='ocr_line' id='line_1_15' title="bbox 74 1542 1435 1617; baseline 0 -15"><span class='ocrx_word' id='word_1_156' title='bbox 74 1548 191 1602; x_wconf 70' lang='lat' dir='ltr'><strong>frustra</strong></span> <span class='ocrx_word' id='word_1_157' title='bbox 208 1542 255 1599; x_wconf 92' lang='lat' dir='ltr'><strong>hic</strong></span> <span class='ocrx_word' id='word_1_158' title='bbox 272 1542 404 1599; x_wconf 82' lang='lat' dir='ltr'><strong>Senecam</strong></span> <span class='ocrx_word' id='word_1_159' title='bbox 421 1543 531 1599; x_wconf 86' lang='lat' dir='ltr'><strong>invocat</strong></span> <span class='ocrx_word' id='word_1_160' title='bbox 548 1543 697 1612; x_wconf 83' lang='lat' dir='ltr'><strong>Galilaeus,</strong></span> <span class='ocrx_word' id='word_1_161' title='bbox 716 1544 819 1601; x_wconf 81' lang='lat' dir='ltr'><strong>frustra</strong></span> <span class='ocrx_word' id='word_1_162' title='bbox 836 1546 881 1602; x_wconf 94' lang='lat' dir='ltr'><strong>hic</strong></span> <span class='ocrx_word' id='word_1_163' title='bbox 899 1546 976 1614; x_wconf 88' lang='lat' dir='ltr'><strong>luget</strong></span> <span class='ocrx_word' id='word_1_164' title='bbox 993 1544 1079 1599; x_wconf 89' lang='lat' dir='ltr'><strong>nostri</strong></span> <span class='ocrx_word' id='word_1_165' title='bbox 1096 1545 1226 1613; x_wconf 88' lang='lat' dir='ltr'><strong>temporis</strong></span> <span class='ocrx_word' id='word_1_166' title='bbox 1245 1545 1435 1617; x_wconf 83' lang='lat' dir='ltr'><strong>calamitatem,</strong></span> 
     </span>
     <span class='ocr_line' id='line_1_16' title="bbox 74 1621 1435 1695; baseline 0.002 -17"><span class='ocrx_word' id='word_1_167' title='bbox 74 1624 146 1694; x_wconf 91' lang='lat' dir='ltr'><strong>quod</strong></span> <span class='ocrx_word' id='word_1_168' title='bbox 165 1637 233 1678; x_wconf 84' lang='lat' dir='ltr'><strong>vera</strong></span> <span class='ocrx_word' id='word_1_169' title='bbox 249 1636 282 1676; x_wconf 90' lang='lat' dir='ltr'><strong>ac</strong></span> <span class='ocrx_word' id='word_1_170' title='bbox 300 1628 377 1676; x_wconf 89' lang='lat' dir='ltr'><strong>certa</strong></span> <span class='ocrx_word' id='word_1_171' title='bbox 388 1621 586 1678; x_wconf 88' lang='lat' dir='ltr'><strong>mundanarum</strong></span> <span class='ocrx_word' id='word_1_172' title='bbox 605 1624 723 1693; x_wconf 86' lang='lat' dir='ltr'><strong>partium</strong></span> <span class='ocrx_word' id='word_1_173' title='bbox 742 1624 884 1693; x_wconf 90' lang='lat' dir='ltr'><strong>dispositio</strong></span> <span class='ocrx_word' id='word_1_174' title='bbox 902 1641 957 1680; x_wconf 92' lang='lat' dir='ltr'><strong>non</strong></span> <span class='ocrx_word' id='word_1_175' title='bbox 975 1629 1110 1693; x_wconf 87' lang='lat' dir='ltr'><strong>teneatur,</strong></span> <span class='ocrx_word' id='word_1_176' title='bbox 1128 1622 1231 1679; x_wconf 84' lang='lat' dir='ltr'><strong>frustra</strong></span> <span class='ocrx_word' id='word_1_177' title='bbox 1249 1624 1335 1680; x_wconf 86' lang='lat' dir='ltr'><strong>seculi</strong></span> <span class='ocrx_word' id='word_1_178' title='bbox 1352 1625 1435 1695; x_wconf 89' lang='lat' dir='ltr'><strong>hujus</strong></span> 
     </span>
     <span class='ocr_line' id='line_1_17' title="bbox 74 1700 1435 1775; baseline 0 -15"><span class='ocrx_word' id='word_1_179' title='bbox 74 1704 201 1775; x_wconf 89' lang='lat' dir='ltr'><strong>deplorat</strong></span> <span class='ocrx_word' id='word_1_180' title='bbox 219 1701 412 1772; x_wconf 80' lang='lat' dir='ltr'><strong>infortunium,</strong></span> <span class='ocrx_word' id='word_1_181' title='bbox 431 1701 455 1756; x_wconf 92' lang='lat' dir='ltr'><strong>sl</strong></span> <span class='ocrx_word' id='word_1_182' title='bbox 473 1700 511 1757; x_wconf 93' lang='lat' dir='ltr'><strong>nil</strong></span> <span class='ocrx_word' id='word_1_183' title='bbox 529 1703 627 1775; x_wconf 90' lang='lat' dir='ltr'><strong>habet,</strong></span> <span class='ocrx_word' id='word_1_184' title='bbox 648 1719 702 1772; x_wconf 91' lang='lat' dir='ltr'><strong>qno</strong></span> <span class='ocrx_word' id='word_1_185' title='bbox 720 1703 791 1759; x_wconf 90' lang='lat' dir='ltr'><strong>banc</strong></span> <span class='ocrx_word' id='word_1_186' title='bbox 808 1703 896 1773; x_wconf 89' lang='lat' dir='ltr'><strong>ipsam</strong></span> <span class='ocrx_word' id='word_1_187' title='bbox 915 1709 1041 1773; x_wconf 87' lang='lat' dir='ltr'><strong>aetatem,</strong></span> <span class='ocrx_word' id='word_1_188' title='bbox 1060 1703 1114 1759; x_wconf 89' lang='lat' dir='ltr'><strong>hoc</strong></span> <span class='ocrx_word' id='word_1_189' title='bbox 1132 1703 1229 1759; x_wconf 87' lang='lat' dir='ltr'><strong>saltem</strong></span> <span class='ocrx_word' id='word_1_190' title='bbox 1247 1704 1357 1760; x_wconf 91' lang='lat' dir='ltr'><strong>nomine</strong></span> <span class='ocrx_word' id='word_1_191' title='bbox 1375 1705 1435 1774; x_wconf 89' lang='lat' dir='ltr'><strong>ejus</strong></span> 
     </span>
     <span class='ocr_line' id='line_1_18' title="bbox 74 1780 630 1853; baseline 0 -16"><span class='ocrx_word' id='word_1_192' title='bbox 74 1783 206 1853; x_wconf 76' lang='lat' dir='ltr'><strong>suffragio</strong></span> <span class='ocrx_word' id='word_1_193' title='bbox 226 1781 361 1844; x_wconf 84' lang='lat' dir='ltr'><strong>miseram,</strong></span> <span class='ocrx_word' id='word_1_194' title='bbox 379 1780 501 1837; x_wconf 76' lang='lat' dir='ltr'><strong>renunes</strong></span> <span class='ocrx_word' id='word_1_195' title='bbox 518 1783 630 1852; x_wconf 69' lang='lat' dir='ltr'><strong>magis.t</strong></span> 
     </span>
    </p>

    <p class='ocr_par' dir='ltr' id='par_1_4' title="bbox 10 1859 1437 4619">
     <span class='ocr_line' id='line_1_19' title="bbox 175 1859 1437 1934; baseline 0.005 -19"><span class='ocrx_word' id='word_1_196' title='bbox 175 1860 271 1930; x_wconf 77' lang='lat' dir='ltr'><strong>Pergit</strong></span> <span class='ocrx_word' id='word_1_197' title='bbox 279 1859 401 1915; x_wconf 84' lang='lat' dir='ltr'><strong>Sarsina:</strong></span> <span class='ocrx_word' id='word_1_198' title='bbox 415 1859 531 1924; x_wconf 79' lang='lat' dir='ltr'><strong>„Tribus</strong></span> <span class='ocrx_word' id='word_1_199' title='bbox 542 1861 714 1931; x_wconf 89' lang='lat' dir='ltr'><strong>potissimum</strong></span> <span class='ocrx_word' id='word_1_200' title='bbox 727 1863 895 1934; x_wconf 90' lang='lat' dir='ltr'><strong>argumentis</strong></span> <span class='ocrx_word' id='word_1_201' title='bbox 907 1867 1030 1917; x_wconf 88' lang='lat' dir='ltr'><strong>cometae</strong></span> <span class='ocrx_word' id='word_1_202' title='bbox 1041 1862 1130 1917; x_wconf 90' lang='lat' dir='ltr'><strong>locum</strong></span> <span class='ocrx_word' id='word_1_203' title='bbox 1139 1860 1320 1931; x_wconf 89' lang='lat' dir='ltr'><strong>indagandum</strong></span> <span class='ocrx_word' id='word_1_204' title='bbox 1330 1865 1437 1922; x_wconf 89' lang='lat' dir='ltr'><strong>censuit</strong></span> 
     </span>
     <span class='ocr_line' id='line_1_20' title="bbox 72 1940 1433 2014; baseline 0 -16"><span class='ocrx_word' id='word_1_205' title='bbox 72 1943 204 2013; x_wconf 79' lang='lat' dir='ltr'><strong>magister</strong></span> <span class='ocrx_word' id='word_1_206' title='bbox 225 1955 311 1996; x_wconf 91' lang='lat' dir='ltr'><strong>meus.</strong></span> <span class='ocrx_word' id='word_1_207' title='bbox 348 1940 468 1996; x_wconf 92' lang='lat' dir='ltr'><strong>Primum</strong></span> <span class='ocrx_word' id='word_1_208' title='bbox 492 1940 601 2008; x_wconf 88' lang='lat' dir='ltr'><strong>quidem</strong></span> <span class='ocrx_word' id='word_1_209' title='bbox 624 1957 675 2011; x_wconf 91' lang='lat' dir='ltr'><strong>per</strong></span> <span class='ocrx_word' id='word_1_210' title='bbox 698 1940 845 2011; x_wconf 89' lang='lat' dir='ltr'><strong>parallaxis</strong></span> <span class='ocrx_word' id='word_1_211' title='bbox 871 1941 1084 1998; x_wconf 87' lang='lat' dir='ltr'><strong>observationes.</strong></span> <span class='ocrx_word' id='word_1_212' title='bbox 1122 1943 1189 1997; x_wconf 83' lang='lat' dir='ltr'><strong>Cum</strong></span> <span class='ocrx_word' id='word_1_213' title='bbox 1212 1942 1433 2014; x_wconf 88' lang='lat' dir='ltr'><strong>ostendissemus,</strong></span> 
     </span>
     <span class='ocr_line' id='line_1_21' title="bbox 72 2019 1433 2091; baseline -0.001 -13"><span class='ocrx_word' id='word_1_214' title='bbox 72 2028 208 2078; x_wconf 75' lang='lat' dir='ltr'><strong>mmetam</strong></span> <span class='ocrx_word' id='word_1_215' title='bbox 230 2034 265 2074; x_wconf 83' lang='lat' dir='ltr'><strong>ex</strong></span> <span class='ocrx_word' id='word_1_216' title='bbox 287 2020 369 2076; x_wconf 85' lang='lat' dir='ltr'><strong>variis</strong></span> <span class='ocrx_word' id='word_1_217' title='bbox 387 2019 556 2074; x_wconf 86' lang='lat' dir='ltr'><strong>diversorum</strong></span> <span class='ocrx_word' id='word_1_218' title='bbox 574 2021 697 2074; x_wconf 85' lang='lat' dir='ltr'><strong>locorum</strong></span> <span class='ocrx_word' id='word_1_219' title='bbox 714 2019 948 2076; x_wconf 83' lang='lat' dir='ltr'><strong>observationibus</strong></span> <span class='ocrx_word' id='word_1_220' title='bbox 966 2037 1077 2090; x_wconf 84' lang='lat' dir='ltr'><strong>parvam</strong></span> <span class='ocrx_word' id='word_1_221' title='bbox 1095 2037 1207 2091; x_wconf 89' lang='lat' dir='ltr'><strong>passum</strong></span> <span class='ocrx_word' id='word_1_222' title='bbox 1225 2037 1286 2076; x_wconf 87' lang='lat' dir='ltr'><strong>esse</strong></span> <span class='ocrx_word' id='word_1_223' title='bbox 1304 2029 1433 2091; x_wconf 88' lang='lat' dir='ltr'><strong>aspectus</strong></span> 
     </span>
     <span class='ocr_line' id='line_1_22' title="bbox 72 2093 1434 2169; baseline 0.001 -14"><span class='ocrx_word' id='word_1_224' title='bbox 72 2101 258 2155; x_wconf 81' lang='lat' dir='ltr'><strong>diversitatem</strong></span> <span class='ocrx_word' id='word_1_225' title='bbox 281 2113 314 2154; x_wconf 93' lang='lat' dir='ltr'><strong>ac</strong></span> <span class='ocrx_word' id='word_1_226' title='bbox 336 2105 484 2168; x_wconf 88' lang='lat' dir='ltr'><strong>propterea</strong></span> <span class='ocrx_word' id='word_1_227' title='bbox 506 2093 714 2168; x_wconf 75' lang='lat' dir='ltr'><strong>supra&#39;Lunam</strong></span> <span class='ocrx_word' id='word_1_228' title='bbox 737 2099 926 2167; x_wconf 89' lang='lat' dir='ltr'><strong>statuendum,</strong></span> <span class='ocrx_word' id='word_1_229' title='bbox 953 2100 992 2154; x_wconf 89' lang='lat' dir='ltr'><strong>ait</strong></span> <span class='ocrx_word' id='word_1_230' title='bbox 1009 2098 1162 2168; x_wconf 82' lang='lat' dir='ltr'><strong>Galilacns,</strong></span> <span class='ocrx_word' id='word_1_231' title='bbox 1190 2109 1379 2169; x_wconf 80' lang='lat' dir='ltr'><strong>argumentum</strong></span> <span class='ocrx_word' id='word_1_232' title='bbox 1398 2117 1434 2157; x_wconf 90' lang='lat' dir='ltr'><strong>ex</strong></span> 
     </span>
     <span class='ocr_line' id='line_1_23' title="bbox 72 2175 1433 2250; baseline -0.001 -15"><span class='ocrx_word' id='word_1_233' title='bbox 72 2178 208 2250; x_wconf 86' lang='lat' dir='ltr'><strong>parallaxi</strong></span> <span class='ocrx_word' id='word_1_234' title='bbox 231 2175 385 2233; x_wconf 88' lang='lat' dir='ltr'><strong>desumtum</strong></span> <span class='ocrx_word' id='word_1_235' title='bbox 409 2176 477 2232; x_wconf 89' lang='lat' dir='ltr'><strong>nihil</strong></span> <span class='ocrx_word' id='word_1_236' title='bbox 500 2179 602 2234; x_wconf 89' lang='lat' dir='ltr'><strong>habere</strong></span> <span class='ocrx_word' id='word_1_237' title='bbox 625 2177 768 2247; x_wconf 86' lang='lat' dir='ltr'><strong>ponderis,</strong></span> <span class='ocrx_word' id='word_1_238' title='bbox 801 2177 853 2233; x_wconf 89' lang='lat' dir='ltr'><strong>nisi</strong></span> <span class='ocrx_word' id='word_1_239' title='bbox 877 2177 954 2246; x_wconf 91' lang='lat' dir='ltr'><strong>prius</strong></span> <span class='ocrx_word' id='word_1_240' title='bbox 979 2184 1130 2247; x_wconf 87' lang='lat' dir='ltr'><strong>statuatur,</strong></span> <span class='ocrx_word' id='word_1_241' title='bbox 1161 2179 1249 2233; x_wconf 87' lang='lat' dir='ltr'><strong>sintne</strong></span> <span class='ocrx_word' id='word_1_242' title='bbox 1273 2179 1333 2248; x_wconf 90' lang='lat' dir='ltr'><strong>illa,</strong></span> <span class='ocrx_word' id='word_1_243' title='bbox 1362 2195 1433 2248; x_wconf 91' lang='lat' dir='ltr'><strong>quaa</strong></span> 
     </span>
     <span class='ocr_line' id='line_1_24' title="bbox 71 2256 1432 2326; baseline 0.001 -13"><span class='ocrx_word' id='word_1_244' title='bbox 71 2258 266 2325; x_wconf 72' lang='lat' dir='ltr'><strong>ebremarum,</strong></span> <span class='ocrx_word' id='word_1_245' title='bbox 291 2270 357 2310; x_wconf 85' lang='lat' dir='ltr'><strong>vera</strong></span> <span class='ocrx_word' id='word_1_246' title='bbox 378 2271 489 2324; x_wconf 89' lang='lat' dir='ltr'><strong>unoque</strong></span> <span class='ocrx_word' id='word_1_247' title='bbox 506 2256 568 2313; x_wconf 91' lang='lat' dir='ltr'><strong>loco</strong></span> <span class='ocrx_word' id='word_1_248' title='bbox 587 2257 775 2323; x_wconf 89' lang='lat' dir='ltr'><strong>consistentia,</strong></span> <span class='ocrx_word' id='word_1_249' title='bbox 795 2272 830 2311; x_wconf 94' lang='lat' dir='ltr'><strong>an</strong></span> <span class='ocrx_word' id='word_1_250' title='bbox 849 2271 913 2311; x_wconf 87' lang='lat' dir='ltr'><strong>vero</strong></span> <span class='ocrx_word' id='word_1_251' title='bbox 930 2256 958 2310; x_wconf 91' lang='lat' dir='ltr'><strong>in</strong></span> <span class='ocrx_word' id='word_1_252' title='bbox 977 2256 1096 2326; x_wconf 89' lang='lat' dir='ltr'><strong>speciem</strong></span> <span class='ocrx_word' id='word_1_253' title='bbox 1114 2257 1275 2326; x_wconf 87' lang='lat' dir='ltr'><strong>apparentia</strong></span> <span class='ocrx_word' id='word_1_254' title='bbox 1293 2274 1325 2312; x_wconf 93' lang='lat' dir='ltr'><strong>ac</strong></span> <span class='ocrx_word' id='word_1_255' title='bbox 1344 2262 1432 2326; x_wconf 88' lang='lat' dir='ltr'><strong>vaga?</strong></span> 
     </span>
     <span class='ocr_line' id='line_1_25' title="bbox 71 2332 1430 2405; baseline -0.001 -12"><span class='ocrx_word' id='word_1_256' title='bbox 71 2337 158 2393; x_wconf 82' lang='lat' dir='ltr'><strong>Recta</strong></span> <span class='ocrx_word' id='word_1_257' title='bbox 182 2336 207 2389; x_wconf 89' lang='lat' dir='ltr'><strong>is</strong></span> <span class='ocrx_word' id='word_1_258' title='bbox 225 2332 347 2404; x_wconf 88' lang='lat' dir='ltr'><strong>quidem,</strong></span> <span class='ocrx_word' id='word_1_259' title='bbox 375 2332 424 2387; x_wconf 88' lang='lat' dir='ltr'><strong>sed</strong></span> <span class='ocrx_word' id='word_1_260' title='bbox 442 2349 497 2389; x_wconf 92' lang='lat' dir='ltr'><strong>non</strong></span> <span class='ocrx_word' id='word_1_261' title='bbox 515 2342 574 2389; x_wconf 89' lang='lat' dir='ltr'><strong>erat</strong></span> <span class='ocrx_word' id='word_1_262' title='bbox 591 2335 634 2391; x_wconf 92' lang='lat' dir='ltr'><strong>his</strong></span> <span class='ocrx_word' id='word_1_263' title='bbox 653 2352 729 2405; x_wconf 89' lang='lat' dir='ltr'><strong>opus.</strong></span> <span class='ocrx_word' id='word_1_264' title='bbox 767 2334 838 2404; x_wconf 75' lang='lat' dir='ltr'><strong>Quid</strong></span> <span class='ocrx_word' id='word_1_265' title='bbox 858 2334 928 2389; x_wconf 87' lang='lat' dir='ltr'><strong>enim</strong></span> <span class='ocrx_word' id='word_1_266' title='bbox 947 2335 970 2389; x_wconf 91' lang='lat' dir='ltr'><strong>si</strong></span> <span class='ocrx_word' id='word_1_267' title='bbox 988 2340 1120 2389; x_wconf 89' lang='lat' dir='ltr'><strong>statutum</strong></span> <span class='ocrx_word' id='word_1_268' title='bbox 1136 2336 1193 2404; x_wconf 90' lang='lat' dir='ltr'><strong>jam</strong></span> <span class='ocrx_word' id='word_1_269' title='bbox 1212 2336 1239 2390; x_wconf 95' lang='lat' dir='ltr'><strong>id</strong></span> <span class='ocrx_word' id='word_1_270' title='bbox 1258 2337 1430 2392; x_wconf 78' lang='lat' dir='ltr'><strong>haberetur?</strong></span> 
     </span>
     <span class='ocr_line' id='line_1_26' title="bbox 72 2411 1431 2482; baseline -0.001 -11"><span class='ocrx_word' id='word_1_271' title='bbox 72 2417 152 2471; x_wconf 86' lang='lat' dir='ltr'><strong>Certe</strong></span> <span class='ocrx_word' id='word_1_272' title='bbox 171 2430 234 2470; x_wconf 89' lang='lat' dir='ltr'><strong>cum</strong></span> <span class='ocrx_word' id='word_1_273' title='bbox 252 2418 390 2467; x_wconf 89' lang='lat' dir='ltr'><strong>certamen</strong></span> <span class='ocrx_word' id='word_1_274' title='bbox 407 2411 486 2467; x_wconf 91' lang='lat' dir='ltr'><strong>nobis</strong></span> <span class='ocrx_word' id='word_1_275' title='bbox 504 2415 665 2482; x_wconf 86' lang='lat' dir='ltr'><strong>praesertim</strong></span> <span class='ocrx_word' id='word_1_276' title='bbox 683 2419 756 2469; x_wconf 87' lang='lat' dir='ltr'><strong>esset</strong></span> <span class='ocrx_word' id='word_1_277' title='bbox 775 2430 837 2468; x_wconf 89' lang='lat' dir='ltr'><strong>cnm</strong></span> <span class='ocrx_word' id='word_1_278' title='bbox 854 2412 1048 2482; x_wconf 80' lang='lat' dir='ltr'><strong>peripateticis,</strong></span> <span class='ocrx_word' id='word_1_279' title='bbox 1067 2413 1169 2468; x_wconf 82' lang='lat' dir='ltr'><strong>frustra</strong></span> <span class='ocrx_word' id='word_1_280' title='bbox 1187 2428 1221 2468; x_wconf 82' lang='lat' dir='ltr'><strong>es</strong></span> <span class='ocrx_word' id='word_1_281' title='bbox 1241 2415 1431 2482; x_wconf 87' lang='lat' dir='ltr'><strong>apparentium</strong></span> 
     </span>
     <span class='ocr_line' id='line_1_27' title="bbox 71 2490 1431 2562; baseline -0.001 -11"><span class='ocrx_word' id='word_1_282' title='bbox 71 2509 183 2552; x_wconf 82' lang='lat' dir='ltr'><strong>numero</strong></span> <span class='ocrx_word' id='word_1_283' title='bbox 202 2498 323 2547; x_wconf 66' lang='lat' dir='ltr'><strong>commas</strong></span> <span class='ocrx_word' id='word_1_284' title='bbox 342 2490 566 2562; x_wconf 89' lang='lat' dir='ltr'><strong>exclusissemus,</strong></span> <span class='ocrx_word' id='word_1_285' title='bbox 590 2510 650 2548; x_wconf 92' lang='lat' dir='ltr'><strong>cum</strong></span> <span class='ocrx_word' id='word_1_286' title='bbox 669 2493 768 2548; x_wconf 88' lang='lat' dir='ltr'><strong>nullius</strong></span> <span class='ocrx_word' id='word_1_287' title='bbox 787 2499 908 2548; x_wconf 86' lang='lat' dir='ltr'><strong>nostrum</strong></span> <span class='ocrx_word' id='word_1_288' title='bbox 928 2491 1045 2546; x_wconf 88' lang='lat' dir='ltr'><strong>animum</strong></span> <span class='ocrx_word' id='word_1_289' title='bbox 1064 2490 1186 2560; x_wconf 89' lang='lat' dir='ltr'><strong>pulsaret</strong></span> <span class='ocrx_word' id='word_1_290' title='bbox 1203 2493 1271 2546; x_wconf 88' lang='lat' dir='ltr'><strong>haec</strong></span> <span class='ocrx_word' id='word_1_291' title='bbox 1289 2492 1431 2550; x_wconf 88' lang='lat' dir='ltr'><strong>dubitatio.</strong></span> 
     </span>
     <span class='ocr_line' id='line_1_28' title="bbox 71 2570 1432 2643; baseline -0.002 -13"><span class='ocrx_word' id='word_1_292' title='bbox 71 2574 142 2630; x_wconf 81' lang='lat' dir='ltr'><strong>Sane</strong></span> <span class='ocrx_word' id='word_1_293' title='bbox 158 2571 299 2629; x_wconf 84' lang='lat' dir='ltr'><strong>Galilaeae</strong></span> <span class='ocrx_word' id='word_1_294' title='bbox 317 2570 386 2641; x_wconf 87' lang='lat' dir='ltr'><strong>ipse,</strong></span> <span class='ocrx_word' id='word_1_295' title='bbox 406 2572 470 2626; x_wconf 91' lang='lat' dir='ltr'><strong>dnm</strong></span> <span class='ocrx_word' id='word_1_296' title='bbox 488 2571 619 2627; x_wconf 77' lang='lat' dir='ltr'><strong>adversm</strong></span> <span class='ocrx_word' id='word_1_297' title='bbox 632 2572 808 2628; x_wconf 81' lang='lat' dir='ltr'><strong>Aristotelem</strong></span> <span class='ocrx_word' id='word_1_298' title='bbox 827 2573 956 2643; x_wconf 89' lang='lat' dir='ltr'><strong>disputat,</strong></span> <span class='ocrx_word' id='word_1_299' title='bbox 974 2586 1028 2625; x_wconf 92' lang='lat' dir='ltr'><strong>uon</strong></span> <span class='ocrx_word' id='word_1_300' title='bbox 1042 2571 1139 2626; x_wconf 74' lang='lat' dir='ltr'><strong>nemori</strong></span> <span class='ocrx_word' id='word_1_301' title='bbox 1157 2586 1189 2626; x_wconf 93' lang='lat' dir='ltr'><strong>ac</strong></span> <span class='ocrx_word' id='word_1_302' title='bbox 1203 2570 1326 2625; x_wconf 82' lang='lat' dir='ltr'><strong>validiori</strong></span> <span class='ocrx_word' id='word_1_303' title='bbox 1345 2573 1432 2627; x_wconf 87' lang='lat' dir='ltr'><strong>utitur</strong></span> 
     </span>
     <span class='ocr_line' id='line_1_29' title="bbox 72 2649 1431 2725; baseline -0.001 -17"><span class='ocrx_word' id='word_1_304' title='bbox 72 2658 248 2725; x_wconf 87' lang='lat' dir='ltr'><strong>argumento,</strong></span> <span class='ocrx_word' id='word_1_305' title='bbox 276 2668 357 2721; x_wconf 88' lang='lat' dir='ltr'><strong>quam</strong></span> <span class='ocrx_word' id='word_1_306' title='bbox 376 2667 410 2706; x_wconf 91' lang='lat' dir='ltr'><strong>ex</strong></span> <span class='ocrx_word' id='word_1_307' title='bbox 427 2651 561 2722; x_wconf 89' lang='lat' dir='ltr'><strong>parallaxi</strong></span> <span class='ocrx_word' id='word_1_308' title='bbox 580 2653 713 2708; x_wconf 89' lang='lat' dir='ltr'><strong>desumto.</strong></span> <span class='ocrx_word' id='word_1_309' title='bbox 751 2654 807 2708; x_wconf 83' lang='lat' dir='ltr'><strong>Gur</strong></span> <span class='ocrx_word' id='word_1_310' title='bbox 829 2653 914 2721; x_wconf 88' lang='lat' dir='ltr'><strong>igitur</strong></span> <span class='ocrx_word' id='word_1_311' title='bbox 940 2651 1019 2707; x_wconf 90' lang='lat' dir='ltr'><strong>simili</strong></span> <span class='ocrx_word' id='word_1_312' title='bbox 1037 2655 1120 2719; x_wconf 87' lang='lat' dir='ltr'><strong>atque</strong></span> <span class='ocrx_word' id='word_1_313' title='bbox 1147 2649 1241 2705; x_wconf 88' lang='lat' dir='ltr'><strong>eadem</strong></span> <span class='ocrx_word' id='word_1_314' title='bbox 1266 2667 1378 2720; x_wconf 90' lang='lat' dir='ltr'><strong>prorsus</strong></span> <span class='ocrx_word' id='word_1_315' title='bbox 1402 2652 1431 2707; x_wconf 91' lang='lat' dir='ltr'><strong>in</strong></span> 
     </span>
     <span class='ocr_line' id='line_1_30' title="bbox 71 2729 1432 2798; baseline -0.002 -9"><span class='ocrx_word' id='word_1_316' title='bbox 71 2748 154 2789; x_wconf 88' lang='lat' dir='ltr'><strong>eausa</strong></span> <span class='ocrx_word' id='word_1_317' title='bbox 171 2732 252 2788; x_wconf 89' lang='lat' dir='ltr'><strong>nobis</strong></span> <span class='ocrx_word' id='word_1_318' title='bbox 272 2731 367 2786; x_wconf 86' lang='lat' dir='ltr'><strong>eodem</strong></span> <span class='ocrx_word' id='word_1_319' title='bbox 386 2732 427 2786; x_wconf 91' lang='lat' dir='ltr'><strong>uti</strong></span> <span class='ocrx_word' id='word_1_320' title='bbox 444 2731 530 2787; x_wconf 88' lang='lat' dir='ltr'><strong>libere</strong></span> <span class='ocrx_word' id='word_1_321' title='bbox 548 2748 603 2786; x_wconf 92' lang='lat' dir='ltr'><strong>non</strong></span> <span class='ocrx_word' id='word_1_322' title='bbox 614 2731 728 2786; x_wconf 87' lang='lat' dir='ltr'><strong>liceret?</strong></span> <span class='ocrx_word' id='word_1_323' title='bbox 750 2732 783 2786; x_wconf 92' lang='lat' dir='ltr'><strong>ln</strong></span> <span class='ocrx_word' id='word_1_324' title='bbox 796 2731 848 2785; x_wconf 91' lang='lat' dir='ltr'><strong>hac</strong></span> <span class='ocrx_word' id='word_1_325' title='bbox 865 2747 896 2785; x_wconf 91' lang='lat' dir='ltr'><strong>re</strong></span> <span class='ocrx_word' id='word_1_326' title='bbox 913 2729 948 2784; x_wconf 92' lang='lat' dir='ltr'><strong>ad</strong></span> <span class='ocrx_word' id='word_1_327' title='bbox 966 2731 1018 2783; x_wconf 92' lang='lat' dir='ltr'><strong>hoc</strong></span> <span class='ocrx_word' id='word_1_328' title='bbox 1037 2743 1123 2798; x_wconf 88' lang='lat' dir='ltr'><strong>nsque</strong></span> <span class='ocrx_word' id='word_1_329' title='bbox 1141 2736 1249 2798; x_wconf 89' lang='lat' dir='ltr'><strong>tempus</strong></span> <span class='ocrx_word' id='word_1_330' title='bbox 1267 2731 1432 2786; x_wconf 85' lang='lat' dir='ltr'><strong>conveniunt</strong></span> 
     </span>
     <span class='ocr_line' id='line_1_31' title="bbox 72 2808 1430 2883; baseline -0.003 -16"><span class='ocrx_word' id='word_1_331' title='bbox 72 2826 164 2868; x_wconf 83' lang='lat' dir='ltr'><strong>omues</strong></span> <span class='ocrx_word' id='word_1_332' title='bbox 183 2812 318 2883; x_wconf 86' lang='lat' dir='ltr'><strong>(cometas</strong></span> <span class='ocrx_word' id='word_1_333' title='bbox 337 2809 430 2866; x_wconf 86' lang='lat' dir='ltr'><strong>stellas</strong></span> <span class='ocrx_word' id='word_1_334' title='bbox 450 2825 512 2866; x_wconf 88' lang='lat' dir='ltr'><strong>esse</strong></span> <span class='ocrx_word' id='word_1_335' title='bbox 531 2817 670 2881; x_wconf 83' lang='lat' dir='ltr'><strong>errantes),</strong></span> <span class='ocrx_word' id='word_1_336' title='bbox 690 2811 755 2881; x_wconf 92' lang='lat' dir='ltr'><strong>quid</strong></span> <span class='ocrx_word' id='word_1_337' title='bbox 772 2819 831 2866; x_wconf 89' lang='lat' dir='ltr'><strong>erat</strong></span> <span class='ocrx_word' id='word_1_338' title='bbox 849 2827 957 2880; x_wconf 89' lang='lat' dir='ltr'><strong>causae,</strong></span> <span class='ocrx_word' id='word_1_339' title='bbox 976 2827 1024 2865; x_wconf 91' lang='lat' dir='ltr'><strong>cur</strong></span> <span class='ocrx_word' id='word_1_340' title='bbox 1041 2809 1129 2865; x_wconf 83' lang='lat' dir='ltr'><strong>facem</strong></span> <span class='ocrx_word' id='word_1_341' title='bbox 1146 2809 1217 2863; x_wconf 89' lang='lat' dir='ltr'><strong>hanc</strong></span> <span class='ocrx_word' id='word_1_342' title='bbox 1234 2808 1430 2865; x_wconf 84' lang='lat' dir='ltr'><strong>lucidissimam</strong></span> 
     </span>
     <span class='ocr_line' id='line_1_32' title="bbox 70 2886 1430 2959; baseline -0.001 -13"><span class='ocrx_word' id='word_1_343' title='bbox 70 2891 151 2946; x_wconf 81' lang='lat' dir='ltr'><strong>larris</strong></span> <span class='ocrx_word' id='word_1_344' title='bbox 173 2889 231 2944; x_wconf 91' lang='lat' dir='ltr'><strong>illis</strong></span> <span class='ocrx_word' id='word_1_345' title='bbox 254 2904 287 2944; x_wconf 91' lang='lat' dir='ltr'><strong>ac</strong></span> <span class='ocrx_word' id='word_1_346' title='bbox 304 2887 377 2943; x_wconf 83' lang='lat' dir='ltr'><strong>dctis</strong></span> <span class='ocrx_word' id='word_1_347' title='bbox 394 2888 516 2943; x_wconf 87' lang='lat' dir='ltr'><strong>colorum</strong></span> <span class='ocrx_word' id='word_1_348' title='bbox 533 2888 657 2944; x_wconf 91' lang='lat' dir='ltr'><strong>ludibriis</strong></span> <span class='ocrx_word' id='word_1_349' title='bbox 675 2889 855 2959; x_wconf 90' lang='lat' dir='ltr'><strong>spoliaremus</strong></span> <span class='ocrx_word' id='word_1_350' title='bbox 874 2891 909 2945; x_wconf 91' lang='lat' dir='ltr'><strong>ab</strong></span> <span class='ocrx_word' id='word_1_351' title='bbox 927 2903 1014 2957; x_wconf 89' lang='lat' dir='ltr'><strong>eaque</strong></span> <span class='ocrx_word' id='word_1_352' title='bbox 1032 2888 1132 2944; x_wconf 88' lang='lat' dir='ltr'><strong>crimen</strong></span> <span class='ocrx_word' id='word_1_353' title='bbox 1150 2886 1217 2942; x_wconf 93' lang='lat' dir='ltr'><strong>illud</strong></span> <span class='ocrx_word' id='word_1_354' title='bbox 1236 2896 1430 2958; x_wconf 87' lang='lat' dir='ltr'><strong>averteremus,</strong></span> 
     </span>
     <span class='ocr_line' id='line_1_33' title="bbox 71 2965 1429 3040; baseline -0.001 -15"><span class='ocrx_word' id='word_1_355' title='bbox 71 2969 141 3040; x_wconf 89' lang='lat' dir='ltr'><strong>qnod</strong></span> <span class='ocrx_word' id='word_1_356' title='bbox 153 2969 181 3025; x_wconf 88' lang='lat' dir='ltr'><strong>ei</strong></span> <span class='ocrx_word' id='word_1_357' title='bbox 193 2967 286 3023; x_wconf 90' lang='lat' dir='ltr'><strong>nullus</strong></span> <span class='ocrx_word' id='word_1_358' title='bbox 296 2967 444 3035; x_wconf 88' lang='lat' dir='ltr'><strong>hominnm,</strong></span> <span class='ocrx_word' id='word_1_359' title='bbox 458 2982 573 3036; x_wconf 91' lang='lat' dir='ltr'><strong>qnorum</strong></span> <span class='ocrx_word' id='word_1_360' title='bbox 586 2968 712 3022; x_wconf 87' lang='lat' dir='ltr'><strong>habenda</strong></span> <span class='ocrx_word' id='word_1_361' title='bbox 722 2968 795 3023; x_wconf 84' lang='lat' dir='ltr'><strong>foret</strong></span> <span class='ocrx_word' id='word_1_362' title='bbox 808 2968 887 3037; x_wconf 90' lang='lat' dir='ltr'><strong>ratio,</strong></span> <span class='ocrx_word' id='word_1_363' title='bbox 900 2967 1084 3036; x_wconf 88' lang='lat' dir='ltr'><strong>objecisset?“</strong></span> <span class='ocrx_word' id='word_1_364' title='bbox 1104 3008 1110 3020; x_wconf 91' lang='lat'><strong>.</strong></span> <span class='ocrx_word' id='word_1_365' title='bbox 1125 3008 1132 3022; x_wconf 94' lang='lat'><strong>.</strong></span> <span class='ocrx_word' id='word_1_366' title='bbox 1147 3009 1154 3022; x_wconf 91' lang='lat'><strong>.</strong></span> <span class='ocrx_word' id='word_1_367' title='bbox 1182 2965 1303 3031; x_wconf 82' lang='lat' dir='ltr'><strong>„Eadem</strong></span> <span class='ocrx_word' id='word_1_368' title='bbox 1315 2982 1429 3037; x_wconf 90' lang='lat' dir='ltr'><strong>prorsus</strong></span> 
     </span>
     <span class='ocr_line' id='line_1_34' title="bbox 71 3046 1429 3118; baseline -0.002 -13"><span class='ocrx_word' id='word_1_369' title='bbox 71 3052 174 3108; x_wconf 79' lang='lat' dir='ltr'><strong>ratione</strong></span> <span class='ocrx_word' id='word_1_370' title='bbox 192 3046 413 3118; x_wconf 89' lang='lat' dir='ltr'><strong>respondendnm</strong></span> <span class='ocrx_word' id='word_1_371' title='bbox 430 3046 497 3101; x_wconf 90' lang='lat' dir='ltr'><strong>mihi</strong></span> <span class='ocrx_word' id='word_1_372' title='bbox 514 3053 557 3101; x_wconf 88' lang='lat' dir='ltr'><strong>est</strong></span> <span class='ocrx_word' id='word_1_373' title='bbox 575 3046 610 3101; x_wconf 88' lang='lat' dir='ltr'><strong>ad</strong></span> <span class='ocrx_word' id='word_1_374' title='bbox 628 3053 788 3115; x_wconf 86' lang='lat' dir='ltr'><strong>argumenta</strong></span> <span class='ocrx_word' id='word_1_375' title='bbox 806 3062 851 3108; x_wconf 87' lang='lat' dir='ltr'><strong>es.</strong></span> <span class='ocrx_word' id='word_1_376' title='bbox 878 3062 948 3115; x_wconf 88' lang='lat' dir='ltr'><strong>qnae</strong></span> <span class='ocrx_word' id='word_1_377' title='bbox 967 3062 1000 3102; x_wconf 87' lang='lat' dir='ltr'><strong>ex</strong></span> <span class='ocrx_word' id='word_1_378' title='bbox 1019 3054 1095 3102; x_wconf 90' lang='lat' dir='ltr'><strong>motu</strong></span> <span class='ocrx_word' id='word_1_379' title='bbox 1113 3047 1240 3102; x_wconf 90' lang='lat' dir='ltr'><strong>desumta</strong></span> <span class='ocrx_word' id='word_1_380' title='bbox 1258 3047 1429 3117; x_wconf 90' lang='lat' dir='ltr'><strong>objiciuntur.</strong></span> 
     </span>
     <span class='ocr_line' id='line_1_35' title="bbox 70 3125 1429 3196; baseline -0.006 -8"><span class='ocrx_word' id='word_1_381' title='bbox 70 3133 131 3188; x_wconf 75' lang='lat' dir='ltr'><strong>son</strong></span> <span class='ocrx_word' id='word_1_382' title='bbox 148 3127 222 3184; x_wconf 84' lang='lat' dir='ltr'><strong>enin</strong></span> <span class='ocrx_word' id='word_1_383' title='bbox 240 3144 276 3183; x_wconf 90' lang='lat' dir='ltr'><strong>ex</strong></span> <span class='ocrx_word' id='word_1_384' title='bbox 294 3141 336 3195; x_wconf 92' lang='lat' dir='ltr'><strong>eo,</strong></span> <span class='ocrx_word' id='word_1_385' title='bbox 355 3125 429 3194; x_wconf 89' lang='lat' dir='ltr'><strong>quod</strong></span> <span class='ocrx_word' id='word_1_386' title='bbox 441 3126 503 3181; x_wconf 92' lang='lat' dir='ltr'><strong>loca</strong></span> <span class='ocrx_word' id='word_1_387' title='bbox 520 3132 643 3180; x_wconf 87' lang='lat' dir='ltr'><strong>cometae</strong></span> <span class='ocrx_word' id='word_1_388' title='bbox 660 3125 776 3194; x_wconf 88' lang='lat' dir='ltr'><strong>singulis</strong></span> <span class='ocrx_word' id='word_1_389' title='bbox 794 3126 889 3181; x_wconf 83' lang='lat' dir='ltr'><strong>diebrn</strong></span> <span class='ocrx_word' id='word_1_390' title='bbox 906 3127 1102 3195; x_wconf 90' lang='lat' dir='ltr'><strong>respondentia</strong></span> <span class='ocrx_word' id='word_1_391' title='bbox 1118 3126 1147 3182; x_wconf 92' lang='lat' dir='ltr'><strong>in</strong></span> <span class='ocrx_word' id='word_1_392' title='bbox 1165 3126 1246 3196; x_wconf 91' lang='lat' dir='ltr'><strong>plano</strong></span> <span class='ocrx_word' id='word_1_393' title='bbox 1267 3127 1301 3182; x_wconf 92' lang='lat' dir='ltr'><strong>ad</strong></span> <span class='ocrx_word' id='word_1_394' title='bbox 1320 3127 1429 3183; x_wconf 92' lang='lat' dir='ltr'><strong>modum</strong></span> 
     </span>
     <span class='ocr_line' id='line_1_36' title="bbox 70 3204 1428 3277; baseline -0.002 -13"><span class='ocrx_word' id='word_1_395' title='bbox 70 3207 202 3275; x_wconf 89' lang='lat' dir='ltr'><strong>horologii</strong></span> <span class='ocrx_word' id='word_1_396' title='bbox 224 3205 362 3276; x_wconf 71' lang='lat' dir='ltr'><strong>desumpta</strong></span> <span class='ocrx_word' id='word_1_397' title='bbox 385 3204 413 3259; x_wconf 92' lang='lat' dir='ltr'><strong>in</strong></span> <span class='ocrx_word' id='word_1_398' title='bbox 438 3221 493 3259; x_wconf 91' lang='lat' dir='ltr'><strong>una</strong></span> <span class='ocrx_word' id='word_1_399' title='bbox 515 3211 591 3259; x_wconf 88' lang='lat' dir='ltr'><strong>recta</strong></span> <span class='ocrx_word' id='word_1_400' title='bbox 614 3204 687 3259; x_wconf 85' lang='lat' dir='ltr'><strong>linea</strong></span> <span class='ocrx_word' id='word_1_401' title='bbox 711 3204 893 3277; x_wconf 71' lang='lat' dir='ltr'><strong>reperientur,</strong></span> <span class='ocrx_word' id='word_1_402' title='bbox 917 3211 1021 3259; x_wconf 88' lang='lat' dir='ltr'><strong>motum</strong></span> <span class='ocrx_word' id='word_1_403' title='bbox 1045 3205 1120 3260; x_wconf 91' lang='lat' dir='ltr'><strong>illum</strong></span> <span class='ocrx_word' id='word_1_404' title='bbox 1144 3206 1173 3259; x_wconf 91' lang='lat' dir='ltr'><strong>in</strong></span> <span class='ocrx_word' id='word_1_405' title='bbox 1192 3204 1292 3260; x_wconf 74' lang='lat' dir='ltr'><strong>cuculo</strong></span> <span class='ocrx_word' id='word_1_406' title='bbox 1311 3206 1428 3262; x_wconf 91' lang='lat' dir='ltr'><strong>maximo</strong></span> 
     </span>
     <span class='ocr_line' id='line_1_37' title="bbox 69 3281 1427 3357; baseline -0.002 -14"><span class='ocrx_word' id='word_1_407' title='bbox 69 3290 166 3357; x_wconf 86' lang='lat' dir='ltr'><strong>irrisae,</strong></span> <span class='ocrx_word' id='word_1_408' title='bbox 194 3283 350 3341; x_wconf 84' lang='lat' dir='ltr'><strong>necessario</strong></span> <span class='ocrx_word' id='word_1_409' title='bbox 373 3283 566 3339; x_wconf 82' lang='lat' dir='ltr'><strong>inferebamus.</strong></span> <span class='ocrx_word' id='word_1_410' title='bbox 602 3281 703 3351; x_wconf 88' lang='lat' dir='ltr'><strong>Objicit</strong></span> <span class='ocrx_word' id='word_1_411' title='bbox 727 3290 818 3337; x_wconf 88' lang='lat' dir='ltr'><strong>autem</strong></span> <span class='ocrx_word' id='word_1_412' title='bbox 839 3282 991 3352; x_wconf 87' lang='lat' dir='ltr'><strong>Galilaeus,</strong></span> <span class='ocrx_word' id='word_1_413' title='bbox 1019 3300 1074 3338; x_wconf 93' lang='lat' dir='ltr'><strong>non</strong></span> <span class='ocrx_word' id='word_1_414' title='bbox 1097 3282 1196 3338; x_wconf 90' lang='lat' dir='ltr'><strong>deduci</strong></span> <span class='ocrx_word' id='word_1_415' title='bbox 1218 3283 1246 3337; x_wconf 91' lang='lat' dir='ltr'><strong>id</strong></span> <span class='ocrx_word' id='word_1_416' title='bbox 1263 3286 1427 3355; x_wconf 87' lang='lat' dir='ltr'><strong>necessario,</strong></span> 
     </span>
     <span class='ocr_line' id='line_1_38' title="bbox 70 3360 1427 3437; baseline -0.003 -16"><span class='ocrx_word' id='word_1_417' title='bbox 70 3368 139 3437; x_wconf 88' lang='lat' dir='ltr'><strong>qnia,</strong></span> <span class='ocrx_word' id='word_1_418' title='bbox 155 3365 318 3421; x_wconf 86' lang='lat' dir='ltr'><strong>aiineessus</strong></span> <span class='ocrx_word' id='word_1_419' title='bbox 336 3362 462 3432; x_wconf 90' lang='lat' dir='ltr'><strong>planetae</strong></span> <span class='ocrx_word' id='word_1_420' title='bbox 473 3377 504 3416; x_wconf 90' lang='lat' dir='ltr'><strong>re</strong></span> <span class='ocrx_word' id='word_1_421' title='bbox 523 3376 586 3415; x_wconf 87' lang='lat' dir='ltr'><strong>vera</strong></span> <span class='ocrx_word' id='word_1_422' title='bbox 596 3361 626 3416; x_wconf 93' lang='lat' dir='ltr'><strong>in</strong></span> <span class='ocrx_word' id='word_1_423' title='bbox 644 3361 717 3417; x_wconf 89' lang='lat' dir='ltr'><strong>linea</strong></span> <span class='ocrx_word' id='word_1_424' title='bbox 729 3367 806 3416; x_wconf 87' lang='lat' dir='ltr'><strong>recta</strong></span> <span class='ocrx_word' id='word_1_425' title='bbox 818 3361 923 3431; x_wconf 82' lang='lat' dir='ltr'><strong>fuisset,</strong></span> <span class='ocrx_word' id='word_1_426' title='bbox 944 3362 983 3416; x_wconf 88' lang='lat' dir='ltr'><strong>sic</strong></span> <span class='ocrx_word' id='word_1_427' title='bbox 994 3363 1074 3417; x_wconf 91' lang='lat' dir='ltr'><strong>ctiam</strong></span> <span class='ocrx_word' id='word_1_428' title='bbox 1092 3360 1155 3416; x_wconf 90' lang='lat' dir='ltr'><strong>loca</strong></span> <span class='ocrx_word' id='word_1_429' title='bbox 1167 3361 1252 3430; x_wconf 91' lang='lat' dir='ltr'><strong>ipsius</strong></span> <span class='ocrx_word' id='word_1_430' title='bbox 1271 3360 1427 3417; x_wconf 91' lang='lat' dir='ltr'><strong>admodum</strong></span> 
     </span>
     <span class='ocr_line' id='line_1_39' title="bbox 70 3439 1427 3515; baseline -0.004 -13"><span class='ocrx_word' id='word_1_431' title='bbox 70 3444 203 3515; x_wconf 88' lang='lat' dir='ltr'><strong>horologii</strong></span> <span class='ocrx_word' id='word_1_432' title='bbox 227 3442 368 3512; x_wconf 88' lang='lat' dir='ltr'><strong>descripta</strong></span> <span class='ocrx_word' id='word_1_433' title='bbox 391 3440 491 3498; x_wconf 87' lang='lat' dir='ltr'><strong>lineam</strong></span> <span class='ocrx_word' id='word_1_434' title='bbox 515 3447 617 3496; x_wconf 90' lang='lat' dir='ltr'><strong>rectam</strong></span> <span class='ocrx_word' id='word_1_435' title='bbox 644 3442 865 3510; x_wconf 88' lang='lat' dir='ltr'><strong>constituissent,</strong></span> <span class='ocrx_word' id='word_1_436' title='bbox 893 3458 949 3497; x_wconf 93' lang='lat' dir='ltr'><strong>non</strong></span> <span class='ocrx_word' id='word_1_437' title='bbox 973 3449 1065 3496; x_wconf 87' lang='lat' dir='ltr'><strong>tamen</strong></span> <span class='ocrx_word' id='word_1_438' title='bbox 1088 3439 1188 3494; x_wconf 85' lang='lat' dir='ltr'><strong>inisset</strong></span> <span class='ocrx_word' id='word_1_439' title='bbox 1213 3447 1303 3494; x_wconf 90' lang='lat' dir='ltr'><strong>motus</strong></span> <span class='ocrx_word' id='word_1_440' title='bbox 1327 3440 1373 3495; x_wconf 92' lang='lat' dir='ltr'><strong>hic</strong></span> <span class='ocrx_word' id='word_1_441' title='bbox 1398 3441 1427 3497; x_wconf 92' lang='lat' dir='ltr'><strong>in</strong></span> 
     </span>
     <span class='ocr_line' id='line_1_40' title="bbox 70 3518 1426 3589; baseline -0.004 -9"><span class='ocrx_word' id='word_1_442' title='bbox 70 3523 169 3581; x_wconf 74' lang='lat' dir='ltr'><strong>cuculo</strong></span> <span class='ocrx_word' id='word_1_443' title='bbox 181 3521 310 3577; x_wconf 89' lang='lat' dir='ltr'><strong>maximo.</strong></span> <span class='ocrx_word' id='word_1_444' title='bbox 341 3519 394 3575; x_wconf 88' lang='lat' dir='ltr'><strong>Sed</strong></span> <span class='ocrx_word' id='word_1_445' title='bbox 414 3518 537 3588; x_wconf 82' lang='lat' dir='ltr'><strong>quamvis</strong></span> <span class='ocrx_word' id='word_1_446' title='bbox 555 3519 724 3573; x_wconf 76' lang='lat' dir='ltr'><strong>venusinum</strong></span> <span class='ocrx_word' id='word_1_447' title='bbox 743 3519 786 3586; x_wconf 89' lang='lat' dir='ltr'><strong>sit,</strong></span> <span class='ocrx_word' id='word_1_448' title='bbox 805 3527 907 3574; x_wconf 88' lang='lat' dir='ltr'><strong>motum</strong></span> <span class='ocrx_word' id='word_1_449' title='bbox 926 3521 1007 3576; x_wconf 91' lang='lat' dir='ltr'><strong>etiam</strong></span> <span class='ocrx_word' id='word_1_450' title='bbox 1025 3534 1075 3589; x_wconf 88' lang='lat' dir='ltr'><strong>per</strong></span> <span class='ocrx_word' id='word_1_451' title='bbox 1091 3519 1191 3572; x_wconf 90' lang='lat' dir='ltr'><strong>lineam</strong></span> <span class='ocrx_word' id='word_1_452' title='bbox 1203 3525 1306 3573; x_wconf 88' lang='lat' dir='ltr'><strong>rectam</strong></span> <span class='ocrx_word' id='word_1_453' title='bbox 1319 3534 1426 3588; x_wconf 90' lang='lat' dir='ltr'><strong>reprae-</strong></span> 
     </span>
     <span class='ocr_line' id='line_1_41' title="bbox 69 3597 1426 3669; baseline -0.003 -12"><span class='ocrx_word' id='word_1_454' title='bbox 69 3601 168 3657; x_wconf 83' lang='lat' dir='ltr'><strong>sentari</strong></span> <span class='ocrx_word' id='word_1_455' title='bbox 186 3599 314 3656; x_wconf 87' lang='lat' dir='ltr'><strong>debuisse</strong></span> <span class='ocrx_word' id='word_1_456' title='bbox 332 3608 445 3669; x_wconf 88' lang='lat' dir='ltr'><strong>rectum,</strong></span> <span class='ocrx_word' id='word_1_457' title='bbox 463 3616 524 3655; x_wconf 91' lang='lat' dir='ltr'><strong>cum</strong></span> <span class='ocrx_word' id='word_1_458' title='bbox 537 3604 628 3652; x_wconf 88' lang='lat' dir='ltr'><strong>tamen</strong></span> <span class='ocrx_word' id='word_1_459' title='bbox 640 3597 771 3652; x_wconf 83' lang='lat' dir='ltr'><strong>advorsus</strong></span> <span class='ocrx_word' id='word_1_460' title='bbox 785 3613 831 3652; x_wconf 92' lang='lat' dir='ltr'><strong>eos</strong></span> <span class='ocrx_word' id='word_1_461' title='bbox 843 3597 878 3652; x_wconf 92' lang='lat' dir='ltr'><strong>lis</strong></span> <span class='ocrx_word' id='word_1_462' title='bbox 891 3608 972 3666; x_wconf 87' lang='lat' dir='ltr'><strong>esset,</strong></span> <span class='ocrx_word' id='word_1_463' title='bbox 992 3601 1038 3667; x_wconf 93' lang='lat' dir='ltr'><strong>qui</strong></span> <span class='ocrx_word' id='word_1_464' title='bbox 1051 3599 1092 3653; x_wconf 80' lang='lat' dir='ltr'><strong>vol</strong></span> <span class='ocrx_word' id='word_1_465' title='bbox 1105 3599 1140 3653; x_wconf 89' lang='lat' dir='ltr'><strong>de</strong></span> <span class='ocrx_word' id='word_1_466' title='bbox 1152 3604 1274 3653; x_wconf 88' lang='lat' dir='ltr'><strong>cometae</strong></span> <span class='ocrx_word' id='word_1_467' title='bbox 1286 3607 1363 3654; x_wconf 88' lang='lat' dir='ltr'><strong>motu</strong></span> <span class='ocrx_word' id='word_1_468' title='bbox 1376 3600 1426 3654; x_wconf 90' lang='lat' dir='ltr'><strong>cir·</strong></span> 
     </span>
     <span class='ocr_line' id='line_1_42' title="bbox 70 3677 1427 3748; baseline -0.003 -11"><span class='ocrx_word' id='word_1_469' title='bbox 70 3680 149 3737; x_wconf 82' lang='lat' dir='ltr'><strong>talari</strong></span> <span class='ocrx_word' id='word_1_470' title='bbox 160 3678 233 3735; x_wconf 89' lang='lat' dir='ltr'><strong>nihil</strong></span> <span class='ocrx_word' id='word_1_471' title='bbox 246 3678 415 3748; x_wconf 86' lang='lat' dir='ltr'><strong>ambigerent</strong></span> <span class='ocrx_word' id='word_1_472' title='bbox 427 3677 471 3732; x_wconf 80' lang='lat' dir='ltr'><strong>rel</strong></span> <span class='ocrx_word' id='word_1_473' title='bbox 484 3678 584 3748; x_wconf 89' lang='lat' dir='ltr'><strong>quibus</strong></span> <span class='ocrx_word' id='word_1_474' title='bbox 596 3685 688 3734; x_wconf 90' lang='lat' dir='ltr'><strong>rectus</strong></span> <span class='ocrx_word' id='word_1_475' title='bbox 701 3677 746 3733; x_wconf 92' lang='lat' dir='ltr'><strong>hic</strong></span> <span class='ocrx_word' id='word_1_476' title='bbox 758 3685 849 3732; x_wconf 90' lang='lat' dir='ltr'><strong>motus</strong></span> <span class='ocrx_word' id='word_1_477' title='bbox 861 3693 1001 3746; x_wconf 91' lang='lat' dir='ltr'><strong>nunquam</strong></span> <span class='ocrx_word' id='word_1_478' title='bbox 1019 3678 1140 3733; x_wconf 82' lang='lat' dir='ltr'><strong>venisset</strong></span> <span class='ocrx_word' id='word_1_479' title='bbox 1157 3678 1185 3731; x_wconf 92' lang='lat' dir='ltr'><strong>in</strong></span> <span class='ocrx_word' id='word_1_480' title='bbox 1197 3684 1324 3745; x_wconf 89' lang='lat' dir='ltr'><strong>mentem,</strong></span> <span class='ocrx_word' id='word_1_481' title='bbox 1343 3685 1427 3746; x_wconf 87' lang='lat' dir='ltr'><strong>atquo</strong></span> 
     </span>
     <span class='ocr_line' id='line_1_43' title="bbox 68 3755 1426 3829; baseline -0.001 -15"><span class='ocrx_word' id='word_1_482' title='bbox 68 3758 134 3816; x_wconf 88' lang='lat' dir='ltr'><strong>illud</strong></span> <span class='ocrx_word' id='word_1_483' title='bbox 150 3766 261 3814; x_wconf 85' lang='lat' dir='ltr'><strong>tsntrrm</strong></span> <span class='ocrx_word' id='word_1_484' title='bbox 274 3766 459 3829; x_wconf 86' lang='lat' dir='ltr'><strong>quaereretur,</strong></span> <span class='ocrx_word' id='word_1_485' title='bbox 477 3774 513 3814; x_wconf 90' lang='lat' dir='ltr'><strong>an</strong></span> <span class='ocrx_word' id='word_1_486' title='bbox 531 3765 658 3827; x_wconf 89' lang='lat' dir='ltr'><strong>cometes,</strong></span> <span class='ocrx_word' id='word_1_487' title='bbox 676 3758 723 3827; x_wconf 93' lang='lat' dir='ltr'><strong>qui</strong></span> <span class='ocrx_word' id='word_1_488' title='bbox 741 3759 769 3812; x_wconf 92' lang='lat' dir='ltr'><strong>in</strong></span> <span class='ocrx_word' id='word_1_489' title='bbox 787 3756 880 3811; x_wconf 89' lang='lat' dir='ltr'><strong>orbem</strong></span> <span class='ocrx_word' id='word_1_490' title='bbox 898 3757 943 3826; x_wconf 88' lang='lat' dir='ltr'><strong>agi</strong></span> <span class='ocrx_word' id='word_1_491' title='bbox 957 3755 1128 3822; x_wconf 88' lang='lat' dir='ltr'><strong>credebatur,</strong></span> <span class='ocrx_word' id='word_1_492' title='bbox 1145 3755 1262 3825; x_wconf 74' lang='lat' dir='ltr'><strong>maiores</strong></span> <span class='ocrx_word' id='word_1_493' title='bbox 1281 3773 1316 3810; x_wconf 90' lang='lat' dir='ltr'><strong>an</strong></span> <span class='ocrx_word' id='word_1_494' title='bbox 1334 3757 1426 3826; x_wconf 88' lang='lat' dir='ltr'><strong>potius</strong></span> 
     </span>
     <span class='ocr_line' id='line_1_44' title="bbox 69 3834 1427 3906; baseline -0.004 -11"><span class='ocrx_word' id='word_1_495' title='bbox 69 3840 185 3895; x_wconf 85' lang='lat' dir='ltr'><strong>minores</strong></span> <span class='ocrx_word' id='word_1_496' title='bbox 207 3838 340 3895; x_wconf 87' lang='lat' dir='ltr'><strong>lustraret</strong></span> <span class='ocrx_word' id='word_1_497' title='bbox 362 3837 454 3905; x_wconf 88' lang='lat' dir='ltr'><strong>orbes,</strong></span> <span class='ocrx_word' id='word_1_498' title='bbox 482 3855 536 3893; x_wconf 92' lang='lat' dir='ltr'><strong>non</strong></span> <span class='ocrx_word' id='word_1_499' title='bbox 558 3836 664 3906; x_wconf 89' lang='lat' dir='ltr'><strong>inepte,</strong></span> <span class='ocrx_word' id='word_1_500' title='bbox 691 3835 741 3890; x_wconf 89' lang='lat' dir='ltr'><strong>sed</strong></span> <span class='ocrx_word' id='word_1_501' title='bbox 763 3851 876 3906; x_wconf 89' lang='lat' dir='ltr'><strong>prorsus</strong></span> <span class='ocrx_word' id='word_1_502' title='bbox 894 3835 1050 3891; x_wconf 88' lang='lat' dir='ltr'><strong>necessario</strong></span> <span class='ocrx_word' id='word_1_503' title='bbox 1068 3850 1104 3890; x_wconf 91' lang='lat' dir='ltr'><strong>ex</strong></span> <span class='ocrx_word' id='word_1_504' title='bbox 1122 3842 1197 3889; x_wconf 89' lang='lat' dir='ltr'><strong>motu</strong></span> <span class='ocrx_word' id='word_1_505' title='bbox 1215 3835 1243 3890; x_wconf 92' lang='lat' dir='ltr'><strong>in</strong></span> <span class='ocrx_word' id='word_1_506' title='bbox 1261 3834 1334 3890; x_wconf 88' lang='lat' dir='ltr'><strong>linea</strong></span> <span class='ocrx_word' id='word_1_507' title='bbox 1351 3842 1427 3890; x_wconf 90' lang='lat' dir='ltr'><strong>recta</strong></span> 
     </span>
     <span class='ocr_line' id='line_1_45' title="bbox 10 3914 1426 3989; baseline -0.005 -14"><span class='ocrx_word' id='word_1_508' title='bbox 10 3964 12 3985; x_wconf 89' lang='grc'>,</span> <span class='ocrx_word' id='word_1_509' title='bbox 68 3925 217 3989; x_wconf 82' lang='lat' dir='ltr'><strong>apparente</strong></span> <span class='ocrx_word' id='word_1_510' title='bbox 228 3916 404 3986; x_wconf 80' lang='lat' dir='ltr'><strong>inferebatur,</strong></span> <span class='ocrx_word' id='word_1_511' title='bbox 423 3915 540 3972; x_wconf 87' lang='lat' dir='ltr'><strong>circulus</strong></span> <span class='ocrx_word' id='word_1_512' title='bbox 552 3931 585 3970; x_wconf 88' lang='lat' dir='ltr'><strong>eo</strong></span> <span class='ocrx_word' id='word_1_513' title='bbox 604 3922 679 3971; x_wconf 89' lang='lat' dir='ltr'><strong>motu</strong></span> <span class='ocrx_word' id='word_1_514' title='bbox 698 3915 851 3985; x_wconf 86' lang='lat' dir='ltr'><strong>descriptus</strong></span> <span class='ocrx_word' id='word_1_515' title='bbox 864 3916 997 3970; x_wconf 90' lang='lat' dir='ltr'><strong>maximus</strong></span> <span class='ocrx_word' id='word_1_516' title='bbox 1016 3914 1110 3969; x_wconf 82' lang='lat' dir='ltr'><strong>fuisse.</strong></span> <span class='ocrx_word' id='word_1_517' title='bbox 1141 3914 1228 3968; x_wconf 91' lang='lat' dir='ltr'><strong>Nemo</strong></span> <span class='ocrx_word' id='word_1_518' title='bbox 1246 3915 1318 3969; x_wconf 88' lang='lat' dir='ltr'><strong>enim</strong></span> <span class='ocrx_word' id='word_1_519' title='bbox 1336 3914 1426 3969; x_wconf 90' lang='lat' dir='ltr'><strong>adhuc</strong></span> 
     </span>
     <span class='ocr_line' id='line_1_46' title="bbox 68 3992 1425 4065; baseline -0.002 -13"><span class='ocrx_word' id='word_1_520' title='bbox 68 4009 169 4055; x_wconf 90' lang='lat' dir='ltr'><strong>motum</strong></span> <span class='ocrx_word' id='word_1_521' title='bbox 195 3997 270 4052; x_wconf 89' lang='lat' dir='ltr'><strong>hanc</strong></span> <span class='ocrx_word' id='word_1_522' title='bbox 294 4002 399 4051; x_wconf 88' lang='lat' dir='ltr'><strong>rectum</strong></span> <span class='ocrx_word' id='word_1_523' title='bbox 426 4003 455 4052; x_wconf 92' lang='lat' dir='ltr'><strong>et</strong></span> <span class='ocrx_word' id='word_1_524' title='bbox 480 3994 733 4065; x_wconf 84' lang='lat' dir='ltr'><strong>perpendicularem</strong></span> <span class='ocrx_word' id='word_1_525' title='bbox 760 3995 909 4052; x_wconf 84' lang='lat' dir='ltr'><strong>invexerat.</strong></span> <span class='ocrx_word' id='word_1_526' title='bbox 946 3994 1076 4063; x_wconf 78' lang='lat' dir='ltr'><strong>Quamvis</strong></span> <span class='ocrx_word' id='word_1_527' title='bbox 1102 3994 1173 4048; x_wconf 87' lang='lat' dir='ltr'><strong>enim</strong></span> <span class='ocrx_word' id='word_1_528' title='bbox 1200 3992 1334 4063; x_wconf 86' lang='lat' dir='ltr'><strong>Keplerns</strong></span> <span class='ocrx_word' id='word_1_529' title='bbox 1362 4001 1425 4049; x_wconf 89' lang='lat' dir='ltr'><strong>ante</strong></span> 
     </span>
     <span class='ocr_line' id='line_1_47' title="bbox 68 4072 1424 4145; baseline -0.004 -13"><span class='ocrx_word' id='word_1_530' title='bbox 68 4076 217 4132; x_wconf 80' lang='lat' dir='ltr'><strong>Galilaeum</strong></span> <span class='ocrx_word' id='word_1_531' title='bbox 230 4090 280 4145; x_wconf 89' lang='lat' dir='ltr'><strong>per</strong></span> <span class='ocrx_word' id='word_1_532' title='bbox 297 4073 385 4129; x_wconf 89' lang='lat' dir='ltr'><strong>lineas</strong></span> <span class='ocrx_word' id='word_1_533' title='bbox 396 4080 487 4129; x_wconf 88' lang='lat' dir='ltr'><strong>rectas</strong></span> <span class='ocrx_word' id='word_1_534' title='bbox 507 4072 621 4129; x_wconf 87' lang='lat' dir='ltr'><strong>eundem</strong></span> <span class='ocrx_word' id='word_1_535' title='bbox 634 4081 738 4128; x_wconf 91' lang='lat' dir='ltr'><strong>motum</strong></span> <span class='ocrx_word' id='word_1_536' title='bbox 756 4073 892 4142; x_wconf 86' lang='lat' dir='ltr'><strong>explicare</strong></span> <span class='ocrx_word' id='word_1_537' title='bbox 904 4074 1059 4138; x_wconf 89' lang='lat' dir='ltr'><strong>contendat,</strong></span> <span class='ocrx_word' id='word_1_538' title='bbox 1077 4072 1123 4127; x_wconf 91' lang='lat' dir='ltr'><strong>ille</strong></span> <span class='ocrx_word' id='word_1_539' title='bbox 1138 4080 1230 4128; x_wconf 86' lang='lat' dir='ltr'><strong>tamen</strong></span> <span class='ocrx_word' id='word_1_540' title='bbox 1248 4072 1424 4128; x_wconf 89' lang='lat' dir='ltr'><strong>nihilominus</strong></span> 
     </span>
     <span class='ocr_line' id='line_1_48' title="bbox 68 4150 1424 4226; baseline -0.004 -16"><span class='ocrx_word' id='word_1_541' title='bbox 68 4156 139 4226; x_wconf 81' lang='lat' dir='ltr'><strong>sidit,</strong></span> <span class='ocrx_word' id='word_1_542' title='bbox 157 4153 187 4209; x_wconf 90' lang='lat' dir='ltr'><strong>in</strong></span> <span class='ocrx_word' id='word_1_543' title='bbox 205 4152 302 4223; x_wconf 85' lang='lat' dir='ltr'><strong>quales</strong></span> <span class='ocrx_word' id='word_1_544' title='bbox 321 4168 383 4208; x_wconf 89' lang='lat' dir='ltr'><strong>sese</strong></span> <span class='ocrx_word' id='word_1_545' title='bbox 401 4152 575 4208; x_wconf 83' lang='lat' dir='ltr'><strong>difficultates</strong></span> <span class='ocrx_word' id='word_1_546' title='bbox 594 4153 744 4208; x_wconf 88' lang='lat' dir='ltr'><strong>induceret.</strong></span> <span class='ocrx_word' id='word_1_547' title='bbox 778 4154 869 4220; x_wconf 80' lang='lat' dir='ltr'><strong>Quare</strong></span> <span class='ocrx_word' id='word_1_548' title='bbox 886 4165 975 4218; x_wconf 82' lang='lat' dir='ltr'><strong>neque</strong></span> <span class='ocrx_word' id='word_1_549' title='bbox 993 4150 1027 4204; x_wconf 88' lang='lat' dir='ltr'><strong>ad</strong></span> <span class='ocrx_word' id='word_1_550' title='bbox 1042 4151 1153 4206; x_wconf 89' lang='lat' dir='ltr'><strong>Terram</strong></span> <span class='ocrx_word' id='word_1_551' title='bbox 1172 4150 1424 4220; x_wconf 89' lang='lat' dir='ltr'><strong>perpendicularem</strong></span> 
     </span>
     <span class='ocr_line' id='line_1_49' title="bbox 69 4228 1423 4301; baseline -0.004 -10"><span class='ocrx_word' id='word_1_552' title='bbox 69 4250 125 4291; x_wconf 87' lang='lat' dir='ltr'><strong>esse</strong></span> <span class='ocrx_word' id='word_1_553' title='bbox 143 4233 232 4290; x_wconf 84' lang='lat' dir='ltr'><strong>voluit</strong></span> <span class='ocrx_word' id='word_1_554' title='bbox 248 4238 352 4287; x_wconf 89' lang='lat' dir='ltr'><strong>motum</strong></span> <span class='ocrx_word' id='word_1_555' title='bbox 370 4232 458 4301; x_wconf 86' lang='lat' dir='ltr'><strong>hunc,</strong></span> <span class='ocrx_word' id='word_1_556' title='bbox 482 4230 530 4288; x_wconf 87' lang='lat' dir='ltr'><strong>sad</strong></span> <span class='ocrx_word' id='word_1_557' title='bbox 549 4238 746 4297; x_wconf 83' lang='lat' dir='ltr'><strong>transversum,</strong></span> <span class='ocrx_word' id='word_1_558' title='bbox 770 4246 858 4299; x_wconf 87' lang='lat' dir='ltr'><strong>neque</strong></span> <span class='ocrx_word' id='word_1_559' title='bbox 877 4228 1030 4297; x_wconf 89' lang='lat' dir='ltr'><strong>aequalem,</strong></span> <span class='ocrx_word' id='word_1_560' title='bbox 1053 4232 1100 4286; x_wconf 89' lang='lat' dir='ltr'><strong>sed</strong></span> <span class='ocrx_word' id='word_1_561' title='bbox 1119 4233 1147 4284; x_wconf 92' lang='lat' dir='ltr'><strong>in</strong></span> <span class='ocrx_word' id='word_1_562' title='bbox 1167 4231 1300 4301; x_wconf 89' lang='lat' dir='ltr'><strong>principio</strong></span> <span class='ocrx_word' id='word_1_563' title='bbox 1319 4245 1351 4284; x_wconf 91' lang='lat' dir='ltr'><strong>ac</strong></span> <span class='ocrx_word' id='word_1_564' title='bbox 1368 4228 1423 4285; x_wconf 88' lang='lat' dir='ltr'><strong>flue</strong></span> 
     </span>
     <span class='ocr_line' id='line_1_50' title="bbox 69 4305 1424 4378; baseline -0.004 -9"><span class='ocrx_word' id='word_1_565' title='bbox 69 4314 260 4377; x_wconf 85' lang='lat' dir='ltr'><strong>remissiorem,</strong></span> <span class='ocrx_word' id='word_1_566' title='bbox 285 4309 453 4366; x_wconf 86' lang='lat' dir='ltr'><strong>celerrimum</strong></span> <span class='ocrx_word' id='word_1_567' title='bbox 471 4310 499 4364; x_wconf 92' lang='lat' dir='ltr'><strong>iu</strong></span> <span class='ocrx_word' id='word_1_568' title='bbox 517 4310 620 4372; x_wconf 90' lang='lat' dir='ltr'><strong>medio,</strong></span> <span class='ocrx_word' id='word_1_569' title='bbox 642 4324 760 4377; x_wconf 87' lang='lat' dir='ltr'><strong>eumque</strong></span> <span class='ocrx_word' id='word_1_570' title='bbox 777 4314 919 4378; x_wconf 88' lang='lat' dir='ltr'><strong>praeterea</strong></span> <span class='ocrx_word' id='word_1_571' title='bbox 936 4305 1101 4364; x_wconf 80' lang='lat' dir='ltr'><strong>fulciendum</strong></span> <span class='ocrx_word' id='word_1_572' title='bbox 1120 4310 1221 4364; x_wconf 89' lang='lat' dir='ltr'><strong>Terrae</strong></span> <span class='ocrx_word' id='word_1_573' title='bbox 1239 4308 1327 4377; x_wconf 85' lang='lat' dir='ltr'><strong>ipsius</strong></span> <span class='ocrx_word' id='word_1_574' title='bbox 1347 4314 1424 4363; x_wconf 87' lang='lat' dir='ltr'><strong>motu</strong></span> 
     </span>
     <span class='ocr_line' id='line_1_51' title="bbox 70 4385 1422 4458; baseline -0.006 -10"><span class='ocrx_word' id='word_1_575' title='bbox 70 4390 190 4448; x_wconf 74' lang='lat' dir='ltr'><strong>menan</strong></span> <span class='ocrx_word' id='word_1_576' title='bbox 201 4388 375 4457; x_wconf 83' lang='lat' dir='ltr'><strong>existimarit,</strong></span> <span class='ocrx_word' id='word_1_577' title='bbox 393 4395 425 4443; x_wconf 90' lang='lat' dir='ltr'><strong>ut</strong></span> <span class='ocrx_word' id='word_1_578' title='bbox 437 4389 526 4443; x_wconf 90' lang='lat' dir='ltr'><strong>omnia</strong></span> <span class='ocrx_word' id='word_1_579' title='bbox 544 4396 711 4443; x_wconf 85' lang='lat' dir='ltr'><strong>cometarum</strong></span> <span class='ocrx_word' id='word_1_580' title='bbox 723 4389 911 4458; x_wconf 89' lang='lat' dir='ltr'><strong>phaenomena</strong></span> <span class='ocrx_word' id='word_1_581' title='bbox 923 4385 1082 4455; x_wconf 85' lang='lat' dir='ltr'><strong>explicaret,</strong></span> <span class='ocrx_word' id='word_1_582' title='bbox 1101 4402 1170 4457; x_wconf 88' lang='lat' dir='ltr'><strong>quae</strong></span> <span class='ocrx_word' id='word_1_583' title='bbox 1183 4387 1261 4443; x_wconf 91' lang='lat' dir='ltr'><strong>nobis</strong></span> <span class='ocrx_word' id='word_1_584' title='bbox 1274 4385 1422 4440; x_wconf 85' lang='lat' dir='ltr'><strong>Catholicis</strong></span> 
     </span>
     <span class='ocr_line' id='line_1_52' title="bbox 70 4463 1423 4536; baseline -0.006 -10"><span class='ocrx_word' id='word_1_585' title='bbox 70 4471 140 4526; x_wconf 85' lang='lat' dir='ltr'><strong>nulla</strong></span> <span class='ocrx_word' id='word_1_586' title='bbox 168 4468 277 4524; x_wconf 85' lang='lat' dir='ltr'><strong>ratione</strong></span> <span class='ocrx_word' id='word_1_587' title='bbox 306 4468 509 4536; x_wconf 82' lang='lat' dir='ltr'><strong>permittuntur.</strong></span> <span class='ocrx_word' id='word_1_588' title='bbox 536 4469 590 4536; x_wconf 80' lang='lat' dir='ltr'><strong>(cir.</strong></span> <span class='ocrx_word' id='word_1_589' title='bbox 617 4470 710 4519; x_wconf 91' lang='lat' dir='ltr'><strong>librum</strong></span> <span class='ocrx_word' id='word_1_590' title='bbox 736 4469 838 4532; x_wconf 87' lang='lat' dir='ltr'><strong>Kspleri</strong></span> <span class='ocrx_word' id='word_1_591' title='bbox 865 4476 1009 4534; x_wconf 83' lang='lat' dir='ltr'><strong>sequentem</strong></span> <span class='ocrx_word' id='word_1_592' title='bbox 1036 4471 1082 4517; x_wconf 90' lang='lat' dir='ltr'><strong>sub</strong></span> <span class='ocrx_word' id='word_1_593' title='bbox 1108 4466 1201 4531; x_wconf 84' lang='lat' dir='ltr'><strong>tinem).</strong></span> <span class='ocrx_word' id='word_1_594' title='bbox 1252 4465 1312 4532; x_wconf 81' lang='lat' dir='ltr'><strong>Ego</strong></span> <span class='ocrx_word' id='word_1_595' title='bbox 1340 4463 1423 4532; x_wconf 85' lang='lat' dir='ltr'><strong>igitur</strong></span> 
     </span>
     <span class='ocr_line' id='line_1_53' title="bbox 71 4543 1421 4619; baseline -0.007 -14"><span class='ocrx_word' id='word_1_596' title='bbox 71 4550 222 4619; x_wconf 89' lang='lat' dir='ltr'><strong>opinionem</strong></span> <span class='ocrx_word' id='word_1_597' title='bbox 238 4546 329 4612; x_wconf 90' lang='lat' dir='ltr'><strong>illam,</strong></span> <span class='ocrx_word' id='word_1_598' title='bbox 346 4562 429 4616; x_wconf 89' lang='lat' dir='ltr'><strong>quam</strong></span> <span class='ocrx_word' id='word_1_599' title='bbox 446 4547 491 4617; x_wconf 90' lang='lat' dir='ltr'><strong>pie</strong></span> <span class='ocrx_word' id='word_1_600' title='bbox 509 4562 541 4602; x_wconf 91' lang='lat' dir='ltr'><strong>sc</strong></span> <span class='ocrx_word' id='word_1_601' title='bbox 558 4555 652 4603; x_wconf 89' lang='lat' dir='ltr'><strong>sancte</strong></span> <span class='ocrx_word' id='word_1_602' title='bbox 669 4546 740 4601; x_wconf 88' lang='lat' dir='ltr'><strong>tueri</strong></span> <span class='ocrx_word' id='word_1_603' title='bbox 758 4562 812 4600; x_wconf 91' lang='lat' dir='ltr'><strong>non</strong></span> <span class='ocrx_word' id='word_1_604' title='bbox 830 4545 932 4614; x_wconf 88' lang='lat' dir='ltr'><strong>liceret,</strong></span> <span class='ocrx_word' id='word_1_605' title='bbox 951 4562 1001 4615; x_wconf 93' lang='lat' dir='ltr'><strong>pro</strong></span> <span class='ocrx_word' id='word_1_606' title='bbox 1019 4544 1094 4600; x_wconf 89' lang='lat' dir='ltr'><strong>nulla</strong></span> <span class='ocrx_word' id='word_1_607' title='bbox 1111 4543 1263 4598; x_wconf 89' lang='lat' dir='ltr'><strong>habendam</strong></span> <span class='ocrx_word' id='word_1_608' title='bbox 1282 4543 1421 4598; x_wconf 84' lang='lat' dir='ltr'><strong>duxeram.</strong></span> 
     </span>
    </p>
   </div>
   <div class='ocr_carea' id='block_1_4' title="bbox 72 4620 1421 4858">
    <p class='ocr_par' dir='ltr' id='par_1_5' title="bbox 72 4620 1421 4858">
     <span class='ocr_line' id='line_1_54' title="bbox 72 4620 1420 4695; baseline -0.006 -11"><span class='ocrx_word' id='word_1_609' title='bbox 72 4626 169 4695; x_wconf 73' lang='lat' dir='ltr'><strong>Quodsi</strong></span> <span class='ocrx_word' id='word_1_610' title='bbox 179 4632 279 4695; x_wconf 84' lang='lat' dir='ltr'><strong>postea</strong></span> <span class='ocrx_word' id='word_1_611' title='bbox 289 4625 385 4693; x_wconf 89' lang='lat' dir='ltr'><strong>paucis</strong></span> <span class='ocrx_word' id='word_1_612' title='bbox 396 4625 508 4681; x_wconf 66' lang='lat' dir='ltr'><strong>mutans</strong></span> <span class='ocrx_word' id='word_1_613' title='bbox 517 4631 622 4680; x_wconf 90' lang='lat' dir='ltr'><strong>motum</strong></span> <span class='ocrx_word' id='word_1_614' title='bbox 634 4625 708 4679; x_wconf 91' lang='lat' dir='ltr'><strong>hunc</strong></span> <span class='ocrx_word' id='word_1_615' title='bbox 724 4633 830 4680; x_wconf 90' lang='lat' dir='ltr'><strong>rectum</strong></span> <span class='ocrx_word' id='word_1_616' title='bbox 843 4624 956 4681; x_wconf 89' lang='lat' dir='ltr'><strong>cometis</strong></span> <span class='ocrx_word' id='word_1_617' title='bbox 968 4623 1140 4679; x_wconf 87' lang='lat' dir='ltr'><strong>tribuendum</strong></span> <span class='ocrx_word' id='word_1_618' title='bbox 1154 4622 1260 4692; x_wconf 83' lang='lat' dir='ltr'><strong>putavit</strong></span> <span class='ocrx_word' id='word_1_619' title='bbox 1272 4620 1420 4689; x_wconf 86' lang='lat' dir='ltr'><strong>Galilaeus,</strong></span> 
     </span>
     <span class='ocr_line' id='line_1_55' title="bbox 72 4699 1421 4776; baseline -0.001 -18"><span class='ocrx_word' id='word_1_620' title='bbox 72 4706 97 4760; x_wconf 91' lang='lat' dir='ltr'><strong>id</strong></span> <span class='ocrx_word' id='word_1_621' title='bbox 110 4722 192 4776; x_wconf 82' lang='lat' dir='ltr'><strong>qnam</strong></span> <span class='ocrx_word' id='word_1_622' title='bbox 210 4721 266 4761; x_wconf 90' lang='lat' dir='ltr'><strong>non</strong></span> <span class='ocrx_word' id='word_1_623' title='bbox 283 4712 359 4759; x_wconf 89' lang='lat' dir='ltr'><strong>recte</strong></span> <span class='ocrx_word' id='word_1_624' title='bbox 375 4704 558 4775; x_wconf 87' lang='lat' dir='ltr'><strong>praestiterit,</strong></span> <span class='ocrx_word' id='word_1_625' title='bbox 582 4705 694 4759; x_wconf 80' lang='lat' dir='ltr'><strong>inferius</strong></span> <span class='ocrx_word' id='word_1_626' title='bbox 713 4703 871 4774; x_wconf 86' lang='lat' dir='ltr'><strong>singillatim</strong></span> <span class='ocrx_word' id='word_1_627' title='bbox 890 4703 955 4757; x_wconf 92' lang='lat' dir='ltr'><strong>mihi</strong></span> <span class='ocrx_word' id='word_1_628' title='bbox 974 4703 1171 4759; x_wconf 88' lang='lat' dir='ltr'><strong>ostendendum</strong></span> <span class='ocrx_word' id='word_1_629' title='bbox 1189 4702 1246 4757; x_wconf 90' lang='lat' dir='ltr'><strong>erit.</strong></span> <span class='ocrx_word' id='word_1_630' title='bbox 1281 4699 1421 4769; x_wconf 88' lang='lat' dir='ltr'><strong>Intelligat</strong></span> 
     </span>
     <span class='ocr_line' id='line_1_56' title="bbox 74 4780 1418 4858; baseline -0.006 -15"><span class='ocrx_word' id='word_1_631' title='bbox 74 4788 186 4857; x_wconf 76' lang='lat' dir='ltr'><strong>nterim,</strong></span> <span class='ocrx_word' id='word_1_632' title='bbox 213 4783 283 4844; x_wconf 85' lang='lat' dir='ltr'><strong>nibil</strong></span> <span class='ocrx_word' id='word_1_633' title='bbox 304 4800 356 4845; x_wconf 86' lang='lat' dir='ltr'><strong>nes</strong></span> <span class='ocrx_word' id='word_1_634' title='bbox 379 4790 474 4845; x_wconf 82' lang='lat' dir='ltr'><strong>eontra</strong></span> <span class='ocrx_word' id='word_1_635' title='bbox 497 4783 601 4857; x_wconf 74' lang='lat' dir='ltr'><strong>logiam</strong></span> <span class='ocrx_word' id='word_1_636' title='bbox 624 4791 773 4858; x_wconf 85' lang='lat' dir='ltr'><strong>praecepta</strong></span> <span class='ocrx_word' id='word_1_637' title='bbox 796 4797 941 4857; x_wconf 77' lang='lat' dir='ltr'><strong>peccasm,</strong></span> <span class='ocrx_word' id='word_1_638' title='bbox 969 4781 1033 4841; x_wconf 90' lang='lat' dir='ltr'><strong>dum</strong></span> <span class='ocrx_word' id='word_1_639' title='bbox 1056 4798 1090 4841; x_wconf 84' lang='lat' dir='ltr'><strong>ex</strong></span> <span class='ocrx_word' id='word_1_640' title='bbox 1112 4787 1188 4839; x_wconf 88' lang='lat' dir='ltr'><strong>motu</strong></span> <span class='ocrx_word' id='word_1_641' title='bbox 1210 4780 1238 4838; x_wconf 91' lang='lat' dir='ltr'><strong>in</strong></span> <span class='ocrx_word' id='word_1_642' title='bbox 1255 4780 1327 4837; x_wconf 92' lang='lat' dir='ltr'><strong>linea</strong></span> <span class='ocrx_word' id='word_1_643' title='bbox 1343 4786 1418 4843; x_wconf 77' lang='lat' dir='ltr'><strong>recta</strong></span> 
     </span>
    </p>
   </div>
   <div class='ocr_carea' id='block_1_5' title="bbox 0 0 1646 5520">
    <p class='ocr_par' dir='ltr' id='par_1_6' title="bbox 0 0 1646 5520">
     <span class='ocr_line' id='line_1_57' title="bbox 0 0 1646 5520; baseline 0 3"><span class='ocrx_word' id='word_1_644' title='bbox 0 0 1646 5520; x_wconf 95' lang='lat' dir='ltr'><strong> </strong></span> 
     </span>
    </p>
   </div>
  </div>
 </body>
</html>
