3284 5520
230 338 295 406 772
434 360 437 369 ’
573 336 605 391 lu
624 333 744 391 Sleidami
762 333 861 390 librum
881 334 916 420 da
932 340 1051 404 quatuor
1068 333 1239 392 monarchiis

230 527 283 576 aut
305 512 380 587 ιισξ
403 532 454 592 pro
477 536 534 574 nn.
581 513 628 571 Ad
651 513 765 590 reliqua
787 511 845 570 duo
868 510 1059 588 respondetur
1081 515 1193 590 primo,
1218 513 1371 573 Catonern
1397 511 1589 571 Archilochum

231 603 267 663 de
284 603 471 680 temporibus,
496 600 704 678 Xenophontis
721 602 893 676 aequivoca,
918 598 1135 674 Manethonem,
1155 601 1362 662 Metasthenis
1378 601 1527 660 Beretum
1539 617 1590 658 ems

232 691 371 751 confictos
395 691 432 749 ab
458 690 564 750 Annio.
611 687 708 765 Atque
739 691 757 746 ii
789 696 923 746 auctores
951 687 992 744 nil
1021 690 1062 746 ita
1085 697 1194 748 certum
1218 693 1397 761 continent,
1432 706 1523 764 quam
1547 687 1591 745 hoe

232 786 276 838 est
307 787 433 849 certum,
465 776 605 835 confictos
634 794 698 834 csse
724 775 925 833 verisimiliter.
972 774 1086 833 Deinde
1110 779 1205 852 potuit
1231 777 1366 835 Annium
1392 775 1501 835 Berosi
1523 791 1590 834 crea·

232 874 323 925 torem
348 864 385 922 nd
407 865 464 922 ltoc
486 863 652 939 lingendum
669 861 812 921 adducere
828 879 964 919 numerus
981 861 1102 921 Diodori
1117 873 1146 923 et
1161 864 1264 923 Berosi
1280 874 1313 923 et
1330 864 1498 924 diversitas
1511 865 1592 921 noui-

233 1039 342 1100 Beroao
366 1037 507 1097 Nimrodo
529 1040 599 1096 anmi
625 1042 663 1098 56
687 1044 755 1097 aute
780 1037 892 1096 Belum.

335 1126 379 1184 Ex
408 1126 464 1184 bac
495 1125 742 1193 consideratione,
775 1126 884 1200 primae
914 1124 1099 1182 monarchiae
1122 1123 1410 1200 quomodocumque
1435 1125 1589 1201 inceperint,

234 1213 291 1273 hoc
314 1213 351 1273 ud
375 1216 524 1272 minimum
548 1216 679 1290 capimus
703 1212 853 1281 utilitatis,
884 1211 962 1287 quod
991 1211 1046 1269 hac
1069 1221 1169 1270 nostra
1192 1221 1372 1291 tempestate
1398 1215 1427 1271 si
1454 1212 1590 1271 rideamus

233 1301 376 1374 Turcnnr,
407 1300 578 1371 Moschum,
610 1300 749 1358 Tartarea
772 1309 801 1356 et
824 1300 898 1357 rilios
922 1297 1030 1356 belluni
1055 1298 1220 1358 Christiano
1244 1301 1353 1358 interro
1379 1319 1419 1359 ex
1444 1298 1590 1359 insatiabili

235 1388 397 1467 imperandi
421 1388 550 1458 libidine,
576 1387 734 1445 desinimus
756 1404 932 1461 triagnoperc
956 1387 1062 1457 mirari,
1090 1403 1154 1445 cutm
1178 1387 1345 1462 videamus,
1371 1387 1406 1445 id
1429 1396 1590 1464 perpetuum

234 1494 298 1535 casa
322 1475 473 1535 hominum
495 1478 657 1551 ingenium,
682 1491 776 1549 neque
800 1475 906 1532 nostris
930 1473 1109 1551 temporibus
1131 1476 1202 1531 nori
1225 1474 1297 1550 quid
1322 1473 1474 1534 accidere.
1520 1474 1589 1532 Alias

233 1563 468 1623 muliercularum
492 1573 545 1636 est,
570 1564 693 1639 quaevis
717 1562 806 1619 obvia
828 1561 924 1618 mirari
948 1569 978 1620 et
1001 1563 1098 1635 magni
1122 1561 1248 1638 alicujus
1263 1564 1432 1622 aestimare
1447 1564 1588 1633 momenti;

232 1660 276 1710 est
305 1653 381 1710 euim
411 1658 495 1726 turpe
519 1652 547 1707 in
570 1650 702 1721 bomine,
734 1665 801 1707 cunr
820 1650 929 1706 oriatur
952 1665 987 1707 ex
1011 1650 1165 1724 imperitia.
1211 1649 1287 1707 Nam
1310 1650 1337 1707 si
1362 1667 1447 1722 rem,
1481 1652 1523 1709 uti
1544 1655 1589 1719 est,

232 1737 477 1814 intelligeremus,
500 1754 558 1795 non
582 1740 759 1796 miraremur.
805 1734 881 1793 Turn
903 1741 1002 1794 autam
1024 1735 1101 1794 hunc
1123 1752 1242 1808 morem,
1265 1737 1455 1812 suspiciendi
1479 1737 1588 1813 quaeris

233 1826 332 1898 obuia,
349 1824 488 1902 ‘sequitur
509 1827 675 1883 necessario
700 1825 895 1881 inconstantia
917 1831 946 1882 et
960 1822 1075 1882 levitas.
1113 1821 1188 1881 Nam
1204 1823 1284 1900 quod
1301 1826 1393 1882 nimis
1410 1827 1511 1901 magni
1526 1824 1588 1883 laci-

232 1929 314 1984 mus,
345 1910 375 1970 id
404 1919 455 1970 aui
486 1914 571 1969 nimis
599 1929 737 1986 magnum
765 1918 873 1968 mutum
896 1919 948 1968 ant
970 1927 1098 1969 amorem
1122 1912 1150 1967 in
1175 1912 1260 1969 nohis
1283 1914 1409 1972 excitat
1456 1909 1540 1971 Unde
1559 1909 1588 1969 de

236 1999 361 2058 ducibus
376 1997 599 2075 anonensinm,
624 2001 673 2072 qui
696 2014 773 2056 anuo
798 2000 901 2073 opinor
916 2002 966 2057 84.
992 1997 1029 2056 ad
1051 1997 1217 2056 Romanum
1241 1997 1422 2058 Pontificem
1447 2008 1588 2069 uenerunt¹

232 2085 368 2146 Jesuitae
391 2087 454 2145 sire
477 2104 578 2145 verum
600 2087 663 2144 sive
686 2084 794 2156 suctum,
818 2083 970 2168 pulchrum
994 2094 1092 2143 tamen
1114 2085 1171 2143 lroe
1191 2084 1398 2164 prodiderunt,
1424 2085 1503 2163 qnod
1520 2086 1588 2144 urbis

232 2172 346 2232 Romae
362 2172 514 2252 miracula,
537 2171 678 2242 aedilicia,
703 2174 840 2251 porticus,
864 2171 1004 2244 colossos,
1028 2171 1147 2248 templa,
1168 2180 1291 2244 statuas,
1313 2190 1397 2233 nova
1412 2175 1486 2250 ipsis
1501 2176 1589 2233 omnia

234 2278 288 2319 nec
311 2263 391 2336 prius
415 2263 493 2334 visa,
518 2262 662 2319 constanti
687 2258 769 2318 vultu
794 2262 975 2335 aspexerint,
1005 2260 1047 2319 ita
1069 2269 1102 2319 nt
1124 2276 1219 2336 neque
1242 2260 1439 2319 mirabundus
1462 2260 1586 2331 dixisses,

233 2346 313 2424 qnod
337 2355 416 2407 esset
437 2348 577 2420 levitatis,
600 2364 695 2424 neque
720 2355 883 2406 contemtus
908 2349 936 2404 in
960 2346 1043 2405 vultu
1068 2347 1244 2424 apparuerit,
1268 2345 1348 2421 quod
1371 2348 1587 2424 injuriamcon-

234 2437 339 2494 timeret
362 2443 413 2494 aut
436 2434 687 2494 inhumanitatem.
728 2434 767 2491 At
790 2442 899 2507 contra,
923 2437 945 2491 si
971 2451 1036 2494 curu
1059 2434 1207 2510 aliquibus
1229 2434 1318 2493 bodie
1342 2437 1372 2492 in
1398 2453 1503 2495 mensa
1520 2437 1588 2493 assi·

232 2521 318 2594 deas,
350 2531 410 2581 tam
441 2524 602 2599 exquisitas
633 2520 733 2580 audies
764 2521 899 2598 querelas
928 2521 964 2579 de
989 2520 1107 2580 insolita
1129 2521 1289 2580 Turcarum
1314 2523 1398 2582 rabie
1423 2532 1453 2583 et
1476 2523 1587 2582 libidine

233 2608 417 2681 dominandi,
448 2612 530 2685 quasi
561 2608 632 2666 nihil
656 2626 784 2684 unquam
809 2611 836 2665 in
862 2616 923 2666 toto
946 2608 1054 2667 unrmdo
1077 2610 1181 2668 fuisset
1203 2611 1374 2680 immanius,
1408 2628 1476 2671 cnm
1500 2620 1587 2669 tamem

233 2697 320 2772 longe
341 2697 448 2772 justius
472 2699 537 2773 quis
560 2696 730 2754 Nimrodum
755 2697 830 2754 huno
853 2698 1019 2768 miraretur,
1044 2698 1103 2772 qni,
1128 2698 1246 2754 virente
1269 2704 1299 2755 et
1322 2697 1446 2757 vidente
1468 2700 1586 2774 patriar·

233 2784 288 2844 cha
303 2784 379 2858 Noa,
403 2787 473 2843 vivo
497 2791 571 2842 teste
588 2782 700 2855 diluvii,
724 2783 912 2840 nihilominus
930 2783 1089 2859 cupiditate
1105 2783 1216 2858 gloriae
1232 2792 1322 2858 atque
1339 2785 1493 2845 eminendi
1508 2802 1588 2860 supra

232 2871 360 2947 reliquos
384 2871 484 2930 orbem
507 2879 645 2930 terrarum
669 2869 747 2927 bullo
770 2872 886 2928 surrento
909 2871 1039 2930 turbavit
1056 2871 1261 2947 stragibusque
1277 2871 1428 2946 implerit.
1467 2871 1527 2932 Sed
1541 2888 1587 2930 nec

233 2957 305 3016 illud
329 2957 431 3017 inutile
455 2959 600 3034 cogitatu:
624 2976 690 3016 cum
714 2956 786 3016 haec
809 2960 902 3032 prima
924 2957 1093 3017 monarchia
1112 2964 1192 3017 1300
1217 2967 1295 3016 totos
1320 2976 1419 3019 nnrros
1437 2959 1585 3031 duraverit,

231 3047 334 3121 utique
357 3062 415 3104 non
438 3047 501 3104 sine
525 3044 675 3103 voluntate
692 3045 748 3102 Dei
772 3047 895 3120 primum
915 3048 1076 3119 exstitisse,
1100 3062 1157 3103 non
1173 3044 1291 3125 quidem
1309 3046 1391 3122 quod
1409 3047 1494 3106 Deus
1510 3046 1585 3105 Nim-

231 3131 302 3190 rodo
326 3132 401 3190 banc
425 3133 531 3190 malam
554 3140 680 3190 rncntern
703 3133 943 3208 suppeditaverit,
968 3140 999 3190 ut
1015 3132 1169 3191 eonsilium
1186 3142 1304 3207 caperet
1320 3133 1397 3192 alios
1412 3134 1585 3212 subjugandi

231 3227 261 3278 et
290 3236 343 3294 pro
372 3220 467 3277 lubitu
495 3238 548 3278 suo
574 3220 725 3278 tractandi.
770 3218 851 3277 Nihil
874 3222 950 3278 enim
973 3219 1037 3277 Deo
1061 3222 1287 3295 praemisisset,
1321 3240 1414 3296 quam
1438 3234 1472 3280 ut
1495 3223 1584 3290 homo,

229 3323 285 3364 aua
308 3309 413 3382 imago,
437 3324 508 3366 suae
534 3309 621 3365 etiam
644 3306 786 3365 libertatis
810 3309 970 3381 imaginem
984 3308 1130 3382 quandam
1147 3309 1175 3363 in
1192 3308 1248 3366 huc
1263 3309 1327 3367 vita
1342 3309 1478 3383 haberet,
1504 3320 1584 3384 atque

231 3395 323 3452 instar
345 3394 401 3453 Dei
424 3394 549 3470 alicujus
573 3395 679 3453 nemini
703 3412 804 3470 parere
829 3403 989 3469 cogeretur.
1037 3393 1095 3453 Sed
1120 3412 1186 3453 cum
1209 3404 1286 3454 esset
1310 3398 1338 3452 in
1362 3395 1510 3455 Nimrodo
1532 3398 1585 3471 jam

229 3488 317 3540 auten
341 3488 462 3540 naturae
486 3486 669 3557 corruptione
693 3481 805 3539 iatbaec
827 3499 918 3558 prava
941 3481 1095 3557 cupiditas,
1119 3483 1251 3558 permisit
1273 3480 1315 3538 illi
1333 3482 1428 3554 Deus,
1453 3494 1487 3542 nt
1510 3487 1585 3558 cogi·

230 3575 292 3625 tatu
315 3571 344 3625 in
368 3569 502 3627 ellectum
527 3569 708 3644 produceret,
731 3567 819 3642 idque
842 3577 959 3644 propter
983 3577 1092 3628 certum
1115 3569 1241 3645 aliquem
1266 3569 1388 3629 finem·
1414 3572 1491 3630 Cum
1515 3573 1584 3630 enirn

231 3654 308 3712 idern
332 3672 446 3731 semper
467 3659 505 3713 sit
528 3657 687 3715 humanum
703 3653 869 3730 ingenium,
894 3656 1031 3715 credibile
1046 3665 1098 3729 cst,
1123 3656 1200 3714 idem
1223 3665 1292 3715 tunc
1315 3657 1461 3717 accidisse
1488 3662 1516 3716 in
1541 3659 1585 3715 illu

232 3740 380 3799 hominum
404 3743 560 3801 solitudine
585 3753 613 3802 ct
628 3742 724 3802 soluta
741 3745 801 3802 vita
817 3742 940 3820 legibus,
965 3742 1044 3818 quod
1060 3743 1147 3803 hodie
1164 3747 1191 3800 in
1209 3745 1344 3803 omnibus
1361 3746 1584 3822 rebuapuhlicis,

229 3831 364 3903 quamvis
389 3831 505 3904 optimis
529 3829 644 3906 legibus
668 3832 795 3890 munitae
819 3833 936 3906 optimis
961 3833 1100 3889 institutis
1123 3831 1287 3903 abundent,
1317 3850 1357 3890 sc.
1385 3840 1418 3891 ut
1441 3836 1585 3908 potentior

229 3915 393 3975 inferiorem
418 3919 577 3992 opprimat,
603 3917 666 3992 ejus
689 3919 767 3976 hona
790 3919 896 3994 rapiat,
920 3920 947 3976 ei
969 3918 1086 3979 labores
1111 3918 1253 3994 duplicet,
1278 3921 1340 3994 ipsc
1364 3923 1477 3979 otietur
1502 3930 1584 3994 atque

228 4003 284 4061 soli
313 4005 368 4061 sibi
399 4004 473 4062 benc
504 4004 601 4064 saciat.
649 4006 779 4080 tfunrque
804 4005 887 4063 Noalr
911 4022 963 4065 ceu
989 4005 1095 4064 delirus
1119 4024 1208 4065 senex
1231 4023 1287 4064 non
1313 4006 1484 4082 audiretur,
1516 4024 1583 4083 opus

228 4090 293 4149 Deo
318 4091 371 4148 suit
395 4090 521 4167 quodam
539 4091 679 4150 Nimrodo
703 4093 845 4166 carnifice,
870 4095 919 4168 qui
938 4097 1118 4168 potentiores
1135 4096 1161 4150 in
1179 4102 1258 4152 metu
1275 4098 1451 4168 contineret,
1476 4112 1583 4171 aequa-

228 4176 285 4236 lem
315 4180 443 4237 omnium
472 4179 667 4238 conditionem
698 4187 841 4253 tueretur,
874 4188 963 4255 atque
993 4188 1025 4238 ut
1054 4180 1110 4239 hoc
1140 4190 1226 4256 pacto
1256 4198 1307 4256 per
1331 4183 1397 4256 ejus
1422 4185 1582 4259 imperium,

229 4267 417 4341 quantumvis
434 4267 604 4339 violentum,
629 4267 710 4326 Deus
730 4267 857 4327 humano
873 4270 973 4342 generi
988 4267 1086 4326 multis
1103 4267 1197 4327 modis
1214 4268 1408 4328 benefaceret,
1448 4270 1485 4329 ld
1501 4268 1583 4328 hodie

227 4352 347 4429 prodest
369 4353 557 4429 perpendere,
582 4372 692 4429 nequo,
717 4357 740 4411 si
765 4373 823 4430 qna
847 4354 947 4413 divina
970 4357 1160 4431 permissione
1183 4355 1248 4428 fiat,
1280 4364 1312 4414 ut
1335 4356 1435 4417 'furca
1457 4359 1583 4433 aliquam

227 4438 405 4500 Germaniae
428 4450 540 4517 partem
564 4450 695 4517 occupet,
721 4440 933 4518 desperandum
958 4442 1022 4501 ideo
1046 4444 1140 4516 nobis,
1165 4445 1249 4519 quasi
1273 4443 1345 4501 nihil
1369 4445 1504 4521 optabile
1528 4453 1582 4503 tum

227 4528 256 4585 iu
288 4531 350 4586 rita
372 4529 457 4587 nobis
481 4536 558 4588 essct
581 4530 717 4587 futurum.
763 4528 841 4604 Quid
865 4531 888 4586 si
914 4530 989 4588 enirn
1011 4531 1067 4589 hoo
1090 4530 1160 4589 boni
1183 4529 1250 4588 indo
1275 4542 1525 4607 consequeretur,
1555 4542 1582 4589 ut

226 4614 460 4675 tolerabiliorem·
479 4618 569 4674 vitam
593 4606 726 4676 viverent
748 4618 865 4693 singuli,
889 4634 960 4675 sane
983 4635 1092 4693 magna
1113 4625 1158 4677 est
1177 4616 1360 4694 quorundam
1376 4620 1582 4680 minutulomm

228 4701 410 4760 dominorum
441 4704 597 4763 insolentia
626 4707 654 4762 in
685 4707 820 4763 miseram
848 4703 977 4780 plebem,
1009 4704 1165 4765 multitudo
1189 4722 1258 4764 vero
1283 4707 1492 4782 imperantium
1514 4723 1583 4786 pene

227 4790 361 4865 aequalis
384 4790 519 4851 subditis.
557 4793 602 4852 Ac
620 4791 736 4867 Hercle,
759 4795 810 4851 vix
832 4798 946 4851 tanturn
970 4795 1099 4852 universi
1113 4810 1132 4852 a
1147 4792 1243 4853 Toros
1261 4797 1378 4870 passuri
1398 4798 1467 4874 siut,
1493 4812 1583 4878 quau·

1605 864 1620 905 ἰ
1634 866 1640 917 l

232 971 300 1011 num
323 951 391 1010 Nini
415 950 599 1010 etNimrodi.
639 950 712 1009 Nam
736 949 861 1008 sublatis
888 952 970 1008 1305
994 967 1012 1009 a
1038 952 1120 1010 1360
1143 956 1234 1011 restat
1259 957 1314 1026 55,
1341 960 1372 1012 et
1397 952 1561 1010 tribuuntur
1577 950 1607 1009 ι’
