3284 5520
608 342 746 400 Praefatio
763 341 894 400 Editorir.
1362 340 1426 409 159

66 520 368 584 demonstrationibus
397 521 569 597 deductum,
602 540 676 599 quas
707 522 816 584 idcirco
845 522 1019 583 Adantaeas
1050 522 1152 582 indoti
1184 522 1313 596 ruboris,
1352 539 1427 600 geo-

67 612 211 672 metricae
234 609 416 672 certitudinis
438 611 559 671 vocavit
580 611 669 688 idque
691 629 784 689 genus
806 609 873 669 aliis
895 611 1060 688 praeconiis
1081 618 1110 670 et
1124 611 1324 688 cognomentis
1340 626 1427 670 exor-

67 699 163 758 navit.
203 696 290 760 certe
312 700 337 758 si
359 697 434 759 baec
456 704 555 759 essent
577 700 633 757 viri
655 701 801 773 rationes,
825 715 900 775 quas
922 699 985 775 ipse
1008 696 1171 775 praedicat,
1194 707 1223 758 et
1246 714 1351 758 eruere
1373 714 1428 756 noa

67 786 227 863 oportebat
257 793 387 847 veterem
416 784 576 846 salsitatem
598 794 628 845 st
649 803 759 845 novam
781 787 936 846 veritatem
958 784 1088 846 induere.
1134 785 1244 845 Verum
1266 785 1354 861 louge
1377 802 1427 845 eae

67 873 174 933 abesse
210 889 229 932 a
259 872 518 934 demonstrationis
558 871 726 934 chunctere
760 873 904 947 vidimus,
948 872 1130 949 deceptorias
1164 890 1228 933 esse
1259 888 1427 950 pravaeque

66 958 273 1037 dlspositionis
304 960 499 1039 ignorantiam
528 977 581 1038 pro
609 962 734 1021 scientia
760 959 898 1021 inducere
921 958 1111 1022 ostendimus.
1157 960 1203 1019 Ex
1223 959 1279 1020 huc
1303 976 1427 1020 consen·

65 1058 189 1109 taneum
220 1057 278 1122 est,
309 1050 339 1107 iu
368 1049 490 1124 antiquo
520 1050 620 1124 potius
651 1048 760 1127 placito
789 1064 972 1124 permanere,
1003 1065 1092 1123 quam
1119 1049 1149 1105 in
1176 1047 1290 1107 fallacis
1317 1054 1426 1120 aeetae,

67 1152 143 1212 quac
166 1135 245 1196 lalaa
266 1153 320 1213 pro
344 1136 504 1195 verissimis
528 1134 681 1209 vendidat,
714 1142 812 1212 partes
841 1137 980 1209 transire,
1007 1137 1096 1196 etiam
1119 1137 1145 1194 ai
1166 1135 1248 1195 nulla
1270 1134 1330 1194 alia
1351 1136 1427 1194 ratio

66 1222 189 1283 scholae
217 1224 409 1300 suffragatur,
440 1240 529 1299 quam
558 1222 647 1295 baec,
679 1222 759 1298 quod
786 1222 884 1282 nullas
916 1222 1040 1298 alicujus
1067 1226 1207 1282 momenti
1235 1225 1363 1300 patiatur
1391 1239 1426 1282 ex

69 1308 207 1371 adverso.
253 1310 364 1372 Verum
397 1311 473 1371 enim
504 1325 575 1370 vero
605 1312 694 1370 etiam
723 1326 776 1387 pro
806 1311 928 1386 antiquo
957 1308 1095 1386 dogmate
1122 1309 1265 1370 naturalia
1294 1308 1427 1386 philoso-

68 1397 140 1475 pbia
174 1397 277 1459 valida
309 1407 483 1476 argumenta
518 1398 736 1471 subministrat,
771 1414 848 1474 quse
881 1400 1096 1458 commentariis
1129 1400 1202 1459 meis
1234 1396 1270 1459 de
1304 1399 1426 1457 cometis

67 1502 278 1634 mullinem
300 1572 372 1633 iacit
393 1571 506 1632 edictu:
537 1571 677 1632 Cometae
700 1572 775 1632 inira
796 1570 911 1631 Lunam
933 1581 1019 1650 sunt,
1047 1580 1173 1650 euntque
1195 1574 1323 1633 rationes
1346 1573 1425 1651 opti-

70 1676 121 1720 cas
145 1677 182 1720 ac
203 1662 409 1739 geometricae,
432 1657 563 1719 id·eerto
587 1658 803 1722 concludentes.

175 1783 224 1843 De
245 1784 358 1862 torma,
381 1798 440 1858 qua
461 1780 571 1858 prodiit
592 1781 713 1858 Keplsri
735 1782 979 1860 Hyperaspistea,
1007 1789 1158 1856 notamus,
1190 1781 1313 1843 eandem
1335 1782 1425 1840 inisse

72 1887 133 1946 qua
148 1867 258 1948 Optica
279 1867 433 1945 exsculpta
455 1878 508 1941 est,
532 1885 621 1944 quam
644 1868 744 1929 dicunt
768 1871 864 1946 quarti
885 1869 1015 1928 minoris.
1053 1869 1086 1927 ln
1109 1871 1288 1946 marginibus
1310 1872 1427 1946 signata

70 1966 139 2016 aunt
169 1957 242 2019 lolia
264 1956 456 2017 claramontii
477 1956 685 2033 Antitychonia
710 1967 739 2017 et
760 1959 791 2016 iu
813 1956 870 2016 fine
893 1955 1012 2016 additus
1035 1956 1142 2032 ,iudex
1163 1975 1258 2017 rerum
1281 1974 1426 2017 memore-

69 2045 204 2117 bilium¹‘,
228 2043 307 2121 quod
329 2052 484 2119 utrumque
507 2046 667 2116 omisimus,
691 2051 874 2104 reservantes
899 2042 1024 2104 indicem
1045 2045 1083 2104 ad
1105 2043 1232 2105 indicem
1249 2044 1425 2121 generalem,

70 2148 157 2208 quam
179 2131 324 2191 volumini
348 2139 454 2192 octavo
477 2129 567 2205 bujus
589 2130 727 2190 editionis
750 2130 971 2207 subjungemus.

171 2253 324 2315 Summam
345 2270 442 2314 rerum
465 2251 541 2313 banc
562 2250 708 2331 Keplerus
730 2251 866 2313 exbibet:

146 2366 454 2447 Anti-Tychonis
475 2367 637 2445 partium
661 2373 863 2441 contenta,
887 2364 1095 2445 dispositio
1117 2376 1156 2428 et
1179 2386 1344 2430 eramen.

174 2476 298 2532 Liberi
335 2474 431 2530 Tradit
448 2473 597 2530 doctrinam
615 2474 804 2544 parallaxium.
839 2479 985 2546 (Praeti.)
1058 2522 1061 2528 ,

175 2563 253 2619 Libri
270 2564 306 2619 Π.
325 2579 385 2633 cap.
405 2566 429 2618 1.
449 2563 477 2620 2.
496 2564 522 2618 3.
552 2565 749 2633 Argumentum
767 2563 902 2634 helnonis
919 2565 1036 2635 primurn
1048 2582 1065 2620 a
1076 2566 1178 2622 circulo
1196 2576 1288 2622 motus
1305 2574 1427 2622 cometae

74 2635 201 2690 maximo.
236 2633 269 2689 ld
287 2633 417 2689 dilatatur
433 2648 484 2703 per
501 2633 570 2688 duas
588 2634 694 2702 species
712 2640 802 2689 motus
821 2635 960 2700 coelestis,
983 2644 1012 2692 st
1033 2652 1083 2706 per
1105 2652 1202 2692 causas
1221 2645 1343 2694 motuum
1360 2638 1428 2707 phy·

72 2705 141 2761 sicas
159 2714 190 2759 et
206 2710 281 2759 meta
300 2703 423 2774 byaicas,
440 2719 491 2774 per
508 2703 767 2760 verisimilitudinem
786 2704 954 2774 cognationis
972 2714 1092 2762 motuum
1111 2714 1139 2762 et
1155 2707 1223 2777 loci,
1247 2708 1362 2777 denique
1379 2723 1428 2776 per

73 2774 251 2831 acontias
327 2773 494 2845 oaopborum
512 2780 541 2828 et
557 2773 755 2843 theologorum.

174 2844 242 2914 Cap.
288 2886 295 2899 .
332 2843 545 2899 Considerantur
568 2843 804 2901 Claramoutianae
831 2845 981 2900 solutiones
1007 2845 1090 2914 hujus
1117 2847 1275 2915 argumenti.
1312 2846 1365 2902 Ubi
1390 2862 1425 2900 an

72 2921 258 2984 argumentum
285 2914 484 2983 necessarium,
511 2928 547 2968 an
572 2914 746 2982 trajectioues
773 2915 934 2971 sublunares
960 2916 1172 2971 subordinantur
1190 2917 1291 2971 circulo
1308 2917 1426 2986 magno?

73 2983 271 3042 Ilisn‘mllitudo
289 2984 334 3041 bic
351 2986 422 3039 inter
439 2983 581 3039 missilium
600 2991 628 3038 et
646 2993 768 3040 cometae
786 2987 984 3056 apparentiam.
1018 2988 1062 3041 An
1087 2986 1168 3042 stella
1185 2986 1327 3055 Magorum
1345 2986 1428 3040 faciat

72 3054 247 3112 muniant
270 3059 312 3110 An
333 3062 425 3110 motus
443 3070 478 3108 ex
496 3054 588 3123 aliqua
605 3054 686 3109 stalla
704 3063 732 3110 et
749 3055 937 3111 libramentum
955 3057 1095 3125 gravitatis
1113 3064 1277 3128 componant
1294 3072 1426 3139 apparen-

72 3127 132 3181 tisnr
155 3123 253 3181 circuli
273 3125 404 3180 maximi?
427 3125 472 3179 An
496 3124 573 3180 aidus
595 3124 705 3194 aliquod
723 3126 763 3179 rei
781 3125 923 3182 sublunari
940 3127 1068 3183 conciliet
1083 3135 1189 3183 motum
1206 3126 1426 3183 concentrrcum'l

73 3196 112 3250 ln
129 3194 271 3264 mutas?
294 3196 340 3249 Au
361 3201 468 3251 cometa
490 3196 525 3250 ud
548 3201 671 3249 centrum
694 3195 787 3251 latua?
810 3198 854 3251 An
872 3203 994 3252 cometae
1012 3206 1101 3254 motus
1120 3201 1171 3255 sub
1189 3196 1291 3254 circulo
1309 3198 1427 3253 maximo

73 3264 230 3390 ἰιιιιιιαιίιξ
259 3264 303 3321 An
328 3279 423 3321 omnes
449 3264 571 3322 locorum
597 3271 719 3321 comeus
745 3266 891 3323 dicundae
916 3270 1100 3336 spectaverint
1124 3269 1160 3324 ad
1185 3269 1258 3323 idem
1283 3268 1425 3337 eclipticas

74 3342 201 3404 punctum

170 3405 238 3477 (lap.
263 3405 288 3460 ⁵.
330 3403 485 3461 Secundum
519 3406 561 3474 (in
586 3405 775 3461 numeratione
802 3407 989 3476 claramontii)
1023 3407 1161 3478 Tycbonis
1195 3414 1382 3476 argumentum
1408 3423 1425 3463 a

75 3482 159 3531 motus
186 3474 373 3544 regularitate.
398 3474 478 3531 'Eam
503 3492 565 3532 esse
586 3476 796 3531 constantiorem
821 3492 903 3547 quam
925 3479 954 3532 iu
976 3478 1175 3534 sublunaribus.
1211 3478 1288 3547 Quae
1310 3477 1346 3532 sit
1363 3492 1424 3533 coe·

74 3543 175 3602 lsotlum
193 3551 317 3600 motuum
334 3545 516 3615 regularitas?
541 3546 601 3614 Quo
620 3562 703 3602 sensu
721 3553 827 3603 cometa
843 3547 1084 3618 proportionaliter
1100 3556 1204 3603 motum
1221 3547 1386 3602 diminuerit.

74 3615 241 3741 manditCap.
258 3616 308 3741 {a
320 3615 516 3672 Consideratur
539 3617 671 3672 instantis
689 3624 718 3672 et
735 3617 855 3674 calculm
874 3619 1020 3690 Scipionis,
1045 3618 1118 3674 idem
1136 3617 1277 3690 eclipticas
1293 3626 1425 3690 puuctum

199 3700 261 3741 com
309 3724 317 3740 .
1310 3736 1313 3743 .

171 3755 240 3826 Cap.
257 3757 283 3811 7.
320 3756 440 3811 Tettium
459 3756 597 3826 helnonis
615 3765 804 3826 argumentum
822 3758 997 3815 caeleritate
1015 3767 1105 3817 motus
1123 3766 1257 3830 cornetae,
1280 3767 1312 3815 ut
1328 3758 1425 3830 probs·

75 3822 122 3882 bila
138 3824 292 3895 defensum,
310 3841 365 3881 non
382 3832 414 3880 ut
431 3827 625 3882 necemariunu
765 3832 775 3857 ⁸

74 3967 136 4022 tm·
172 3896 239 3967 cap.
262 3896 288 3952 8.
333 3895 439 3965 Quarta
467 3896 606 3967 Tychonis
633 3897 831 3967 argumentatio
856 3915 874 3954 a
900 3899 1084 3958 concinnitate
1112 3902 1173 3957 viae
1204 3907 1327 3958 cometam
1354 3901 1426 3956 inter

138 3981 197 4023 cos.

109 3983 137 4039 μ
171 4037 238 4106 Cap.
256 4036 284 4093 9.
319 4035 468 4092 Diluuntur
486 4036 673 4094 oblocutiones
692 4037 867 4094 claramontii
885 4047 980 4096 contra
998 4042 1118 4097 munnae
1134 4041 1202 4098 istas
1222 4040 1337 4096 'unctas

174 4107 241 4190 ila.
262 4107 366 4190 10311.
402 4106 503 4233 Qu
521 4114 550 4163 st
567 4107 724 4191 principalia
741 4109 1002 4194 ratiolTyclronis'u·
1014 4111 1140 4195 nullitate
1154 4057 1325 4182 paulianos
1335 4126 1425 4194 come·

71 4183 430 4374 ffianoffie
447 4177 932 4323 nrtlltititltitrlltl,
950 4181 1357 4323 {ilffi‘nfflilfflltl
1375 4196 1426 4322 tt

175 4332 254 4374 ones.

174 4387 304 4459 Gap12.
334 4387 419 4443 Serta
436 4386 507 4444 ratio
525 4380 670 4458 Tycbunls,

75 4454 291 4515 obsmbonum
309 4473 419 4515 suarum
436 4474 499 4513 curu
517 4387 1215 4542 observationibuusadnlildtrzffiminpdrssgrziseolgclrjsrpbat
1232 4407 1266 4447 ex
1280 4390 1425 4448 commone

174 4529 240 4598 Cap.
259 4529 303 4583 13.
337 4527 487 4584 Diluuntur
510 4527 677 4610 objectiones
700 4528 814 4587 frivolae
836 4530 1011 4588 Claramnntii
1034 4539 1129 4588 contra
1151 4533 1353 4589 observationes
1371 4532 1425 4601 Ty·

75 4596 164 4654 ebonis
186 4598 197 4653 i
217 4598 289 4666 aias,
316 4604 413 4654 eontra
429 4597 632 4654 observationes
650 4598 779 4668 aliorum,
806 4607 902 4656 contra
919 4601 1056 4659 fictionem
1075 4602 1211 4673 Tychonis
1230 4612 1258 4657 et
1275 4603 1425 4659 secundum

76 4680 128 4723 eam
242 4675 302 4723 tum
314 4667 448 4725 calculum
459 4667 681 4739 hallucinantem,
699 4668 938 4727 demonstrationis
950 4672 1110 4743 labeculam,
1128 4670 1309 4742 deventurus,
1326 4674 1425 4730 damru

78 4737 107 4795 ad
122 4737 301 4810 principalem
319 4738 577 4796 demonstrationem
593 4740 675 4794 nullo.

176 4809 244 4882 Cap.
262 4809 305 4868 14.
341 4808 462 4881 Septima
479 4808 550 4866 ratio
568 4809 720 4882 Tychonis,
747 4811 794 4869 ubi
812 4810 924 4873 nullitaa
940 4813 1114 4886 parallaxeoa
1130 4814 1263 4887 probatur
1280 4829 1315 4872 ex
1332 4813 1424 4872 obser·
