3284 5520
633 319 688 377 Seu
706 321 742 377 ds
759 320 828 378 Nive
846 319 1003 389 sexangula.
1438 318 1502 389 729
1613 334 1616 341 “

142 496 297 575 templatio
318 498 387 559 cnbi
410 498 458 559 rel
480 496 626 573 octaiidrl,
649 515 746 576 neque
769 498 847 559 ullus
869 505 1019 577 guttarum
1041 505 1203 573 conamus,
1227 497 1405 576 complana
1427 499 1503 559 inci·

144 583 226 659 dant,
250 602 309 645 non
333 594 365 644 nt
387 604 476 664 supra
497 603 562 644 sum
586 589 731 663 opinatus,
755 586 911 648 decussata
932 589 1015 647 trinis
1037 585 1196 648 diametris.

249 672 312 731 Etsi
335 675 423 750 igitur
444 674 594 733 formatrix
617 675 786 736 animabis
808 692 927 752 quoque
949 675 1048 735 locum
1068 692 1153 734 sunm
1180 680 1277 733 tuetur
1299 680 1456 748 manetque
1473 673 1503 729 in

142 777 249 831 musa,
282 759 318 818 de
349 762 491 820 electione
521 767 619 820 tamen
650 762 760 838 figurae
790 765 925 836 quaestio
955 769 998 823 est
1021 761 1255 838 redintegranda.
1300 759 1429 818 Primum
1453 776 1504 819 cur

141 846 255 922 plana?
289 847 438 927 Anquia
459 865 517 908 non
540 856 617 909 recte
640 867 730 926 supra
751 849 848 910 ademi
870 849 960 926 plana
981 850 1194 909 formatricibus
1217 846 1393 924 corporum?
1427 845 1503 906 Nam

142 937 171 992 in
195 935 332 995 omnibus
354 936 474 996 floribus
498 937 573 994 inest
594 936 846 1015 quinquangulum
870 937 1007 1014 planum,
1040 954 1097 995 non
1131 935 1343 995 dodecaddrum
1366 933 1502 993 solidum.

141 1020 228 1082 'l'unc
255 1038 346 1082 caum
373 1022 480 1101 planae
502 1021 613 1098 figurae
637 1041 705 1085 vers
727 1025 801 1085 baec
823 1032 914 1099 asset,
944 1022 1024 1101 quod
1045 1024 1137 1100 frigus
1160 1022 1287 1083 calidum
1311 1037 1450 1098 vaporem
1473 1023 1503 1079 in

141 1108 245 1186 aliqua
266 1109 390 1186 planitie
413 1111 523 1186 tangit,
546 1127 600 1172 nec
622 1113 665 1172 ita
687 1120 780 1172 totum
804 1130 944 1190 saporem
966 1112 1130 1189 aequaliter
1150 1113 1320 1172 circumstat
1341 1126 1407 1170 curn
1429 1108 1504 1169 stel-

141 1196 223 1257 lulae
245 1200 418 1273 gignuntur,
441 1207 473 1258 ut
496 1214 564 1257 cum
584 1201 680 1276 grunni
703 1198 821 1261 cadunt.

249 1284 308 1343 Cur
329 1294 429 1345 autern
452 1287 640 1362 sexangula?
662 1289 710 1346 An
725 1290 796 1364 quia
810 1306 848 1349 ex
862 1288 1045 1363 regularibus
1060 1285 1135 1361 baec
1149 1286 1243 1363 prima
1258 1292 1302 1346 est
1319 1300 1387 1343 sere
1400 1282 1501 1360 plana,

142 1380 171 1430 et
195 1388 272 1447 quae
295 1374 324 1429 in
347 1373 460 1433 nullom
485 1390 591 1450 corpus
612 1391 711 1435 secum
734 1375 911 1451 colligatur?
934 1375 1009 1436 Nam
1025 1375 1166 1449 trigonus,
1190 1381 1370 1449 tetragonus,
1394 1379 1502 1447 penta-

141 1475 238 1533 gonus
261 1477 384 1537 corpora
406 1460 545 1521 efficiunt.
584 1461 631 1520 An
646 1465 718 1538 quia
737 1463 930 1538 sexangulum
946 1464 1047 1522 stemlt
1062 1460 1223 1538 planitiem,
1246 1460 1366 1521 excluso
1383 1457 1503 1517 vacuo?

143 1548 184 1607 At
216 1545 292 1606 idem
315 1548 385 1607 iacit
406 1547 600 1623 triangulum,
631 1550 876 1626 quadrangulum.
922 1550 968 1608 An
992 1550 1062 1626 quia
1084 1551 1216 1627 proxima
1239 1548 1313 1608 lracc
1335 1544 1442 1605 circulo
1467 1563 1503 1606 ex

142 1635 189 1706 iis,
214 1649 289 1710 quae
313 1634 465 1711 planitiem
488 1645 629 1707 sternunt,
654 1637 774 1698 excluso
798 1637 914 1697 vacuo?
938 1638 984 1697 Aa
1003 1638 1061 1697 lroc
1084 1635 1257 1696 discriminis
1281 1637 1354 1693 inter
1375 1630 1503 1692 faculta-

142 1729 203 1780 tem
225 1722 336 1781 sterilia
358 1721 541 1797 figurantem,
567 1732 595 1783 et
618 1723 739 1784 alteram
763 1724 853 1797 illam,
877 1742 953 1801 qnae
977 1723 1122 1785 foecunda
1143 1723 1257 1800 figurat,
1282 1731 1315 1781 ut
1337 1719 1388 1779 illa
1410 1721 1503 1779 bian-

140 1807 215 1884 gula
238 1807 283 1867 sel
306 1811 469 1885 sexangula
492 1810 590 1882 faciat,
613 1811 686 1871 haec
709 1812 956 1889 quinquangula‘l
984 1812 1030 1870 An
1054 1811 1180 1887 denique
1203 1813 1267 1887 ipsa
1289 1809 1377 1885 hujus
1392 1808 1503 1867 forma·

143 1897 226 1954 tricis
248 1903 355 1955 natura
378 1900 406 1954 in
430 1899 531 1956 intirim
554 1900 619 1957 sinu
643 1917 715 1961 suaa
738 1902 883 1960 essentiae
904 1902 1052 1977 particeps
1074 1907 1119 1959 est
1140 1896 1316 1973 sexanguli‘i

251 1982 295 2040 lix
318 1985 448 2060 quinqua
471 1984 605 2046 adductis
628 1988 725 2046 causis
747 1991 857 2064 prima,
880 1987 1010 2047 secunda
1032 1996 1061 2047 et
1085 1988 1170 2045 tertia
1192 1984 1249 2043 boc
1270 1985 1328 2042 sibi
1351 1989 1502 2058 usurpant,

141 2067 315 2130 facultatem
338 2071 533 2132 formatricem
558 2092 573 2132 e
596 2091 627 2133 rs
650 2081 719 2134 nata
743 2074 898 2135 consilinm
921 2092 1025 2151 capere
1049 2082 1078 2134 et
1100 2090 1152 2149 pro
1170 2073 1390 2148 opportunitate
1406 2071 1501 2144 campi

141 2157 239 2214 aciem
263 2159 414 2229 instruere,
437 2169 470 2218 ut
493 2162 563 2234 quia
586 2179 685 2237 pugna
708 2161 794 2220 calidi
818 2164 937 2238 saporis
961 2170 990 2221 st
1011 2160 1107 2237 frigidi
1131 2162 1207 2218 aeris
1223 2162 1253 2216 in
1268 2159 1389 2236 planitie
1404 2157 1504 2214 existit

142 2260 204 2301 non
228 2260 279 2319 per
302 2245 522 2321 corpulentiam,
547 2250 612 2324 ipss
634 2265 752 2324 quoque
775 2248 896 2325 figuram
918 2247 1017 2324 eligat,
1040 2266 1117 2323 quae
1132 2248 1319 2323 planitierum
1334 2251 1379 2304 est
1395 2246 1502 2319 potius,

142 2348 234 2406 quam
258 2348 419 2409 corporum.
457 2334 563 2410 ltaque
586 2345 616 2393 et
637 2336 798 2395 materialis
820 2338 1004 2396 necessitatis
1027 2336 1169 2394 rationem
1192 2333 1313 2392 haberat
1330 2335 1357 2389 in
1373 2329 1504 2389 secunda

142 2427 174 2477 et
205 2419 298 2478 tertia.
344 2420 419 2480 Nam
449 2423 544 2498 prima
575 2439 665 2482 causa
694 2421 758 2481 sola
781 2423 935 2498 sexanguli
959 2425 1135 2498 proprietate
1158 2422 1232 2479 freta
1254 2430 1313 2491 est,
1344 2418 1503 2494 respiciens

143 2504 298 2565 decentem
321 2511 541 2585 congruentiam
564 2507 652 2585 buJus
676 2509 786 2587 figuras
810 2509 847 2569 sd
870 2509 946 2569 hanc
969 2528 1106 2588 pugnarn.
1145 2508 1180 2566 ln
1204 2508 1293 2586 plano
1315 2523 1424 2582 pugna,
1448 2520 1504 2563 ne·

142 2595 273 2653 cessario
303 2595 391 2669 igitur
419 2597 512 2671 ligura
539 2594 643 2672 plana,
674 2608 704 2656 at
730 2615 789 2655 non
813 2599 978 2657 necessario
1002 2598 1095 2674 figura
1117 2595 1199 2667 talis,
1231 2612 1307 2670 quae
1330 2593 1367 2652 ad
1391 2590 1503 2651 nullutn

142 2698 250 2756 corpus
279 2698 378 2741 secum
407 2687 472 2757 ipsa
502 2687 600 2756 cedat,
630 2683 682 2743 sed
711 2683 778 2744 ideo
801 2683 896 2743 solnm
919 2684 1001 2756 talis,
1032 2686 1102 2760 quia
1125 2692 1158 2741 ut
1180 2683 1351 2758 corporibus
1373 2679 1504 2756 physicis

141 2768 254 2843 figurae
269 2771 454 2845 respondent,
478 2789 553 2845 qnae
568 2770 694 2830 solidum
710 2774 858 2844 ambeunt,
881 2775 924 2830 sic
940 2772 1119 2849 planitiebus
1135 2770 1254 2845 figurae,
1278 2786 1355 2844 qnae
1376 2766 1503 2826 solidum

143 2872 202 2915 non
226 2856 375 2930 ambeunt,
398 2857 446 2918 bic
469 2858 604 2918 decentia
627 2859 756 2918 formalis
780 2866 939 2938 spectatur,
961 2876 1020 2918 non
1043 2860 1203 2918 necessitas
1227 2855 1395 2916 materialis.

250 2943 289 3000 At
312 2946 340 3001 in
364 2944 493 3004 secunda
516 2952 546 3005 et
567 2947 654 3006 tertia
675 2946 731 3005 hoc
754 2945 908 3006 dicendum
931 2955 1021 3020 esset,
1051 2947 1225 3005 necessitate
1249 2945 1336 3003 stiam
1360 2940 1503 3001 materiali

143 3028 213 3105 eligi
237 3047 255 3088 a
277 3030 443 3092 formatrice
466 3032 668 3106 sexangulum,
692 3052 728 3092 no
753 3034 822 3109 qnid
846 3034 959 3093 scilicet
973 3034 1154 3108 relinquatur
1171 3048 1305 3105 vacuum,
1329 3038 1358 3090 et
1372 3042 1406 3090 ut
1421 3044 1503 3088 com·

141 3116 260 3176 modius
282 3116 344 3176 fieri
367 3122 461 3194 possit
484 3119 619 3179 collectio
644 3123 762 3195 vaporis
785 3124 813 3178 in
837 3124 914 3179 nivis
938 3122 1166 3180 consistentiam.

252 3204 285 3262 ln
309 3206 417 3265 circulo
442 3208 518 3267 enim
543 3208 776 3266 commodissime
800 3207 891 3281 fieret,
915 3216 946 3267 at
969 3211 1038 3283 qnia
1061 3206 1168 3265 circelli
1192 3222 1287 3263 vacua
1301 3206 1398 3281 spatia
1414 3204 1504 3263 relin-

144 3297 248 3367 quunt,
272 3291 340 3351 ideo
363 3293 461 3352 circuli
486 3294 608 3352 similior
631 3294 747 3370 eligitur
770 3294 872 3369 fignra.
912 3295 1020 3354 Verum
1043 3294 1112 3353 lrrric
1135 3310 1241 3351 crrnsae
1261 3293 1323 3367 jam
1344 3309 1432 3367 supra
1450 3291 1504 3349 fuit

143 3381 282 3453 opposita
312 3382 507 3454 inaequalitas
535 3380 730 3454 stellularum,
763 3400 885 3457 quarum
917 3383 1034 3457 aliquae
1064 3382 1275 3438 rrrirrrrtissinraa
1303 3387 1384 3449 sunt,
1413 3378 1504 3435 radiis

143 3468 233 3524 etiam
257 3467 425 3526 exilissimis
449 3478 478 3525 et
503 3469 695 3543 simplicibus,
719 3472 782 3527 siue
801 3470 886 3528 villis.
927 3469 1012 3543 Quod
1028 3478 1269 3539 esturgnmrmo,
1293 3483 1351 3523 non
1366 3482 1504 3539 inagnum

142 3551 273 3626 aliquam
298 3557 415 3630 vaporis
431 3554 580 3631 planitiem
596 3558 681 3614 simul
700 3560 776 3615 coire
793 3559 820 3612 in
838 3559 943 3625 nivem,
968 3556 1019 3615 sed
1036 3559 1155 3614 seinaim
1172 3552 1398 3629 plmritiurmulas
1415 3554 1502 3609 mini-

143 3657 225 3711 mas,
250 3639 324 3699 alias
346 3649 414 3717 post
437 3642 511 3700 alias
535 3660 644 3718 casque
668 3643 847 3717 irraeqrrales.
892 3644 958 3701 Non
982 3644 1072 3701 babet
1096 3660 1164 3713 cuz-o
1188 3641 1284 3697 locum
1308 3639 1503 3698 consideratio

143 3726 324 3786 exclusionis
349 3731 443 3801 vacui,
469 3747 544 3803 quac
567 3739 671 3805 regirat
694 3737 806 3788 tantum
832 3733 859 3788 in
884 3730 1027 3788 diuisione
1051 3734 1180 3801 integrae
1204 3728 1366 3803 superficiei
1392 3732 1419 3783 iu
1435 3744 1504 3785 sex·

143 3814 255 3887 angula
278 3816 425 3890 aequalia.
466 3816 512 3874 lta
535 3818 592 3889 fiet,
617 3826 650 3874 ut
672 3818 802 3875 secunda
825 3829 854 3876 ct
877 3820 962 3876 tertia
985 3835 1075 3877 carrea
1093 3836 1108 3873 a
1126 3833 1244 3873 nrrrncrc
1264 3814 1386 3873 deleant·
1402 3832 1422 3881 r,
1448 3816 1504 3871 nisi

145 3910 293 3976 quatenus
316 3903 353 3960 ad
377 3905 498 3979 primam
522 3903 613 3973 redigi
638 3916 775 3979 possunt,
808 3914 840 3961 ut
864 3905 1011 3962 forrnatrix
1039 3906 1164 3963 facultas
1187 3900 1378 3977 scrarrrgnlum
1404 3899 1503 3970 eligat,

143 3988 227 4047 nulla
250 3992 389 4048 materiae
405 3993 625 4066 spatiorumque
641 3994 814 4050 necessitate
832 4003 943 4063 coacta,
968 3992 1021 4050 sed
1035 3991 1129 4049 solum
1147 3992 1281 4048 cloccaria
1297 3989 1352 4046 lrae
1369 3990 1502 4061 inritata,
1575 4036 1579 4047 .

143 4075 224 4151 quod
253 4075 327 4134 alias
358 4078 549 4147 sexangulum
579 4087 672 4137 struat
700 4080 850 4155 planitiem
879 4078 997 4138 excluso
1021 4080 1236 4152 incussitque
1260 4084 1310 4141 tex
1334 4078 1369 4133 iis
1392 4076 1503 4148 liguris,

143 4179 221 4239 quae
245 4162 321 4222 idem
345 4166 482 4240 possunt)
505 4165 604 4224 circuli
627 4166 784 4224 simillima

251 4249 363 4324 Quarta
390 4251 507 4326 quidem
531 4269 620 4310 causa
642 4255 684 4311 sic
707 4252 787 4310 nuda
809 4252 968 4311 consistere
991 4252 1101 4325 nequit.
1147 4250 1221 4307 Nam
1246 4249 1314 4308 alba
1336 4247 1399 4305 lilia
1421 4250 1503 4306 trinis
1615 4270 1626 4293 ·

144 4339 283 4412 senisque
306 4338 472 4413 effigiantur
497 4338 582 4409 foliis,
607 4348 635 4397 et
651 4338 762 4398 sterilia
777 4356 834 4396 non
853 4348 929 4408 sunt,
954 4338 1056 4397 eodem
1073 4337 1162 4396 ruodo
1177 4336 1260 4394 multi
1277 4335 1384 4394 calices
1399 4335 1503 4393 florum

142 4425 204 4483 fere
228 4425 417 4484 silvestrium.
464 4425 527 4483 Nisi
550 4426 623 4485 forte
647 4427 703 4485 hoc
727 4425 900 4485 discriminis
923 4428 973 4496 sit,
1010 4425 1088 4499 quod
1112 4426 1221 4483 fructus
1244 4424 1298 4481 snb
1321 4423 1391 4481 flore
1415 4424 1503 4497 quin-

144 4511 297 4587 quangnlo
321 4515 467 4572 enascitur
490 4529 638 4585 carnosus,
662 4516 744 4571 utin
769 4515 863 4590 pomis
887 4515 1034 4588 pyrisque,
1058 4521 1109 4570 ant
1134 4512 1303 4589 palpamus,
1328 4518 1359 4566 ut
1382 4511 1410 4565 in
1426 4526 1502 4582 rosa,

134 4600 361 4672 cucumeribus,
393 4600 554 4659 seminibus
582 4602 657 4658 intra
681 4617 796 4660 earnem
821 4599 868 4660 vel
891 4599 1013 4675 pulpam
1035 4599 1153 4658 abditis.
1201 4599 1241 4656 At
1264 4598 1318 4657 snb
1343 4597 1412 4655 flore
1434 4613 1502 4654 ssx-

143 4685 254 4760 angulo
277 4685 317 4743 nil
341 4689 495 4760 enascitur,
519 4689 575 4746 nisi
598 4704 696 4746 semen
721 4691 750 4745 in
774 4690 852 4747 sicco
876 4687 983 4758 loculo,
1008 4695 1111 4763 estque
1136 4684 1268 4744 velutin
1292 4684 1362 4743 flore
1381 4683 1501 4746 fructus.

143 4774 206 4834 bot
228 4780 273 4833 cst
295 4773 352 4835 boc
373 4774 448 4835 forte
471 4774 634 4851 discrimen,
657 4774 737 4855 quod
759 4774 857 4835 nuilus
879 4775 934 4834 iios
957 4773 1135 4853 sexangulas
1158 4774 1188 4831 in
1204 4772 1358 4834 arboribus
1373 4778 1402 4832 et
1416 4771 1502 4830 fruti·
