3284 5520
206 318 272 386 410
532 318 697 377 ananum
715 318 853 392 suanm
869 319 1026 390 amana
1058 318 1147 389 capua
1163 316 1188 379 a
1203 314 1244 374 ιι.

205 499 425 573 sexagenariae,
451 505 482 557 ut
504 500 533 558 in
556 498 664 560 tabulis
686 506 845 561 ceterorum
869 506 1028 567 auctorum,
1053 499 1091 559 ud
1106 498 1201 557 miuus
1215 498 1245 555 in
1262 494 1378 557 duabus
1391 495 1565 575 speciebus
1612 534 1621 565 ,

205 586 362 661 primorum
386 585 497 645 scilicet
519 592 549 645 et
569 585 778 662 secundorum,
810 605 884 665 quos
914 603 1049 646 numeros
1070 585 1221 662 logisticos
1243 585 1274 643 in
1295 591 1411 644 matum
1431 584 1632 643 inserto-

205 670 375 749 plerumqus
404 675 541 750 insignivi
564 676 626 732 suis
648 675 783 752 apicibus
804 692 857 735 sau
879 676 986 752 speciei
1009 671 1162 734 indicibus.
1207 670 1310 732 Solum
1333 670 1489 731 dinanum
1511 687 1542 730 es
1590 678 1640 731 -ιῑ

204 759 234 817 in
258 758 429 820 collectione
452 764 638 836 integrorum,
663 760 743 838 quod
765 761 813 822 hio
835 779 893 822 non
916 762 1069 836 sexaginta
1091 767 1187 839 partes
1208 760 1341 835 integrao
1364 756 1415 818 vel
1436 756 1544 835 gradm
1618 805 1629 808 -

203 847 261 905 nisi
283 863 358 920 raro,
381 846 557 923 colliguntur
579 849 608 906 in
634 865 721 907 unam
735 866 922 924 sexagenum,
947 848 999 907 sed
1014 848 1134 923 triginta
1148 848 1176 905 in
1193 863 1282 906 unum
1297 848 1415 923 siguum
1430 842 1636 906 aoduufl

204 931 356 1010 quodque,
386 934 437 995 ubi
467 937 629 994 numeratio
657 951 716 994 non
745 938 846 1013 incipit
868 953 934 995 cum
957 934 1093 1007 aodiaco,
1124 933 1295 1010 plerumque
1317 933 1394 993 serie
1416 932 1551 991 contin
1635 966 1636 969 =

204 1037 391 1080 numeramus
420 1021 458 1080 ab
490 1038 547 1081 uno
574 1023 687 1097 integro
717 1040 808 1098 usque
836 1022 874 1083 ad
900 1020 976 1083 180⁰
997 1019 1184 1094 semicirculi,
1216 1018 1324 1080 velud
1348 1015 1525 1080 eso⁰tute
1584 1064 1630 1081 ⁴.

205 1106 322 1179 circuli,
352 1110 416 1167 sins
440 1107 611 1168 collectione
634 1111 811 1185 integrorum
834 1112 864 1168 in
887 1111 973 1187 signa
995 1108 1042 1169 vel
1064 1124 1235 1185 sexagenas.
1281 1106 1382 1166 (lausa
1403 1104 1496 1182 huius
1517 1116 1639 1171 rc=i

204 1202 261 1264 ast,
292 1197 362 1270 quia
384 1194 537 1270 longarum
560 1205 589 1255 et
611 1195 772 1256 difficilium
796 1196 1071 1274 multiplicationum
1094 1203 1123 1255 at
1145 1195 1323 1254 divisionum
1344 1192 1634 1272 legittimum,

204 1297 280 1358 quae
313 1280 513 1342 collectionem
545 1285 574 1340 in
603 1301 765 1359 sexagenas
787 1286 953 1361 requirunt,
986 1300 1057 1343 usus
1087 1281 1195 1343 tabulis
1221 1281 1284 1359 Jam
1316 1279 1462 1341 conlemis
1484 1298 1539 1357 peu
1617 1302 1630 1344 e

203 1367 301 1427 nullus
333 1376 378 1428 est
408 1369 534 1446 amplius
557 1373 713 1447 omniaque
736 1370 822 1447 longe
845 1370 975 1443 facilius,
1003 1373 1028 1429 si
1052 1370 1100 1430 vel
1122 1386 1231 1447 pamm*
1247 1375 1358 1429 attento
1383 1368 1487 1427 animo
1509 1369 1626 1439 εἰΞ,

204 1473 255 1534 per
277 1454 451 1516 divisionem
474 1456 587 1516 zodiaci
612 1459 748 1517 usitatam
772 1461 800 1517 in
823 1460 910 1535 signa
932 1457 1085 1517 duodecim
1108 1455 1302 1534 perficiuntur.

308 1543 343 1601 In
366 1544 444 1603 bunc
467 1560 551 1603 usum
574 1544 662 1604 etiam
683 1545 812 1623 epochae
834 1563 887 1606 seu
910 1544 1024 1605 radices
1046 1552 1193 1618 motuum,
1216 1550 1330 1605 retento
1351 1558 1446 1616 more,
1471 1557 1622 1618 quem

203 1629 337 1691 Braheus
359 1632 388 1689 in
404 1630 696 1709 Progymnasmatom
720 1639 798 1691 tomo
815 1632 839 1691 Ι.
863 1634 956 1691 tenuit
977 1636 1041 1704 (per
1059 1632 1182 1702 smgnlos
1197 1630 1240 1689 rel
1256 1630 1425 1689 millenarios
1438 1630 1486 1687 vel
1497 1646 1622 1686 cerza-

203 1712 323 1768 tenarios
341 1729 473 1767 annorum
491 1711 589 1768 aetatis
608 1712 759 1768 mundanae
778 1713 915 1775 incedunt,
934 1721 1023 1768 motus
1042 1727 1104 1766 vero
1122 1710 1204 1765 medii
1221 1726 1272 1781 per
1287 1710 1387 1779 integri
1405 1705 1622 1764 centenas-ji

205 1815 291 1855 annos
317 1801 416 1868 singuli
442 1800 628 1870 explicantur,
654 1815 688 1855 ne
711 1800 814 1855 multae
839 1800 894 1855 siut
917 1799 1005 1855 lineus
1027 1799 1055 1854 in
1073 1798 1310 1868 collectionibus),
1340 1796 1437 1871 siguis
1460 1794 1621 1871 exprf·

204 1890 321 1941 mantue
342 1899 400 1940 non
423 1881 552 1959 physicis
575 1878 625 1963 (ut
638 1882 688 1941 alii
703 1900 865 1960 sexagenas
881 1878 1013 1964 vocant),
1036 1881 1089 1941 sed
1106 1874 1279 1957 'usualibus3
1302 1881 1439 1942 similiter
1461 1888 1622 1942 motta-r

204 1967 303 2028 medii.
342 1967 453 2028 Eodem
477 1976 507 2029 et
527 1969 585 2029 hoo
607 1971 739 2051 pertinet,
763 1968 842 2047 quod
864 1969 931 2030 loca
953 1971 982 2027 in
1005 1968 1127 2031 zodiaco
1149 1985 1347 2046 apogaeorum
1370 1976 1400 2029 ot
1422 1967 1622 2045 ephebe:

205 2073 268 2114 runt
298 2058 425 2132 itemque
452 2054 594 2116 nodorum
624 2060 752 2133 quinqua
782 2057 964 2134 planetarum
993 2063 1111 2135 propter
1132 2062 1229 2115 motus
1252 2072 1350 2117 eorum
1374 2054 1623 2115 tardissime]

204 2159 262 2201 non
286 2145 414 2201 numeris
436 2143 584 2219 signorum
608 2144 646 2202 ab
670 2145 751 2202 initio
774 2144 886 2204 zodiaci
910 2143 1128 2221 completorum,
1151 2142 1204 2202 sed
1226 2142 1394 2203 charactere
1416 2143 1508 2218 signi,
1530 2138 1622 2198 3¹1

205 2246 264 2306 quo
288 2239 420 2290 versatur
439 2246 538 2289 eorum
554 2230 685 2306 quilibet,
709 2233 869 2306 signantur,
893 2233 947 2290 etsi
963 2229 1081 2307 gradus,
1104 2229 1242 2308 scrupula
1256 2237 1285 2289 et
1301 2226 1433 2290 secunda
1449 2228 1532 2289 intell
1557 2220 1623 2276 “3-

203 2325 311 2394 guntur
334 2316 488 2393 completa.
534 2315 649 2377 Similia
672 2316 708 2377 de
730 2317 809 2377 boris
832 2328 900 2377 sunt
923 2316 1059 2391 dicenda,
1083 2333 1206 2392 quarum
1228 2318 1283 2376 etsi
1305 2316 1460 2394 quaelibet
1483 2311 1623 2375 varai

207 2411 246 2464 60
268 2405 399 2477 minuta,
431 2404 574 2463 minutum
599 2410 638 2464 60
662 2402 791 2464 secunda
812 2413 867 2465 eta
896 2420 954 2465 non
985 2413 1082 2464 tamen
1107 2402 1170 2480 lam
1197 2405 1285 2464 etiam
1309 2401 1365 2463 60⁰
1393 2402 1489 2463 horae
1510 2408 1622 2482 pto

204 2508 264 2551 una
285 2508 433 2567 sexagena
455 2490 614 2563 hahentur,
645 2491 698 2551 sed
722 2488 778 2550 24⁰
799 2509 850 2569 pro
876 2509 933 2551 una
956 2491 1003 2552 dis
1026 2489 1160 2551 naturali.
1205 2490 1251 2551 De
1274 2490 1395 2567 reliquls
1416 2496 1544 2568 tempor
1557 2480 1620 2539 “1‘-

204 2578 275 2652 bus,
298 2585 331 2637 ut
352 2587 422 2637 sunt
444 2576 521 2653 dies,
546 2595 674 2654 menses,
698 2580 780 2652 anni,
804 2579 969 2639 necessaria
992 2588 1037 2638 est
1059 2580 1219 2652 annotatio,
1243 2580 1426 2639 currentiasc
1449 2577 1535 2639 intell
1555 2568 1617 2627 ἲ·

203 2672 311 2743 gantur
333 2683 370 2724 an
394 2664 549 2742 completa.

309 2751 456 2830 Superest,
481 2760 514 2810 ut
536 2753 625 2812 etiam
648 2749 684 2810 de
707 2750 903 2826 Logarithmis
927 2750 1031 2825 dicam
1055 2752 1105 2828 qui
1127 2752 1238 2829 passim
1260 2750 1288 2808 in
1311 2749 1431 2811 tabulas
1457 2751 1610 2830 plane·

206 2846 301 2899 tarum
323 2848 391 2899 sunt
413 2841 523 2899 inserti.
561 2837 733 2898 Scribuntur
755 2840 843 2914 igitur
867 2848 897 2898 et
917 2838 949 2898 hi
971 2856 1029 2898 noo
1050 2854 1136 2899 secem
1157 2847 1246 2915 atqua
1267 2835 1454 2916 planetarum
1472 2841 1605 2898 inter·

205 2926 285 2986 valla
307 2926 464 3002 figurarum
489 2924 591 2985 ordine
614 2928 760 2999 continuo,
784 2943 841 2984 non
866 2928 1059 3002 interpuncto,
1082 2942 1147 2985 cum
1168 2928 1198 2983 in
1213 2942 1268 2985 usu
1282 2932 1449 3001 vomantur,
1474 2925 1564 3003 idus:
1577 2930 1601 2973 θ

204 3013 364 3074 secundnm
386 3011 625 3072 consuetudinem
649 3014 775 3072 usitatas
798 3023 828 3072 et
849 3012 990 3091 simplicis
1012 3011 1222 3073 arithmeticae.
1260 3011 1326 3072 Hoc
1346 3020 1452 3074 tamen
1472 3026 1597 3090 pecu·

204 3100 277 3160 liare
300 3100 423 3173 lrabeat,
447 3100 526 3174 quod
551 3116 651 3159 eorum
673 3098 723 3158 alii
746 3102 866 3177 positivi
888 3107 970 3173 sunt,
1001 3100 1051 3160 alii
1074 3101 1227 3177 privativi3
1250 3100 1369 3175 positivi
1392 3100 1428 3173 ii,
1454 3101 1594 3177 quibus

206 3187 254 3247 val
278 3187 390 3246 nullum
413 3188 528 3261 signum
552 3195 597 3246 est
619 3185 760 3261 additum,
785 3186 831 3247 vel
856 3187 975 3264 praefigi
995 3186 1081 3247 debet
1095 3187 1151 3246 hoc
1167 3187 1225 3264 -Η
1248 3187 1388 3263 privativi
1404 3204 1491 3260 vero,
1514 3178 1590 3264 qui

205 3273 364 3352 praefixum
386 3273 496 3334 habere
518 3273 626 3334 debent
648 3275 762 3350 signum
785 3275 841 3334 hoc
856 3307 908 3334 -.
953 3274 1038 3334 Haec
1063 3275 1148 3349 signa
1169 3273 1341 3348 plerumque
1363 3280 1437 3333 sont
1458 3288 1591 3353 super⁶

205 3364 302 3439 posita
325 3362 483 3433 columnis,
516 3363 545 3418 in
577 3361 682 3436 qrribus
705 3362 804 3420 inserti
827 3369 895 3420 sunt
918 3360 1107 3436 bogaritbml.
1153 3357 1193 3420 Ut
1215 3369 1312 3421 autem
1336 3367 1420 3420 tauto
1446 3361 1591 3422 reditus

205 3448 414 3526 Logarithmus
441 3466 460 3506 a
487 3463 607 3507 numero
639 3446 775 3506 absoluto
806 3446 1046 3524 distingueretur,
1077 3449 1177 3507 curavi
1208 3446 1417 3524 Logarithmos
1451 3461 1591 3509 omues,

205 3544 283 3607 tunc,
307 3535 424 3611 quando
447 3536 605 3594 miscentur
620 3533 763 3593 absolutis
780 3537 905 3595 numeris
921 3537 949 3593 in
966 3534 1067 3594 eadem
1084 3533 1247 3608 columella,
1270 3535 1393 3612 exprimi
1407 3534 1596 3597 charact&

204 3622 285 3681 ribus
315 3621 494 3681 minusculis.
541 3618 867 3695 Mesologaritbmorum
897 3625 1061 3700 scriptionis
1089 3623 1163 3681 ratio
1193 3630 1238 3682 est
1265 3621 1383 3696 eadem,
1417 3630 1599 3699 quantum

205 3725 304 3769 eorum
327 3710 418 3767 servit
440 3706 645 3766 latitudinibus
668 3707 859 3785 planetarum.

309 3796 355 3856 De
378 3794 620 3870 legarithmorum
643 3794 859 3872 lreptacosiadis
880 3795 974 3873 daque
988 3795 1289 3873 antilogaritbmorum
1303 3789 1428 3877 (quibus
1444 3797 1610 3870 truidcss¹

206 3899 280 3960 opus
309 3883 451 3942 babemus
479 3883 509 3938 in
532 3882 702 3959 eclipsibus)
726 3884 957 3961 interpunctione
980 3887 1066 3943 unica
1089 3882 1303 3942 admonitiones
1325 3894 1491 3960 sequentur
1513 3898 1615 3943 ιε’

204 3972 265 4046 pite
283 3973 332 4043 ll,
356 3968 392 4029 da
416 3972 617 4028 numeratione
633 3987 702 4029 vero
717 3971 917 4047 scrupulorum
933 3973 961 4028 in
977 3972 1036 4031 tab.
1053 3972 1153 4047 anguli
1169 3971 1288 4030 orientis
1301 3984 1355 4048 per
1370 3980 1473 4049 partes
1490 3964 1618 4032 assis

206 4058 300 4135 capilo
326 4064 375 4118 ll.
407 4062 473 4130 (cn.
492 4065 544 4115 vol.
563 4064 607 4116 v1.
626 4080 654 4129 p.
674 4066 724 4116 677
744 4064 799 4127 ss).

777 4242 915 4310 CAPUT
942 4243 983 4308 II.

248 4364 298 4422 De
320 4363 495 4422 additione
520 4366 556 4422 et
576 4364 1054 4520 subtractiongssntpmerorum
1078 4367 1146 4421 tam
1169 4363 1388 4435 simplicium,
1411 4379 1519 4439 quam

757 4453 792 4509 lo
876 4463 1007 4507 cortem.

293 4587 527 4664 Praeceptum
542 4590 567 4646 l.
591 4585 647 4645 His
663 4588 704 4646 ita
720 4587 904 4660 habentibus,
921 4589 1053 4663 sequitur
1068 4596 1099 4647 ut
1111 4587 1278 4660 calculator,
1295 4590 1344 4664 qui
1355 4588 1470 4650 tubulis
1481 4589 1602 4650 hisce

207 4674 271 4733 vult
285 4677 337 4748 uti,
353 4677 468 4735 noverit
483 4674 590 4735 addere
606 4682 635 4733 et
649 4675 819 4735 subtrahere
834 4676 863 4731 in
879 4676 1006 4735 numeris
1022 4678 1145 4752 primum
1156 4675 1308 4741 absolutis,
1325 4675 1432 4736 deinde
1443 4678 1592 4755 attigu‘

206 4763 277 4820 ratis
288 4779 340 4821 sau
351 4760 504 4841 logisticis.
541 4761 579 4821 Et
595 4763 624 4820 in
640 4760 790 4826 additions
806 4760 923 4838 quidem
937 4762 1126 4840 figuratorum
1140 4780 1192 4842 pro
1202 4763 1305 4823 harum
1316 4763 1488 4826 tabularum
1498 4757 1581 4826 usi*
