3284 5520
335 347 338 355 ·
434 327 476 385 ad
493 326 659 399 libramini.
678 329 893 402 Anti-Tychonls
911 345 972 403 cap.
992 333 1036 388 17.
1358 331 1423 402 249

71 501 134 563 illas
156 500 278 582 lougius
300 502 441 567 deductas
463 523 515 585 per
536 508 682 571 calculum
703 510 851 588 etiamque
867 510 1040 569 incuriosius
1062 507 1115 583 (ob
1138 506 1251 569 nullum
1274 511 1302 567 in
1325 509 1427 585 paral-

73 591 187 651 laxibus
209 593 349 653 rimandis
371 596 469 673 mum)
493 606 678 675 computatas
702 598 901 675 longitudines
923 603 952 656 et
973 596 1160 669 latitudines,
1183 613 1260 673 quae
1282 596 1338 657 hac
1360 599 1425 658 vica

72 685 137 737 suut
160 682 297 741 amissae
334 679 453 742 Gaudet
475 685 552 743 euim
574 689 689 763 maguis
712 703 812 747 earum
836 685 1023 745 dissonantiis
1046 686 1121 743 inter
1135 683 1266 745 diversos
1282 686 1427 745 observu-

73 774 158 839 tores,
182 784 237 828 uec
259 786 388 846 uuquam
410 771 470 830 iere
492 770 577 832 aliter
600 773 686 847 cadit,
710 775 780 852 quin
804 781 856 834 aut
877 788 1002 849 magnac
1025 769 1210 848 parallaxeos
1232 780 1284 832 aut
1307 779 1425 833 coutra-

73 856 128 913 n'ae
169 873 294 932 magnac
330 856 512 918 infractionis
543 868 745 936 argumentum
778 861 878 922 ludere
912 869 942 921 et
972 857 1094 919 illudere
1125 862 1254 936 cupienti
1285 861 1425 938 praebeat

74 958 147 1002 crror
170 943 249 1003 talis.

178 1036 228 1091 18.
260 1030 338 1092 Huic
360 1033 449 1108 igitur
471 1032 651 1109 petulantiae
672 1035 770 1096 locum
792 1039 822 1095 iu
846 1035 1010 1097 observatis
1025 1032 1136 1093 Nolthii
1159 1050 1218 1092 non
1240 1051 1313 1108 esse,
1337 1050 1425 1111 aegre

73 1116 121 1177 tm
144 1116 263 1196 Scipio,
287 1120 490 1193 omissionem,
522 1138 599 1196 quac
621 1121 734 1183 Nolthii
757 1132 816 1195 est,
847 1123 981 1201 Tycham
1005 1124 1142 1198 imputat,
1174 1121 1316 1198 suggillat
1338 1121 1425 1198 hujus

75 1203 254 1281 diligentiam
278 1208 306 1264 in
329 1207 523 1268 examinando
547 1209 651 1270 ellectu
674 1211 778 1272 calculi
799 1211 966 1283 Nolthiaui,
990 1211 1060 1285 quia
1079 1207 1223 1268 calculum
1239 1212 1334 1286 ipsum
1351 1208 1425 1268 Nol-

75 1291 149 1351 tbius
178 1310 238 1353 non
271 1303 417 1372 posuerat
465 1295 523 1369 Ait,
552 1296 737 1373 Tychoncm,
770 1315 836 1358 cum
866 1317 901 1359 ex
933 1295 1102 1357 dedomcnis
1124 1295 1236 1355 Nolthii
1260 1295 1424 1372 parallaxiu

75 1378 168 1439 adhuc
197 1381 339 1458 majorem
362 1383 508 1455 elicuerit,
537 1385 637 1443 multu
658 1389 859 1458 comminisci,
885 1386 991 1465 pluras
1017 1399 1138 1442 cerame
1160 1386 1363 1456 coniecturas,
1392 1391 1427 1443 ut

75 1470 220 1528 inensam
242 1468 351 1527 reddat
372 1470 619 1532 observationem.

181 1557 231 1615 19.
268 1556 372 1632 Neque
394 1557 461 1617 taisi
485 1560 641 1635 quicquam
664 1558 767 1636 Tycho
791 1560 1030 1631 comminiscitur,
1062 1573 1159 1633 neque
1182 1558 1210 1614 in
1233 1574 1268 1617 eo
1293 1566 1353 1636 est,
1384 1564 1425 1627 ut,

76 1660 160 1719 quarn
189 1650 269 1702 certo
298 1645 409 1704 invenit
437 1654 621 1721 peccantem,
650 1647 790 1706 incertam
819 1646 935 1707 demum
963 1643 1066 1705 reddat
1094 1645 1343 1720 observationem,
1369 1644 1425 1721 ⁸sed

75 1734 182 1807 potius,
207 1736 240 1789 ut
261 1739 381 1791 excusat
402 1731 484 1791 iiiam
508 1732 544 1793 de
567 1750 670 1806 errore,
694 1732 816 1811 prolatis
835 1733 1038 1795 occasionibus
1053 1741 1082 1792 et
1097 1731 1326 1806 difficultatibus,
1350 1749 1426 1809 quae

75 1819 234 1878 certissime
257 1817 354 1879 soient
375 1835 518 1896 occupare
544 1822 588 1880 vel
614 1823 820 1881 observantem
844 1821 889 1882 vel
911 1827 1137 1897 computantem.
1176 1818 1241 1879 Nou
1264 1822 1353 1896 igitur
1374 1836 1427 1879 ca·

74 1905 192 1964 villatur
214 1903 317 1983 Tycho
346 1907 568 1968 observationes
591 1907 716 1980 riolcurt,
748 1908 800 1968 sed
830 1917 862 1968 ιιι
891 1908 1038 1968 cavillaris
1062 1906 1212 1984 Tycbouis
1240 1909 1268 1965 iu
1292 1925 1328 1966 ea
1350 1907 1426 1983 legi-

73 1993 140 2052 time
164 1992 351 2068 ccargueuda
373 1992 565 2070 diligentiam.
610 1994 765 2055 Cavillaris
794 2005 886 2057 artem
916 1999 1025 2073 ipsam,
1057 1995 1279 2055 refractionihus
1306 1995 1426 2067 abusus,

74 2097 132 2155 qua
154 2081 269 2139 ratione
292 2082 386 2140 omnis
410 2081 650 2142 observationum
673 2081 816 2144 certitudo
838 2092 963 2160 negatur
985 2099 1121 2158 vereque,
1146 2083 1224 2157 quod
1244 2092 1277 2141 tu
1292 2082 1425 2160 Tychoni

74 2169 217 2227 immerito
240 2170 376 2245 imputas,
401 2175 494 2228 totum
517 2172 668 2246 negotium
691 2173 919 2230 astronomicum
942 2173 1008 2229 ruit.

179 2254 229 2312 20.
259 2255 296 2314 iit
318 2272 473 2331 quaenam,
497 2255 544 2316 dic
566 2257 662 2332 sodes,
686 2264 730 2318 est
751 2257 803 2317 iila
821 2258 978 2329 evidentia,
1001 2275 1035 2317 er
1051 2273 1110 2332 qua
1125 2263 1156 2315 tu
1172 2255 1316 2329 concedis,
1340 2256 1427 2316 nohis

71 2341 111 2401 ab
134 2340 391 2404 observationibus
414 2343 539 2403 aliorum
561 2362 625 2405 esse
648 2344 857 2418 recedendum,
888 2348 912 2404 si
944 2345 1019 2404 hacc
1048 2360 1105 2402 uon
1134 2344 1241 2403 suflicit
1268 2343 1426 2416 evidentia,

71 2428 223 2488 dissensus
245 2429 467 2490 Nolthiauarum
491 2449 510 2491 a
533 2440 693 2493 cetercmm
722 2441 874 2493 auctorum
904 2430 1174 2504 observationibus,
1206 2448 1293 2507 quam
1317 2430 1427 2506 allegat

69 2515 201 2595 Tycho?
223 2517 256 2576 Si
279 2526 310 2576 tu
332 2518 536 2578 refractionum
561 2523 757 2593 enormitates,
782 2523 861 2579 omni
881 2519 1030 2581 evidentia
1051 2518 1255 2591 evidentiores,
1280 2522 1308 2576 in
1323 2526 1426 2595 parato

69 2605 174 2672 habes,
196 2606 304 2681 quibus
328 2605 549 2667 observationes
571 2624 811 2684 quorumcunque
828 2608 1056 2684 qualescunque,
1081 2607 1237 2683 quominus
1260 2606 1298 2665 ab
1322 2607 1356 2663 iis
1379 2622 1427 2664 re·

69 2690 236 2753 cedendum
258 2694 305 2765 sit,
329 2696 428 2766 tueris,
453 2695 559 2770 quibus
580 2697 784 2756 relructicnum
808 2695 923 2756 nebulis
946 2695 1054 2767 effusis,
1078 2694 1127 2753 lux
1151 2693 1226 2753 baec
1242 2709 1300 2753 uon
1316 2692 1367 2751 lux
1383 2701 1427 2754 cst

68 2778 208 2857 amplius,
233 2781 341 2856 quibus
363 2779 497 2841 videntes
519 2799 573 2841 uos
596 2785 675 2843 caeci
700 2782 849 2844 efficimur.

177 2870 228 2926 ut.
259 2867 438 2927 Winclerum
464 2886 533 2929 vero
557 2869 636 2947 quod
658 2888 716 2930 uon
733 2872 844 2947 sprevit
860 2869 1083 2942 claromontius,
1107 2870 1176 2946 quin
1192 2869 1279 2928 etiam
1295 2867 1332 2926 ab
1348 2866 1427 2925 iilius

69 2955 329 3015 observationibus
351 2956 516 3033 paraliarcs
538 2976 609 3017 suas
632 2957 844 3030 emendicaret,
868 2959 994 3034 benigne
1016 2956 1104 3031 iecit,
1127 2955 1230 3016 similis
1253 2972 1307 3031 par
1329 2962 1373 3013 est
1396 2963 1426 3011 ut

67 3041 160 3102 simili
182 3042 320 3120 gaudeat.
358 3042 413 3103 Ille
436 3052 489 3116 est,
513 3047 563 3121 qui
588 3045 714 3122 Aquilae
738 3044 922 3106 altitudinem
938 3045 1127 3104 meridianam
1145 3043 1212 3120 plus
1232 3046 1268 3102 12
1287 3040 1427 3118 gradibus

69 3131 243 3190 observavit
265 3133 406 3191 minorem
425 3131 525 3206 justo;
556 3133 635 3209 quod
665 3150 730 3192 cum
754 3151 805 3210 per
828 3133 1029 3193 refractionem
1053 3130 1153 3208 Scipio
1176 3148 1233 3190 non
1256 3131 1351 3206 possit
1374 3145 1427 3188 er·

68 3235 175 3279 cusare
198 3216 286 3292 (haec
309 3220 384 3277 enirn
409 3228 499 3294 auget
520 3219 691 3280 altitudines
713 3236 770 3279 non
794 3221 920 3297 mitruit),
943 3228 1035 3281 restat
1051 3227 1083 3277 ut
1097 3218 1262 3297 parallaxes
1279 3216 1425 3293 expediat,

68 3305 179 3383 quibua
213 3305 372 3381 opituletur
399 3305 533 3383 populari
565 3324 635 3379 suo,
667 3307 832 3385 parallaxcs
863 3307 974 3368 scilicet
1001 3308 1133 3367 fixarum.
1179 3306 1279 3365 Taceo
1306 3306 1428 3362 insanos

67 3393 160 3469 hujus
188 3392 385 3452 observatoris
416 3410 527 3455 errores
555 3401 681 3468 ceteros,
715 3395 794 3471 apud
822 3394 992 3472 Tychcnem
1022 3394 1170 3454 visendos.
1216 3393 1341 3451 Fruatrrr
1371 3392 1427 3449 hoc

70 3488 146 3629 scabie
172 3478 480 3647 suoglaramoutius,
509 3481 667 3558 triumphet
690 3481 726 3541 de
747 3482 906 3561 Tychone,
936 3499 990 3542 uos
1013 3482 1100 3543 ceteri
1124 3481 1244 3541 Paeana
1272 3476 1427 3538 accachiu-

68 3587 89 3627 u
130 3585 216 3629 rmus.

548 3689 589 3755 iu
613 3687 709 3770 capnt
731 3689 776 3755 li.
800 3685 854 3754 ini.
876 3689 945 3755 33².

179 3831 207 3889 1.
230 3828 264 3889 Si
278 3832 476 3890 controversia
490 3829 564 3889 haec
579 3847 636 3888 noir
652 3832 727 3890 inter
741 3832 973 3904 mathematicos,
990 3830 1042 3891 sed
1058 3833 1132 3889 inter
1147 3828 1278 3889 rhetoras
1293 3830 1427 3904 agitetur,

67 3918 207 3995 nuspiam
229 3916 334 3976 melius
358 3920 438 3977 stetit
460 3916 685 3991 claramontius,
709 3936 798 3994 quam
819 3918 876 3977 hoc
899 3921 963 3995 ipso
986 3919 1061 3979 loco.
1103 3917 1290 3977 cometarum
1313 3915 1427 3991 aliquos

67 4006 127 4067 sub
150 4004 235 4063 Luna
256 4021 336 4077 esse,
367 4005 472 4080 prohat
495 4003 635 4083 exemplis
659 4023 775 4079 eorum,
807 4023 880 4082 quies
904 4006 1006 4084 Tycha
1030 4008 1093 4083 ipse
1116 4003 1215 4063 videre
1238 4021 1296 4061 non
1320 4005 1426 4078 potuit,

67 4102 100 4152 ct
121 4093 224 4151 nititur
247 4092 421 4152 auctoritate
436 4092 662 4167 Regiomontani
686 4092 721 4152 de
745 4102 861 4153 cometa
882 4095 951 4152 unni
978 4095 1059 4152 1475
1084 4088 1133 4172 (ut
1148 4108 1204 4167 ego
1219 4098 1299 4168 puto,
1329 4086 1426 4170 1472)

68 4188 101 4240 et
129 4177 269 4254 Vogclini
300 4178 337 4239 de
364 4179 422 4239 alio
450 4183 520 4239 anui
553 4181 644 4239 1532.
690 4179 822 4257 (lusuque
851 4180 952 4258 Tycha
983 4180 1216 4256 Regiomcntano
1247 4196 1279 4235 ae
1310 4175 1427 4236 credere

67 4265 289 4344 significaverit,
314 4265 529 4326 claramontius
553 4269 704 4343 utriusque
728 4270 780 4326 viri
805 4270 1008 4327 auctoritatem
1024 4270 1052 4325 iu
1069 4268 1285 4325 contentionem
1298 4262 1426 4335 adducit,

68 4354 237 4430 congeriem
260 4353 330 4413 lacit
351 4354 609 4431 probabilitatem:
641 4362 737 4413 motus
767 4364 811 4415 eat
839 4354 888 4414 ille
911 4363 1025 4416 cometa
1048 4371 1106 4413 uno
1130 4351 1178 4411 die
1201 4352 1288 4427 triplo
1311 4350 1427 4426 longius

67 4458 159 4518 quam
181 4439 274 4512 Luna,
299 4449 329 4499 et
352 4441 487 4501 tribuitur
509 4441 552 4499 illi
574 4441 736 4518 parallaxis
758 4461 776 4502 a
799 4442 856 4501 fide
879 4441 967 4519 digno
991 4441 1206 4501 mathematico.

177 4530 207 4586 2.
247 4525 334 4602 Quid,
356 4531 382 4588 si
407 4529 558 4588 victoriam
580 4530 628 4589 hic
651 4528 694 4586 illi
716 4528 882 4606 largiamur,
906 4536 938 4588 ut
953 4529 1076 4601 rhetori,
1101 4526 1171 4603 quid
1187 4526 1340 4604 profecerit
1355 4540 1426 4600 rogo

68 4615 109 4676 ad
131 4617 174 4673 rei
198 4615 366 4674 summam?
388 4616 531 4676 Nimirum
555 4619 617 4694 ipse
640 4633 696 4693 ego
719 4617 941 4677 mathematicus
964 4625 994 4677 et
1007 4618 1146 4695 physicus
1162 4631 1220 4673 nou
1236 4619 1354 4690 propter
1369 4614 1427 4672 ista

69 4701 248 4783 probabilia,
272 4720 326 4763 uec
349 4713 467 4781 propter
489 4704 766 4764 demonstrationem
782 4704 1018 4782 Regiomoutaui,
1042 4703 1091 4763 scd
1116 4702 1183 4763 sola
1195 4699 1427 4762 consideratione

68 4789 271 4873 hypotheseos
294 4808 390 4867 meae,
419 4794 469 4871 qui
494 4794 614 4852 cometis
637 4791 838 4868 trajectionem
861 4793 957 4853 tribuo
980 4792 1175 4865 rectilineam,
1207 4787 1296 4849 nolim
1319 4787 1426 4849 diserte
