3284 5520
139 334 207 403 300
652 332 695 386 De
711 329 822 399 Crlqiuc
839 332 976 390 Genuum.

140 516 280 574 terminus
295 511 409 589 Saphar
431 527 515 569 mona
538 508 686 570 orientalis
709 508 826 571 ridetur
839 510 966 590 saphiro
987 529 1094 573 nomen
1110 512 1190 577 dare.
1229 514 1312 574 Nam
1326 512 1448 591 quidam
1463 510 1497 571 ad

113 672 118 682 Ι
140 596 312 663 Raunmiit
334 600 469 670 affirmat,
492 614 625 674 gemmae
648 614 753 658 noman
769 596 937 660 Hebraeum
959 605 989 658 iu
1006 599 1121 661 Graeco
1145 619 1278 674 manere,
1305 612 1338 661 et
1353 600 1453 661 Bactra
1466 620 1497 661 er

140 688 226 748 ludia
247 688 342 746 aderri
366 686 499 748 affirmat.
536 686 564 743 A
588 684 653 744 Lud
676 702 744 761 ergo
760 685 865 763 Lydia,
889 688 927 747 ab
953 691 1061 748 Assure
1076 692 1202 766 Assyria
1225 708 1326 765 usque
1351 692 1381 746 iu
1406 692 1497 748 orien-

141 784 209 849 tem,
233 776 271 835 ah
287 774 435 852 Elymaeis
450 773 558 832 Persae
581 781 611 832 et
632 772 779 849 quaedam
801 776 936 834 nationes
952 775 1079 850 Indicae,
1103 777 1142 835 ab
1160 778 1250 835 Aram
1267 776 1421 855 populoso
1435 776 1497 853 plu·

139 866 230 922 rimae
244 872 355 939 gentes.
388 862 434 921 Ah
451 860 516 919 llus
531 859 617 938 Syria
631 870 698 936 post
715 860 840 938 Lydiam
856 862 894 921 ad
909 863 1099 937 occidentem,
1116 866 1154 923 ab
1171 862 1233 922 Hui
1250 866 1407 931 Armenia,
1427 864 1497 923 uude

142 950 286 1021 Aramaei,
309 948 450 1009 Arameni
472 956 502 1007 et
517 946 629 1019 Colchi,
652 966 671 1005 a
693 946 804 1007 Gathar
818 947 938 1008 Hircani
964 950 1115 1023 et·Bactri,
1139 948 1242 1010 allas
1265 960 1322 1010 aut
1346 950 1498 1028 Mysiam

140 1036 287 1113 Margiaul
310 1047 375 1109 eto,
398 1044 452 1095 aut
474 1035 512 1095 ab
535 1038 666 1111 utrisque
681 1034 879 1113 Massagetae.
919 1037 965 1096 Ab
983 1037 1028 1098 his
1043 1040 1117 1099 Asia
1131 1046 1196 1098 tota
1210 1039 1330 1116 repleta
1344 1050 1402 1111 eat,
1425 1056 1497 1115 quae

140 1126 259 1202 quidem
283 1126 377 1199 magis
403 1125 496 1199 vergit
518 1122 556 1181 ad
580 1121 738 1181 meridiem.

245 1210 421 1282 Videamus,
451 1208 599 1286 quomodo
621 1208 733 1286 Japhet
761 1210 939 1269 habitaverit
968 1211 997 1270 in
1026 1210 1225 1272 tabernaculis
1251 1210 1328 1271 Sem
1355 1220 1388 1270 et
1416 1228 1496 1271 serre

143 1296 303 1359 Cananaoo
324 1301 364 1357 sit
386 1314 465 1356 usus.
507 1296 537 1373 1)
561 1296 604 1355 Ex
622 1298 736 1357 Amano
752 1298 873 1359 Ciliciae
895 1301 1070 1377 prospicitur
1092 1302 1120 1357 in
1144 1298 1287 1377 Cyprum,
1312 1315 1408 1374 quare
1430 1298 1496 1359 Cili-

142 1388 205 1446 ciae
235 1387 381 1445 maritima
403 1384 507 1443 Tharsi
535 1382 595 1442 tilio
617 1383 704 1444 Jonls
733 1394 891 1445 cesserunt
938 1384 969 1465 2)
992 1386 1034 1445 Ex
1065 1385 1189 1446 Aeolide
1220 1389 1352 1446 cernitur
1376 1384 1493 1457 Lesbos,

142 1471 249 1533 Aeolia
272 1475 360 1550 igitur
383 1473 471 1531 cessit
493 1470 599 1542 Elisus,
624 1471 683 1530 filio
705 1471 802 1534 donis.
841 1472 873 1549 3)
896 1472 938 1532 Ex
962 1472 1095 1551 Erythris
1118 1473 1219 1545 Chius,
1243 1492 1281 1533 ex
1305 1472 1428 1550 Mycale
1442 1473 1493 1533 Sa·

141 1578 206 1621 mus
229 1568 392 1633 cernuntur,
417 1576 507 1636 quare
523 1558 683 1618 Dedanaeo
699 1563 787 1620 cessit
803 1559 853 1619 illa
869 1578 937 1639 pars
952 1559 1069 1633 Joniae,
1093 1580 1112 1619 a
1126 1560 1243 1620 Javane
1259 1560 1372 1620 dietae.
1410 1564 1443 1639 A)
1456 1562 1492 1619 Ex

142 1647 251 1708 Doride
268 1648 326 1708 Cos
350 1650 483 1719 cernitur,
509 1646 595 1705 Doris
619 1649 706 1722 igitur
728 1646 862 1707 Chetimo
885 1652 982 1708 cessit.
1019 1647 1102 1708 Haec
1125 1652 1272 1707 maritima
1289 1648 1404 1707 daeani
1428 1649 1492 1707 data

138 1735 230 1796 donia
252 1734 320 1795 idco
343 1735 485 1807 dicuutur,
510 1744 538 1792 ct
561 1736 599 1793 ab
622 1733 668 1792 his
691 1734 805 1794 divisae
828 1735 941 1795 insulae
964 1738 1103 1812 gentium,
1127 1752 1168 1796 sc.
1183 1738 1273 1794 maris
1289 1735 1384 1795 deuii.
1424 1736 1491 1794 liam

141 1822 258 1883 Chetim
281 1826 310 1880 in
334 1822 460 1893 Cretam,
484 1828 558 1879 teste
574 1820 717 1897 dosepho,
741 1823 864 1897 trajecit,
888 1822 1014 1899 indeque
1036 1840 1173 1883 successu
1196 1822 1368 1883 seculorum
1392 1827 1421 1880 in
1436 1824 1490 1881 Eu·

140 1911 255 1983 hoeam,
278 1908 473 1980 Thessaliam,
497 1906 710 1980 Macedoniam,
734 1908 913 1970 Dodonaeus
936 1912 965 1969 in
980 1910 1110 1969 Atticam
1126 1920 1156 1968 et
1169 1910 1415 1985 Peloponnesum
1428 1926 1490 1987 pro·

139 2000 264 2070 miscue3
296 1996 417 2055 Tharais
439 1998 469 2053 in
492 1994 624 2068 Italiam,
656 1995 733 2056 unde
758 1997 909 2075 Tyrrheni.
955 1998 1168 2074 Antiquissima
1191 1997 1331 2074 Europae
1354 1999 1489 2074 regnaio

142 2084 270 2162 Sicyone
300 2082 450 2158 Aelrajae,
481 2081 548 2141 lude
576 2084 604 2139 iu
635 2084 723 2159 Argis
750 2086 779 2141 in
808 2084 1023 2164 Peloponneso.
1067 2086 1106 2143 Et
1128 2084 1158 2144 S.
1182 2084 1302 2145 Litorae
1325 2084 1490 2162 Europaeos

141 2189 242 2232 omues
266 2169 440 2247 appellitant
462 2169 579 2228 Chitim.

245 2258 289 2317 Ex
314 2257 420 2334 Abydo
443 2255 595 2317 Teucridia
625 2268 745 2334 apparet
768 2257 907 2332 Thracia,
937 2258 1032 2337 'l'yras
1062 2275 1133 2335 ergo
1156 2257 1305 2317 Troadem
1329 2260 1488 2335 occuparit,

141 2344 220 2405 uude
245 2348 274 2403 in
297 2345 452 2405 Thraciam
475 2344 629 2421 trajiceret.

240 2426 288 2492 Ex
312 2431 497 2492 Chalcedone
525 2433 606 2507 ponti
630 2430 805 2508 Byzantium
828 2431 971 2491 Thraciae
995 2433 1186 2511 conspicitur,
1217 2432 1292 2491 sorte
1317 2442 1347 2493 et
1368 2432 1487 2491 Taurica

142 2520 353 2581 chersonnesus
368 2537 402 2579 er
418 2518 502 2577 litore
518 2521 606 2577 Asiae
621 2518 851 2595 septentrionali,
867 2536 958 2594 quare
974 2519 1025 2577 illa
1039 2520 1105 2578 loca
1120 2520 1269 2598 Bityniae,
1286 2520 1385 2593 Ponti,
1402 2520 1487 2580 Gala·

142 2611 205 2667 ciae
229 2607 338 2667 Gomer
360 2605 474 2677 insedit,
499 2605 575 2665 unde
598 2608 627 2662 in
651 2605 815 2678 Tauricam,
839 2608 902 2665 sive
925 2624 977 2682 per
998 2606 1084 2665 lltora
1106 2605 1289 2685 Moldaviae,
1313 2610 1379 2667 sire
1402 2610 1487 2684 magis

141 2713 193 2772 per
214 2712 310 2773 mare,
334 2703 363 2754 et
385 2692 423 2753 ad
446 2692 631 2770 Bosphorum
654 2692 839 2752 Cimmerium
863 2694 985 2770 trajecit,
1009 2693 1085 2753 illios
1108 2710 1178 2753 vero
1200 2705 1258 2753 tres
1283 2696 1326 2754 ita
1349 2694 1488 2755 distribuit

143 2784 242 2856 initio,
269 2791 300 2840 ut
323 2781 505 2841 Ascenaxam
529 2783 557 2838 in
582 2781 738 2839 Ascanium
761 2789 789 2839 ct
813 2779 989 2859 Bithyniam,
1012 2781 1171 2859 Riphatum
1194 2785 1224 2839 in
1243 2781 1488 2859 Paphlagoniam,

142 2869 367 2948 Tlrygrammem
391 2872 421 2926 in
437 2866 655 2945 Cappadociam
678 2878 707 2927 et
722 2868 880 2946 Phrygiam
903 2868 1069 2927 collocaret.
1107 2868 1179 2928 Tres
1202 2868 1254 2926 filii
1270 2879 1341 2928 sunt
1356 2870 1487 2947 expediri.

140 2957 268 3017 Thuball
291 2956 392 3016 datum
414 2955 483 3013 litus
506 2954 685 3015 occidentale
710 2954 876 3028 Colchidis,
906 2954 1049 3015 Mosocho
1073 2956 1195 3015 isthmus
1219 2955 1339 3015 Medius
1363 2970 1393 3016 et
1416 2958 1487 3017 oeci·

141 3044 257 3105 dentale
280 3044 349 3103 litus
373 3042 472 3120 Caspii
495 3045 596 3113 maris,
628 3041 755 3101 Madaeo
779 3042 985 3116 meridionale,
1017 3042 1144 3119 Magogo
1176 3044 1330 3107 orientale.
1376 3044 1487 3122 Scythia

140 3134 229 3211 igitur
252 3140 314 3191 tota
337 3150 354 3189 a
378 3131 507 3207 Magogo
530 3140 559 3189 et
575 3128 692 3203 Getero,
717 3130 811 3202 Meso,
835 3130 901 3188 liliis
918 3132 1027 3203 Arami,
1051 3133 1206 3206 nepotibus
1229 3130 1320 3205 Semi,
1346 3134 1486 3209 usquein

143 3229 303 3279 extremum
327 3221 466 3278 orientem
491 3218 619 3293 impleta,
643 3227 673 3277 et
695 3220 821 3278 navibus
844 3218 960 3277 tandem
985 3221 1077 3276 ierunt
1101 3222 1128 3276 in
1153 3219 1328 3278 Amerieam.

247 3306 386 3366 Moschus
409 3305 521 3364 Bassos
544 3315 573 3364 et
594 3305 777 3364 Moscoritas
800 3309 919 3378 creavit,
943 3305 1059 3364 Thubal
1075 3304 1223 3365 Sarmatas
1246 3315 1276 3365 et
1299 3310 1421 3384 primos,
1443 3308 1487 3382 qui

142 3396 171 3452 in
195 3397 345 3471 superiora
368 3393 552 3463 Germaniae,
577 3392 703 3467 Galliae,
726 3392 887 3471 Hispaniae
911 3396 992 3450 irent.
1030 3394 1126 3452 Deum
1149 3397 1224 3452 enim
1248 3392 1420 3454 Tibelinum
1443 3411 1488 3452 co·

142 3479 259 3540 luerunt
282 3479 430 3540 Germani.
477 3481 634 3539 llubitatur
666 3488 778 3554 tamen,
809 3479 956 3555 quomodo
985 3480 1100 3539 Thubal
1130 3492 1208 3540 trans
1231 3480 1343 3540 Cimbri
1375 3492 1487 3553 sortem,

141 3577 219 3627 trans
243 3569 397 3627 Tauricam
425 3585 464 3627 sc.
490 3571 519 3626 in
543 3568 729 3627 Germaniam
762 3568 838 3640 ierit,
871 3577 1004 3626 manente
1033 3570 1157 3627 Cimbris
1179 3568 1325 3627 Taurica:
1356 3587 1396 3627 an
1425 3572 1488 3644 quia

141 3665 263 3732 uterque
287 3658 396 3732 recepit
418 3656 455 3714 ad
480 3657 615 3731 opposita
637 3654 723 3713 litora
746 3657 894 3729 navigare,
918 3672 954 3712 an
972 3654 1098 3715 Tlruhali
1122 3656 1159 3715 ad
1179 3656 1370 3714 obtinendam
1385 3666 1488 3715 sortem

141 3760 283 3802 concessa
306 3743 394 3801 litora
416 3745 553 3801 universa
576 3760 669 3818 usque
692 3742 729 3801 ad
753 3740 885 3800 Istrum?
919 3742 963 3799 An
993 3743 1104 3801 conlusi
1128 3742 1307 3801 Thubalitae
1330 3754 1360 3803 et
1385 3744 1487 3802 Cimbri

142 3830 269 3906 dictique
293 3831 419 3889 universi
445 3829 574 3889 Cimbri?
607 3830 692 3890 Certe
715 3829 827 3888 radices
850 3833 908 3905 egit
931 3829 986 3888 hoe
1009 3846 1113 3888 nomen
1137 3833 1165 3886 iu
1182 3830 1329 3888 Cimbrica
1345 3829 1488 3889 Cherson-

140 3934 221 3991 neso,
246 3917 313 3976 inde
337 3934 388 3993 per
403 3915 537 3975 Russiam
561 3927 589 3977 et
605 3917 787 3976 Moseoeiam
811 3916 969 3975 seeundum
990 3919 1067 3993 ripas
1083 3916 1273 3995 Boristhenis,
1298 3919 1347 3992 qui
1366 3921 1396 3974 in
1413 3918 1488 3976 Pon·

140 4012 212 4077 tum,
236 4013 265 4064 et
288 4006 403 4073 Danae,
426 4021 502 4080 quae
525 4006 554 4061 in
577 4004 696 4063 Baltlrin
719 4005 822 4077 influit,
846 4014 1042 4081 propagarunt
1064 4021 1129 4063 sese
1152 4006 1180 4061 in
1196 4003 1364 4075 Livoniam,
1390 4017 1487 4081 postea

139 4088 249 4167 Riphat
272 4094 299 4149 in
324 4091 494 4151 orientalem
517 4092 661 4163 Flauiam,
687 4092 815 4151 Ascenes
838 4095 866 4147 in
891 4091 1125 4163 scandinaviam,
1149 4091 1284 4150 Sueciam
1309 4108 1349 4149 se.
1376 4104 1407 4151 et
1430 4092 1486 4150 Da·

140 4181 228 4250 niam,
251 4178 419 4255 Thogorma
434 4179 463 4235 iu
479 4178 566 4238 litora
581 4182 764 4254 continentis,
780 4178 876 4237 'l'uhal
891 4181 919 4235 in
936 4181 1081 4252 interiora,
1106 4186 1137 4236 ut
1153 4181 1196 4238 sic
1211 4197 1229 4236 a
1244 4177 1354 4237 Gomer
1370 4180 1484 4248 Cimbri,

138 4265 276 4326 aTnbal
299 4266 400 4325 Celtae
431 4273 460 4323 et
484 4263 562 4325 Galli
594 4274 622 4326 et
646 4265 771 4325 Galatae
798 4269 856 4324 sint
886 4265 962 4324 dicti.
1009 4266 1099 4324 Erant
1127 4274 1224 4325 autem
1246 4265 1414 4326 foecundae
1436 4267 1485 4324 hac

138 4361 257 4427 gentes,
288 4356 358 4428 quia
387 4355 416 4409 in
446 4356 564 4429 regione
593 4353 712 4430 frigida3
744 4363 845 4412 contra
872 4369 929 4410 non
958 4356 999 4412 ita
1029 4352 1164 4430 populosi
1189 4353 1320 4412 Africani
1345 4362 1375 4412 et
1398 4354 1486 4429 maJor

139 4457 238 4500 eorum
262 4443 374 4517 portio,
398 4440 475 4499 unde
498 4441 666 4514 conficitur,
691 4451 723 4499 ut
744 4440 890 4518 Hispania
912 4459 929 4499 a
953 4440 1042 4500 Celtis
1065 4440 1224 4514 Tubalitis,
1247 4456 1307 4499 non
1330 4459 1348 4499 a
1370 4440 1486 4499 Misrai-

141 4531 221 4587 mitis
244 4545 280 4587 ex
304 4528 406 4587 Chami
431 4531 598 4604 posteritate
622 4531 681 4588 sint
703 4531 767 4587 orti.
813 4528 880 4587 Huc
903 4530 979 4586 enim
1002 4536 1031 4587 et
1054 4527 1134 4587 color
1157 4537 1186 4589 et
1207 4528 1310 4604 lingua
1333 4530 1465 4604 pertinet.

242 4614 327 4674 Certe
355 4616 393 4674 ab
416 4616 555 4675 Armenia
582 4618 726 4691 usquein
751 4624 909 4675 extremum
934 4614 1112 4675 occidentem
1137 4615 1237 4675 eadem
1260 4615 1364 4690 lingua
1388 4615 1485 4674 valuit

138 4699 216 4761 Hine
237 4701 325 4774 Iberi,
348 4702 455 4773 Iberni,
481 4702 627 4776 Celtiberi,
652 4703 794 4776 Lusitani,
820 4705 970 4780 Aquitani.
1016 4702 1113 4779 Quare
1136 4706 1178 4763 sie
1200 4711 1384 4762 statuamus:
1410 4704 1485 4761 Cim·

136 4788 205 4849 bros
229 4798 258 4850 at
273 4788 430 4850 Tubalitas
445 4805 465 4850 a
479 4801 569 4867 ponto
592 4793 737 4871 proiectos
760 4792 834 4852 iuter
857 4799 950 4851 ortum
974 4798 1004 4851 ei
1025 4793 1262 4867 septentrionem,
1287 4790 1377 4851 ductu
1393 4789 1485 4867 Bory-
