3284 5520
146 345 211 413 486
608 345 651 399 Ex
670 342 901 414 Ephemeridlhus
917 342 1038 415 iteptsrt

146 523 264 585 residuo
286 529 367 582 motu
384 520 495 594 Lunae,
520 538 607 597 quem
629 521 681 580 illa
699 528 736 581 12
760 521 855 598 plenis
877 522 1095 582 reversionibus
1116 538 1169 583 seu
1182 522 1492 585 mensibusluusrlhus

146 612 185 671 ad
208 628 302 687 usquo
324 608 411 669 finem
434 612 503 669 anni
527 609 631 669 solaris
654 609 765 684 adjicit.
812 608 933 668 Modum
956 626 1042 669 nemo
1066 610 1152 669 iacile
1168 626 1222 689 per
1242 628 1277 671 se
1298 613 1399 690 ipsam
1419 630 1492 675 ane·

144 710 250 776 quetur
280 701 341 756 sine
372 695 462 769 duce,
493 699 550 754 etsl
576 696 640 772 Jam
669 695 814 755 iudicatus
842 704 896 757 est.
942 696 1047 773 ltaque
1069 713 1181 756 suoram
1211 698 1334 759 brevem
1356 701 1491 777 pariente

143 788 237 847 ierunt
259 786 428 854 astronomi,
453 782 547 842 donec
569 783 617 841 vel
634 783 767 860 Epitomc
784 783 831 843 vel
847 783 1035 859 Hipparchus
1058 802 1141 845 meus
1158 784 1322 864 prodierint
1344 788 1375 844 in
1398 785 1491 847 luoem

142 872 244 950 Tycho
268 889 339 931 aune
362 870 434 928 nihil
459 870 613 942 dubitavit,
639 888 758 929 oausam
776 872 947 930 variationis
963 888 1029 931 esse
1043 872 1206 949 physicam,
1230 888 1328 950 coque
1350 890 1411 933 non
1433 892 1492 935 oau-

141 963 215 1032 suit,
247 957 333 1018 aliter
356 958 436 1017 illurn
460 976 549 1034 quam
570 975 623 1035 per
646 958 831 1018 librationem
855 962 884 1015 in
908 958 1050 1018 diametro
1073 959 1182 1019 circelli
1211 961 1490 1036 repraesentandam

141 1047 242 1107 Verba
264 1063 352 1122 super
374 1044 431 1104 hue
453 1062 492 1117 re,
516 1062 605 1104 manu
621 1044 753 1105 Severini
770 1048 939 1123 perscripta,
961 1046 1035 1105 haec
1050 1054 1135 1105 sunt:
1159 1046 1306 1109 Inhihitlo
1328 1048 1405 1108 accc
1422 1050 1490 1127 phy·

142 1138 205 1195 ricc
225 1137 328 1211 potius
350 1132 497 1191 censendo
520 1140 575 1204 est,
605 1140 642 1191 ut
669 1134 778 1209 forsan
808 1141 884 1191 recte
908 1130 950 1190 dl.
976 1131 1128 1208 Keplsrrss
1148 1142 1248 1211 putot»
1295 1134 1444 1213 Adeoque
1462 1154 1490 1197 ns

143 1224 207 1300 ipse
230 1223 348 1297 quidem
371 1220 474 1297 Tycho
498 1220 545 1278 vel
570 1220 648 1278 hunc
670 1219 717 1277 vel
742 1220 825 1278 illum
847 1220 972 1278 alterum
994 1220 1144 1280 circellum
1165 1238 1219 1298 per
1233 1221 1358 1282 Terram
1383 1224 1488 1283 duetuu

142 1308 281 1369 liberavit
303 1310 381 1366 omni
405 1305 616 1382 inaequalitate
638 1306 856 1365 revolutionum
879 1306 1012 1384 physica,
1035 1325 1093 1367 non
1117 1310 1195 1369 enlm
1216 1318 1286 1369 sant
1303 1312 1382 1371 istac
1402 1326 1489 1373 omues

141 1395 273 1472 ejusdem
296 1393 496 1469 longitudinis,
519 1392 572 1454 sed
594 1392 731 1453 differunt
754 1398 828 1453 inter
850 1411 881 1453 sc
905 1403 937 1452 ut
960 1410 1075 1455 menaea
1097 1397 1152 1473 ipsi
1175 1398 1249 1455 veri.

245 1481 379 1541 Variatio
403 1483 432 1539 in
455 1479 637 1539 semicirculo
660 1480 803 1539 novilunii
826 1482 961 1539 interiore
982 1480 1081 1558 prodit
1099 1482 1170 1541 mihi
1193 1485 1324 1543 maxima
1346 1489 1403 1544 82‘
1429 1488 1490 1552 1000.

140 1571 170 1627 iu
193 1569 347 1646 plenilunii
369 1570 518 1645 superiore
542 1572 594 1627 880
618 1571 690 1627 5100.
737 1568 841 1644 ltaque
869 1572 898 1625 in
922 1567 1061 1628 distentis
1082 1587 1101 1627 a
1125 1570 1164 1645 Θ
1189 1570 1237 1629 vel
1265 1571 1333 1645 ejus
1362 1574 1498 1649 opposito

141 1654 199 1717 350
222 1660 318 1715 minus
341 1656 437 1716 habeo
461 1671 549 1739 quam
573 1654 622 1714 ille
637 1672 689 1730 per
709 1654 738 1712 80
752 1660 824 1725 5200,
848 1654 915 1714 inde
937 1659 1141 1734 appropinquo
1164 1661 1314 1733 usquein
1339 1658 1408 1731 780,
1433 1668 1509 1719 tuae

141 1745 218 1803 euim
240 1743 338 1802 adhue
360 1743 463 1802 absum
488 1758 538 1819 per
556 1748 584 1801 10
602 1744 681 1815 550ος
704 1744 807 1801 iterum
831 1740 949 1802 discedo
971 1742 1098 1819 lougius,
1122 1752 1156 1804 ut
1177 1747 1255 1804 eirca
1269 1744 1402 1805 confluis
1426 1764 1520 1824 qua·-

140 1830 276 1890 draturae
295 1830 358 1906 jam
381 1828 610 1889 subtrahendam
633 1829 775 1899 habeam,
806 1846 871 1888 curn
895 1827 944 1888 illc
967 1829 1065 1889 adhuc
1094 1830 1273 1905 addendamp
1306 1834 1413 1909 itaque
1436 1848 1527 1894 cum

141 1917 253 1976 additio
276 1916 390 1976 tardius
413 1916 456 1974 iili
479 1916 604 1989 desinat,
627 1916 660 1973 ht
682 1918 710 1972 in
737 1913 802 1990 950,
826 1925 858 1974 51
876 1918 939 1992 jam
961 1934 1029 1977 mee
1051 1921 1201 1993 quantitas
1219 1918 1427 1997 'l'ychouicam
1449 1938 1529 1981 5η·

139 2012 222 2081 peret
243 2022 295 2079 per
319 2005 349 2063 40
367 2007 439 2076 5200,
463 2005 492 2059 in
507 2000 584 2062 114⁰
605 2002 812 2075 coincidamus,
835 2011 868 2063 at
889 2007 918 2062 in
945 2001 1089 2081 1170551
1111 2005 1354 2066 9020005051551
1380 2009 1422 2067 ab
1436 2009 1529 2084 eju¹

140 2092 314 2166 quantitate.
361 2089 446 2166 Quod
470 2091 671 2150 tantominus
694 2091 797 2166 retugi,
821 2090 900 2165 quod
923 2091 1061 2165 viderem,
1086 2094 1182 2170 ipsum
1204 2110 1326 2169 quoque
1348 2094 1529 2155 Brsheut

140 2180 214 2236 inter
238 2180 290 2237 310
312 2185 342 2237 51
366 2181 432 2244 180,
463 2184 605 2251 quantum
629 2175 748 2252 collegit
776 2195 811 2236 er
836 2178 1093 2239 observationibus
1120 2197 1198 2240 nuno
1226 2181 1289 2255 his,
1321 2198 1405 2242 nuno
1434 2182 1529 2243 itit:

140 2266 326 2327 consuluisse
349 2264 477 2324 medium
502 2269 553 2323 itl‘
577 2264 648 2324 8000.

245 2352 495 2429 Praesupponitur
518 2360 617 2410 autem
640 2354 668 2407 in
692 2368 759 2409 mea
780 2351 883 2410 tabula
914 2354 1064 2429 proportio
1094 2354 1208 2411 orbium
1230 2351 1311 2413 Solis
1341 2362 1374 2415 et
1397 2356 1529 2415 Itun-

140 2457 185 2512 ea,
208 2456 284 2513 quae
307 2446 407 2500 55128
424 2439 463 2498 od
483 2448 509 2511 1,
533 2455 591 2497 non
615 2437 695 2514 quod
716 2437 792 2497 alias
814 2441 903 2497 ctiam
926 2438 1003 2498 hane
1025 2456 1132 2514 sequar
1154 2440 1238 2514 (vide
1259 2457 1354 2518 supra
1376 2460 1459 2503 num.

140 2535 171 2587 et
192 2526 267 2585 inire
288 2543 367 2586 num.
393 2526 457 2603 28),
479 2526 532 2585 sed
555 2527 625 2602 quia
646 2526 690 2584 sic
712 2528 850 2584 statuitur
872 2525 1036 2585 differentia
1059 2534 1240 2604 punctorum,
1265 2529 1296 2585 in
1321 2531 1437 2605 quihus
1457 2522 1529 2609 Ξ

139 2615 270 2691 praeciso
293 2614 405 2673 bisecta
426 2622 562 2691 apparot,
586 2621 615 2672 et
639 2610 696 2671 900
718 2630 737 2672 5
758 2611 887 2689 copulis,
913 2609 1006 2693 2'l,⁰:
1038 2630 1098 2689 qua
1118 2615 1233 2674 ratione
1255 2616 1361 2675 tabula
1385 2632 1529 2694 aequa

141 2704 253 2761 tionum
268 2696 310 2781 Θ
326 2701 397 2760 mihi
421 2704 510 2759 etiam
533 2701 581 2758 iric
603 2699 684 2759 utilis
707 2707 752 2758 est
774 2700 861 2757 iacta.
898 2700 961 2757 Etsi
983 2701 1073 2775 igitur
1093 2701 1137 2759 sic
1158 2700 1281 2761 dimidio
1304 2702 1382 2763 torte
1406 2702 1528 2782 prada

137 2804 295 2864 peccamus
318 2790 348 2846 in
372 2788 560 2864 elongatione
582 2786 717 2863 phasium
740 2786 779 2845 ab
795 2794 916 2864 aspectu
931 2786 1086 2863 quadrato,
1105 2787 1135 2846 id
1150 2795 1248 2847 terum
1263 2790 1297 2849 in
1321 2792 1522 2852 variationis

140 2877 261 2951 negotio
283 2877 395 2932 minimi
419 2884 464 2934 est
486 2876 607 2935 ellectns
628 2873 871 2948 tolerandumque
893 2876 1009 2934 interim
1023 2883 1079 2948 est,
1103 2873 1173 2934 dum
1195 2875 1295 2935 adhuc
1318 2881 1422 2938 omnia
1443 2876 1516 2940 md

142 2963 213 3021 lima
235 2969 306 3021 sunt
327 2964 497 3038 passimque
520 2964 671 3020 minimum
691 2960 805 3036 aliquid
826 2968 964 3020 rnutatur.

246 3065 277 3129 (q
296 3062 375 3117 Haec
392 3065 423 3118 in
440 3063 605 3117 corrections
623 3062 670 3126 [ds
682 3078 737 3131 quo
748 3060 910 3131 Ephsnrerls
921 3063 990 3117 unni
1004 3061 1085 3126 tote]
1102 3063 1142 3117 sic
1158 3060 1271 3117 hahent:
1287 3064 1321 3117 s'ss
1335 3064 1502 3123 cussanus

148 3137 172 3199 lt
194 3148 213 3187 u
230 3133 265 3202 Θ
282 3134 324 3187 oel
341 3133 400 3199 cius
419 3135 545 3215 opposito
558 3134 613 3191 370,
634 3132 907 3231 140011155505055
925 3133 1070 3213 quantulis.
1107 3149 1137 3187 er
1153 3133 1180 3188 8¹
1197 3133 1258 3199 21⁴⁴,
1276 3134 1345 3190 s'srds
1357 3136 1497 3204 pantanis

142 3203 1492 3345 111111107711111111.1.-1.81011011111ἵο11..17018010101111

144 3357 207 3398 oero
232 3344 329 3396 iterum
352 3343 484 3397 reinoldo.
520 3342 579 3396 Nec
598 3348 657 3403 jons
681 3358 750 3411 opus
773 3348 813 3395 est
835 3341 873 3394 cd
895 3342 1089 3407 ratiotionem,
1114 3349 1146 3396 ut
1159 3351 1410 3413 procsrspponuissr
1426 3348 1484 3401 esui

145 3413 253 3469 orhr'sns
270 3412 344 3467 Solr's
361 3419 387 3467 st
404 3412 503 3467 Luam
517 3413 671 3480 proportio.
708 3410 761 3466 Est
784 3416 875 3465 neusin
891 3412 1009 3465 remotio
1026 3411 1274 3479 nestorianis
1291 3413 1355 3469 diat.
1383 3420 1408 3481 Ι)
1428 3412 1483 3483 a&

144 3482 192 3537 50⁰
210 3489 236 3538 ct
252 3483 325 3546 1300,
342 3483 472 3551 utrinqne
488 3500 524 3537 uc.
540 3482 583 3536 33.
602 3482 659 3546 20.)

249 3578 300 3632 20.
331 3572 462 3631 Transeo
486 3572 524 3630 ad
547 3580 648 3630 motus
661 3572 849 3632 latitudinis:
870 3583 900 3631 et
922 3573 969 3631 hic
991 3575 1098 3631 retinui
1120 3571 1306 3632 latitudinem
1331 3576 1362 3631 in
1385 3573 1481 3651 copulis

145 3660 311 3730 maximam,
328 3657 480 3732 aequalem
498 3661 667 3734 aequationi
683 3662 712 3716 in
730 3657 796 3731 90⁰,
821 3660 898 3734 quod
916 3660 992 3719 idem
1007 3667 1037 3718 et
1051 3659 1239 3718 Ptolemaeus
1254 3668 1284 3719 et
1298 3661 1406 3739 Tyeho
1420 3664 1482 3722 ieet·

142 3753 218 3804 runt.
265 3746 328 3804 Etsi
351 3749 426 3805 enim
450 3749 624 3805 tractatione
646 3746 839 3823 perallaxium
859 3747 943 3806 elicio
962 3743 997 3806 50
1022 3749 1058 3818 10,
1083 3764 1139 3805 non
1163 3754 1260 3806 tamen
1283 3751 1409 3808 nimium
1431 3750 1483 3809 halt

144 3840 204 3891 tarn
233 3833 333 3891 subtili
364 3836 485 3909 negotio
515 3833 662 3892 fidendum
690 3836 865 3893 existimavi.
911 3834 1015 3909 ltaque
1045 3834 1114 3892 mihi
1142 3833 1268 3893 latitudo
1299 3839 1432 3898 maxima
1453 3840 1484 3896 ssi

146 3915 181 3980 50
206 3923 243 3993 10,
268 3919 402 3996 Tychoni
428 3920 462 3979 40
486 3925 536 3979 580
561 3924 632 3981 8000.

248 4013 298 4067 21.
345 4007 554 4066 Latitudinem
579 4012 614 4067 in
635 4008 762 4083 quassu
783 4010 955 4068 monimum
979 4024 1043 4066 eam
1067 4010 1186 4080 retinui,
1208 4024 1299 4084 quarn
1322 4010 1430 4089 Tycha
1450 4016 1485 4072 iu·

143 4096 232 4167 venit,
257 4093 306 4153 ille
323 4094 440 4170 quidem
458 4096 556 4155 50170
574 4098 646 4167 3000,
671 4113 725 4171 ego
746 4094 834 4172 plena
851 4098 902 4154 180
925 4097 1025 4168 sumsi,
1049 4104 1082 4152 ut
1096 4112 1318 4171 compensarem
1333 4096 1486 4175 sliquiddt

141 4184 319 4241 incremento
343 4189 500 4251 menstruo,
523 4182 603 4257 quod
626 4185 688 4258 ipse
707 4188 758 4242 190
780 4185 891 4251 statuit,
916 4200 952 4242 ne
974 4181 1004 4241 id
1026 4182 1097 4240 mihi
1120 4182 1337 4258 relinqueretur
1355 4190 1408 4246 170
1426 4188 1486 4253 8000,

143 4267 194 4329 sed
216 4268 298 4328 fieret
322 4271 383 4328 180.

247 4362 297 4417 22.
324 4354 517 4415 Latitudines
532 4355 729 4415 intermediae
744 4361 949 4432 computantur
962 4374 981 4414 5
993 4373 1040 4415 ma
1055 4373 1089 4417 es
1104 4359 1200 4417 censis
1215 4355 1361 4435 physicis,
1377 4364 1487 4421 minimo

141 4442 241 4518 aliquo
265 4442 429 4502 differentes
452 4444 673 4520 aTyrhonieis‚
696 4459 810 4520 semper
835 4460 900 4503 cum
920 4442 1098 4520 Tychonieis
1120 4442 1252 4520 ejusdem
1275 4446 1454 4510 effectionis.

248 4536 298 4590 83.
344 4530 385 4588 ln
407 4533 522 4606 crepulo
543 4534 623 4589 inies
645 4532 811 4607 eclipticam
834 4538 862 4589 et
884 4530 1015 4591 orbitam
1028 4531 1138 4591 Lusus
1159 4548 1272 4591 rursum
1295 4535 1326 4591 in
1350 4540 1488 4598 contraria

141 4617 316 4678 discedimus
338 4617 440 4694 Tycho
463 4626 492 4677 et
515 4634 580 4694 ego.
625 4618 700 4677 Num
723 4616 772 4678 ille
796 4618 865 4678 iacit
886 4618 1001 4677 Lunam
1024 4637 1061 4679 ex
1083 4617 1197 4694 copulis
1220 4617 1365 4697 eclipticls
1387 4626 1488 4703 angulo

140 4721 234 4781 parvo
257 4721 408 4765 excurrere
434 4721 535 4765 versus
558 4704 694 4779 quadras,
719 4706 768 4779 qui
792 4707 916 4777 interim,
940 4705 1008 4764 durn
1031 4708 1156 4768 excurrit
1178 4705 1273 4781 Luna,
1296 4709 1444 4785 paulatim
1463 4712 1489 4771 11

141 4792 249 4868 major,
273 4800 307 4851 ut
329 4794 415 4851 515151
435 4791 516 4853 sidus
539 4790 663 4868 denique
687 4795 716 4853 ln
738 4792 830 4853 limite
852 4791 1015 4855 latitudiuis
1039 4792 1075 4856 50
1099 4798 1159 4866 180,
1190 4799 1222 4855 at
1243 4810 1311 4857 eum
1333 4797 1407 4859 nodi
1428 4806 1489 4861 sumt
