3284 5520
419 333 481 388 Lib.
499 331 548 387 111.
583 332 624 387 De
643 332 885 402 significationibus
904 339 1080 389 cometarum.
1365 331 1427 399 121

77 520 101 573 et
133 530 208 574 5555
239 519 269 574 51
297 530 395 573 seusu.
441 511 545 572 Palam
575 510 693 588 quidem
716 511 824 572 Neroni
852 511 979 573 faustum
1010 514 1215 588 interpretatus
1244 517 1288 571 est
1318 517 1428 570 astrum

76 603 195 677 ejusque
217 601 383 677 significata
405 598 640 660 accommodavit
662 600 700 659 ad
715 607 904 676 apparentem
927 599 1041 660 illorum
1065 607 1226 676 temporum
1249 598 1427 675 felicitatem,

75 706 146 764 quae
162 696 309 749 cometem
331 689 462 764 proxime
477 688 683 764 sequebantur,
708 689 786 746 intus
805 704 874 748 vero
898 696 927 748 51
949 690 978 745 15
1002 686 1088 747 555515
1103 687 1210 746 Neroni
1234 687 1428 747 comminatus

75 784 114 836 ast
135 778 287 836 interitum
315 777 416 850 reique
437 775 573 852 publicae
596 775 774 848 libertatem,
809 775 889 850 quod
912 777 1056 854 clipeiue
1079 773 1115 834 515
1138 776 1259 834 cometis
1282 776 1428 835 sententia

73 871 98 923 et
123 881 256 940 sequens
284 871 407 924 eventus
439 869 573 938 arguunt
620 862 711 938 Atqui
733 879 829 938 neque
852 869 967 922 cometa
989 864 1113 923 nuncius
1137 869 1201 922 erat
1220 862 1304 938 ejus,
1339 879 1429 937 qnam

72 950 184 1011 Seneca
207 952 362 1024 innuebat,
385 947 536 1010 felicitatis
558 956 734 1026 temporum,
765 967 861 1025 neque
884 951 961 1011 Nero
984 957 1054 1009 tunc
1076 951 1194 1010 interiit.
1239 949 1316 1008 Nam
1337 949 1427 1024 paulo

73 1047 135 1115 5551
166 1046 272 1099 secuta
299 1047 345 1098 est
373 1039 538 1097 tristissima
566 1054 661 1096 rerum
684 1037 791 1110 facies,
824 1056 904 1110 cum,
940 1039 1154 1114 conspiratione
1177 1037 1426 1096 nobilissimorum

71 1126 270 1185 Romanorum
292 1126 421 1199 detecta,
446 1125 523 1185 Nero
546 1132 712 1200 superstes,
742 1126 836 1184 victor
858 1135 888 1185 et
910 1125 1018 1185 vindex
1041 1126 1240 1184 atrocissimus
1262 1122 1427 1184 Romanam

72 1215 171 1273 urbem
187 1216 314 1284 civibus,
338 1214 447 1272 curiam
461 1213 645 1273 aenatoribus
661 1212 804 1284 exhausit,
828 1229 902 1287 5555
919 1215 992 1273 15155
1016 1215 1078 1289 1555
1094 1229 1211 1287 555555
1234 1211 1290 1269 1511
1304 1210 1425 1287 Seneca,

71 1300 245 1375 proditionis
258 1299 361 1377 procul
377 1298 467 1359 dnbio
487 1301 630 1359 conscius.
667 1299 772 1375 Itaque
788 1298 918 1359 Senecae
941 1309 1160 1376 ceterorumque
1176 1298 1426 1359 admonendorum

72 1406 176 1459 55555,
211 1396 246 1447 51
267 1407 287 1447 5
315 1389 531 1463 conspiratione
554 1386 740 1459 desisterent,
774 1396 888 1447 cometa
910 1386 1039 1449 fulserat.
1086 1386 1262 1462 Quanquam
1286 1402 1351 1444 cum
1376 1386 1426 1448 1115

71 1475 226 1535 diuturnus
249 1483 364 1536 cometa
384 1492 436 1534 sex
459 1476 601 1534 mensium
624 1473 776 1533 incidisset
798 1476 827 1532 in
849 1492 958 1534 annum
976 1475 1083 1534 Christi
1107 1474 1259 1548 vulgarem
1285 1475 1335 1546 60,
1359 1483 1428 1550 post

71 1571 196 1637 quatuor
219 1579 328 1635 55555,
351 1562 440 1639 55515
462 1569 532 1622 ante
554 1578 656 1621 necem
678 1561 822 1634 Senecae,
847 1562 922 1622 alius
945 1564 1083 1636 accessit3
1107 1568 1136 1620 et
1158 1561 1271 1619 Plinius
1295 1577 1427 1622 commc-

72 1658 165 1710 morat
186 1650 272 1710 sidus
293 1658 425 1711 cometae
448 1649 579 1710 Neronia
600 1652 809 1725 principatum
833 1650 990 1709 assiduum
1011 1667 1106 1726 prope
1127 1656 1311 1708 5155555555.

173 1737 227 1797 Sic
248 1755 314 1797 cum
336 1754 413 1797 anno
436 1736 544 1795 Cbriati
570 1737 662 1798 1556.
686 1755 705 1795 5
728 1738 778 1795 20.
803 1738 887 1796 Febr.
919 1739 948 1795 in
975 1738 1023 1796 15.
1047 1738 1118 1813 555.
1149 1743 1265 1795 cometa
1285 1735 1426 1809 fulsisset,

71 1827 120 1899 qui
149 1841 253 1885 cursus
276 1826 359 1883 initio
382 1841 418 1884 ex
442 1823 531 1883 Libra
553 1831 657 1901 capto,
691 1825 765 1883 inter
787 1823 872 1900 polos
895 1823 1048 1901 ecliptieae
1071 1832 1100 1883 ct
1121 1824 1289 1897 aequatoris
1312 1822 1427 1882 medius

71 1913 208 1971 transivit
229 1911 406 1987 tandemque
420 1913 450 1969 in
474 1913 618 1971 contrario
635 1911 743 1970 Arietis
763 1913 847 1987 signo
863 1929 953 1988 prope
976 1912 1141 1988 eclipticam
1156 1910 1309 1984 disparuit,
1332 1910 1427 1970 canda

71 1998 218 2074 similiter,
246 2007 280 2059 ut
302 1999 433 2059 moderni
455 2006 601 2069 cometae,
625 2000 768 2070 micante,
802 1998 926 2058 Carolus
949 1998 1075 2073 Quintus
1098 1998 1183 2057 Rom.
1207 1994 1281 2074 Imp.
1305 1998 1426 2057 5511511

71 2089 209 2146 nuncium
233 2089 438 2164 interpretatus
462 2094 522 2162 est,
553 2088 753 2145 55555115555
776 2089 1048 2162 circapcreonam,
1081 2087 1243 2162 supervixit
1267 2087 1343 2144 enim
1367 2084 1428 2160 diu,

71 2192 123 2234 nec
140 2177 261 2234 occasio
282 2175 432 2234 turbarum
447 2174 503 2232 fuit
525 2190 601 2233 mors
617 2172 724 2244 Caroli,
747 2175 905 2249 provinciis
921 2173 1008 2250 longe
1030 2180 1100 2233 5515
1121 2173 1302 2246 55551115115,
1327 2174 1427 2248 115555

71 2279 127 2321 555
160 2271 206 2322 551
236 2270 369 2322 cometae
397 2261 657 2335 significationibus
685 2260 878 2320 adscribenda
902 2279 979 2321 mora
1003 2262 1076 2336 ejus.
1123 2261 1192 2319 51115
1215 2276 1285 2319 5555
1308 2263 1428 2335 negotia

72 2349 139 2409 binc
169 2350 287 2409 1555551
317 2351 449 2426 1555515,
485 2365 562 2424 quae
591 2350 700 2407 rectius
730 2357 861 2408 cornetae
892 2349 933 2406 illi
962 2368 980 2408 5
1009 2348 1130 2420 55115515
1160 2348 1270 2406 tributa
1300 2347 1426 2421 fuerunt,

72 2435 219 2512 quaedam
232 2439 342 2508 statim,
358 2437 502 2511 quaedam
516 2437 678 2495 seminibus
694 2437 722 2493 in
738 2436 929 2511 longinquum
944 2437 1041 2511 jactis.
1070 2437 1153 2495 Tune
1170 2436 1246 2494 enim
1261 2433 1426 2510 Philippus,

71 2542 118 2584 rex
134 2524 357 2600 Hispaniarum,
378 2523 513 2598 Angliae,
529 2522 635 2596 Belgii,
658 2521 766 2582 bellum
783 2524 899 2598 paravit
913 2526 941 2580 in
956 2541 1056 2598 regem
1073 2523 1189 2583 Galliac
1205 2528 1425 2597 pugnatumque

71 2620 114 2671 eat
140 2628 221 2670 anno
250 2613 385 2687 sequenti
410 2612 490 2670 1557
515 2611 697 2670 memorabili
726 2613 804 2685 regis
826 2610 955 2687 Philippi
979 2613 1103 2670 victoria
1126 2609 1164 2670 ad
1187 2608 1218 2669 S.
1243 2607 1425 2682 Quintinnm.

72 2700 105 2757 ln
127 2698 257 2758 Livonia
287 2714 470 2759 successores
499 2700 629 2774 magistri
660 2700 798 2758 teutonici
828 2697 1032 2758 dissentientes
1055 2698 1252 2769 Moscoritas,
1286 2695 1425 2771 Polonos,

71 2786 181 2846 Succos
213 2794 243 2846 51
270 2782 376 2847 Danos
405 2788 435 2844 in
463 2788 646 2861 provinciam
676 2792 870 2850 attraxerunt.
904 2804 939 2845 ex
970 2804 1029 2861 qua
1058 2804 1088 2845 re
1118 2785 1365 2845 luctuosissimum
1397 2795 1425 2844 et

72 2874 240 2932 dintrrmum
264 2873 374 2933 bellum
390 2882 532 2946 exortum,
557 2890 615 2946 quo
631 2873 758 2931 Livonia
781 2875 901 2949 imperio
918 2880 1026 2948 erepta,
1049 2872 1185 2933 libertate
1199 2872 1315 2947 privata
1338 2874 1426 2947 inque

71 2969 167 3037 partes
185 2981 204 3019 5
217 2960 359 3033 11555515,
375 2959 495 3020 Ρ515515
512 2968 541 3019 51
556 2960 658 3020 855515
675 2960 829 3037 discerpta.
865 2960 974 3034 Tertio,
991 2978 1057 3020 cnm
1072 2961 1184 3037 Belgae
1199 2960 1427 3019 contribuiseent

73 3050 102 3105 in
123 3048 236 3108 bellum
254 3047 410 3120 Gallicum,
433 3049 595 3124 praefectos
610 3050 723 3107 aerario
745 3066 817 3108 snae
840 3050 936 3124 gentis
955 3048 1089 3108 homines
1111 3047 1261 3119 dederunt,
1284 3050 1425 3106 recusatis

72 3135 232 3212 Hispanis,
264 3153 323 3210 555
346 3153 376 3196 55
400 3136 518 3195 51155515
540 3136 681 3210 Hispanis
703 3145 806 3194 mutua
828 3139 978 3195 nationum
1002 3136 1071 3195 odia
1094 3142 1273 3196 exarserunt.
1319 3135 1430 3221 Itaque¹

72 3223 205 3283 nonnulli
232 3223 436 3283 historicorum
464 3241 569 3282 causas
600 3222 668 3282 belli
691 3223 821 3299 Belgici,
854 3223 934 3299 quod
956 3223 1071 3299 aliquot
1092 3231 1160 3300 poet
1182 3224 1267 3282 annis
1290 3214 1426 3298 coeptum

73 3311 135 3383 1511,
159 3328 196 3370 ex
218 3310 276 3369 boc
298 3327 376 3370 anno
398 3310 594 3370 verisimiliter
614 3317 758 3386 repetunt.

175 3396 310 3456 Eundem
325 3397 363 3456 ad
385 3397 505 3457 modurn
521 3395 557 3456 de
572 3397 629 3456 boc
645 3398 734 3458 ctiam
757 3404 872 3457 cometa
887 3397 1084 3473 cogitandum,
1108 3398 1172 3468 5151,
1196 3398 1247 3470 551
1262 3395 1426 3472 significata

73 3486 137 3559 ejus
167 3484 208 3544 ad
236 3502 377 3560 personas
403 3493 433 3544 et
459 3485 527 3544 loca
555 3494 634 3543 certa
664 3484 828 3558 deducunt,
860 3487 1031 3545 creberrime
1055 3486 1176 3545 erraturi
1197 3491 1280 3558 sunt;
1314 3501 1426 3560 555555

73 3579 169 3632 tamen
186 3570 314 3646 aliquos,
338 3571 408 3648 quid
424 3575 448 3630 15
471 3573 526 3631 sibi
550 3571 629 3642 55111,
654 3575 771 3630 omnino
786 3575 973 3648 praevisuros
989 3569 1054 3649 (¹⁴²).
1092 3572 1194 3647 Neque
1210 3573 1286 3631 enim
1310 3573 1427 3634 aberrat

74 3661 225 3736 proposito
240 3660 331 3731 Deus,
354 3659 406 3719 5551
430 3661 547 3718 omnino
569 3659 648 3718 111155
671 3677 721 3719 555
743 3662 846 3735 tangit,
870 3678 956 3734 quem
978 3662 1035 3719 sibi
1058 3660 1234 3718 monendum
1257 3659 1425 3731 (1551155511,

72 3748 135 3806 5155
157 3755 262 3824 555551
284 3745 350 3820 1115,
380 3749 444 3808 5155
468 3752 643 3806 contemnat.
688 3747 743 3804 Vis
767 3749 924 3823 inquirere,
947 3748 1088 3823 quidnam
1111 3749 1139 3804 in
1163 3749 1260 3823 555515
1283 3747 1427 3823 significet

73 3834 208 3894 cometa?
236 3836 424 3908 circumspice
448 3837 567 3906 negotia
588 3835 865 3911 rerumpublicarum
889 3853 924 3894 55
948 3853 983 3895 55
1006 3838 1122 3911 1555515
1144 3834 1193 3894 551
1216 3836 1343 3910 agitata,
1367 3852 1426 3909 quo

73 3929 186 3981 cometa
201 3920 306 3980 illuxit
347 3923 466 3981 Frustra
476 3921 527 3980 illa
541 3920 620 3997 apud
636 3939 730 3982 meam
747 3924 955 3982 conscientiam
971 3925 1103 3997 inquiris,
1120 3923 1206 3980 nnius
1222 3922 1348 3981 hominis
1358 3917 1425 4000 (¹³);

74 4008 122 4066 adi
145 4011 243 4068 curias
263 4008 458 4084 Hispanicas,
482 4007 630 4080 Gallicas,
654 4008 857 4083 Germanicas,
881 4009 1009 4081 Italicas,
1034 4010 1200 4080 Polonicas,
1224 4009 1372 4081 Turcieas,
1397 4016 1427 4068 51

72 4098 95 4153 51
111 4114 188 4172 5555
211 4103 280 4154 5551
294 4095 371 4155 51155
384 4096 535 4155 bominum
550 4096 730 4171 frequentiae
748 4115 871 4173 magnae
887 4093 956 4177 (Ν).
996 4099 1039 4157 Ex
1054 4098 1135 4156 hisce
1158 4099 1267 4171 quippe
1289 4098 1425 4170 negotiis,

73 4200 128 4241 non
161 4183 280 4260 quidem
309 4183 463 4256 omnibus,
496 4201 554 4243 nno
583 4192 680 4243 tamen
710 4194 798 4261 atque
822 4184 913 4244 altero
936 4184 1021 4245 creda
1045 4188 1184 4243 oritarum
1206 4183 1373 4242 incendium
1396 4191 1426 4241 51

72 4271 227 4345 perniciem
242 4273 334 4346 partia
357 4270 483 4346 alicujus
499 4272 659 4343 bominum,
684 4272 804 4331 alterins
821 4289 891 4331 vero
913 4272 1062 4348 gaudium,
1086 4279 1119 4330 ut
1136 4271 1212 4330 55151
1234 4271 1312 4343 15551;
1337 4269 1425 4345 151555

74 4365 153 4417 15515
181 4357 291 4417 fiducia
312 4360 488 4434 pronuncio,
523 4366 635 4434 quanta
657 4367 701 4418 est
723 4360 916 4435 allegatornm
939 4366 1090 4418 auctorum
1113 4362 1142 4416 in
1165 4358 1211 4416 1515
1233 4358 1319 4416 551555
1343 4356 1424 4417 fides.

74 4444 103 4503 Si
125 4461 212 4505 nemo
227 4453 388 4521 praeterea,
412 4445 459 4504 hic
482 4454 558 4505 55515
574 4444 738 4506 incendium
758 4448 820 4522 jam
835 4448 932 4520 sentit,
956 4447 1041 4522 cujua
1063 4449 1091 4506 iu
1115 4446 1202 4505 domo
1223 4444 1295 4503 illud
1319 4445 1425 4517 oritur3

75 4532 148 4606 55551
179 4549 245 4591 cum
277 4535 339 4608 ipae
368 4533 499 4605 negligat
528 4541 685 4608 actumque
714 4537 752 4591 515
784 4535 819 4594 515
849 4534 913 4607 ejus
937 4533 1036 4606 domo,
1069 4540 1167 4593 monet
1190 4540 1286 4591 tamen
1311 4540 1425 4592 cometa

76 4621 252 4678 vicinitatem
281 4616 346 4695 (111.
393 4617 511 4678 Utinam
546 4619 679 4695 quidem,
713 4640 801 4696 qnam
835 4638 894 4679 non
924 4639 1043 4697 possum
1077 4639 1132 4696 ego
1164 4628 1272 4679 certam
1305 4618 1424 4679 definire

76 4722 225 4779 personam
248 4705 295 4767 vel
310 4706 417 4779 locum,
440 4714 501 4766 tam
519 4710 576 4766 ista
598 4711 627 4765 15
643 4710 811 4768 universum
835 4725 913 4766 5555
935 4708 1069 4781 dicerem,
1093 4707 1259 4783 singulique
1282 4704 1425 4766 admoniti

78 4790 244 4855 desinerent
273 4793 445 4872 periculosis
474 4797 693 4872 temerariiaque
723 4797 864 4873 15555115,
898 4812 974 4869 5555
1000 4796 1097 4857 laruae
1124 4793 1230 4872 cupido
1254 4792 1424 4871 plerumque
