3284 5520
483 332 543 388 Lib.
561 331 596 387 11.
634 334 806 389 cometarum
824 331 1006 402 Physiologia.
1360 337 1424 405 113

71 512 238 571 imitantur
259 515 385 571 cattam.
428 511 583 586 Poterant,
607 511 778 589 compendio
801 513 868 584 usi,
892 529 951 571 uon
974 509 1086 588 ingredi
1109 511 1162 570 suh
1186 520 1300 572 terram.
1345 515 1424 575 Eto

72 599 200 659 validum
223 607 379 672 tortorem,
403 601 453 674 qui
477 602 610 675 captivos
633 603 730 676 coligit
754 602 808 657 suh
831 607 931 673 auhn,
955 616 1030 674 quos
1052 602 1117 676 ipsa
1139 607 1223 658 antra
1245 608 1343 661 tenere
1366 620 1425 663 nou

71 694 236 761 potueruut.
275 685 360 745 Haec
383 693 412 745 et
434 687 541 745 similia
563 687 651 763 plane
674 685 771 746 futilia
793 688 944 760 existimo,
967 689 1098 745 nituntur
1121 689 1198 746 enim
1214 687 1328 749 duabus
1342 689 1424 750 falsis

72 776 270 850 opinionibus:
304 783 433 833 cometas
461 775 577 848 ardere,
609 783 638 833 et
667 775 723 834 sub
752 773 838 833 Luna
870 791 944 833 esse.
991 774 1143 833 Accedunt
1172 784 1201 834 et
1229 774 1288 835 ulia
1315 779 1425 837 incerta

72 871 97 919 et
116 862 206 920 falsa.
236 900 240 907 -

172 946 213 1008 Ut
244 950 332 1023 igitur
362 947 433 1008 talia
462 954 592 1008 cometas
622 956 729 1009 eventa
758 946 930 1007 naturaliter
958 951 1150 1023 comitentur,
1183 950 1357 1009 arcessenda
1380 959 1426 1010 est

71 1035 192 1095 facultas
215 1035 362 1111 quaedam
383 1036 525 1094 naturalis
548 1045 600 1095 aut
621 1035 721 1095 vitalis
744 1045 796 1096 aut
818 1036 952 1094 animalis
967 1036 1071 1095 similis
1086 1040 1174 1112 inque
1190 1035 1346 1112 Tellurem,
1371 1056 1424 1097 ceu

71 1124 95 1179 in
115 1125 268 1199 propriam
283 1125 473 1198 provinciam,
497 1123 687 1195 immittenda,
712 1132 744 1182 ut
765 1123 879 1182 efficere
903 1122 954 1182 illa
975 1126 1070 1199 possit
1093 1127 1158 1200 ipsa
1181 1133 1214 1183 ut
1234 1142 1373 1201 praesens
1396 1133 1426 1185 et

70 1213 177 1285 peritus
199 1211 314 1282 artifex,
338 1228 414 1285 quaa
436 1212 552 1270 absenti
575 1219 705 1270 cometae
728 1210 833 1269 frustra
856 1211 1109 1270 transscribantur.

170 1297 286 1373 Repeto
318 1298 418 1375 itaque
449 1298 587 1373 dogmata
617 1308 775 1357 consueta:
806 1300 922 1373 quoties
952 1301 1023 1355 novi
1050 1299 1122 1375 quid
1150 1301 1178 1357 in
1208 1299 1291 1359 coelo
1317 1302 1424 1374 existit,

70 1400 115 1441 sen
146 1388 276 1443 rariores
304 1384 559 1457 constellationes,
591 1403 644 1445 seu
672 1385 759 1461 plane
786 1402 882 1443 novae
909 1385 1013 1444 stellae
1040 1394 1092 1444 ant
1120 1393 1268 1459 cometae,
1300 1386 1424 1446 facultas

70 1471 166 1529 mnndi
202 1471 371 1531 sublunaris
400 1471 457 1531 hoc
489 1475 673 1549 persentiscit
705 1481 735 1531 et
764 1472 945 1547 obstupescit
976 1489 1094 1548 unaque
1126 1472 1281 1533 facultates
1311 1485 1424 1533 ceterae

70 1562 197 1617 omnium
229 1576 323 1619 rerum
345 1559 555 1620 sublunarium.
593 1568 640 1631 (Da
659 1568 699 1615 tris
718 1567 774 1615 vids
793 1568 838 1617 lib.
859 1565 904 1616 tv.
922 1566 1088 1615 harmonicas
1107 1567 1214 1632 Mundi.)
1261 1560 1424 1637 Praecipue

69 1664 133 1705 rero
158 1649 268 1705 attinet
288 1650 346 1704 ista
368 1664 433 1706 cum
456 1648 539 1706 coelo
562 1646 730 1724 sympathia
744 1646 914 1705 facultatem
928 1648 1071 1704 internam
1087 1644 1169 1721 globi
1185 1646 1321 1721 Telluris,
1346 1666 1423 1724 quae

69 1750 187 1810 operum
218 1733 358 1805 Telluris,
388 1734 445 1793 hoo
473 1744 517 1794 est
545 1737 741 1810 generationis
772 1733 970 1807 mineralium,
1002 1733 1153 1791 fluminum
1186 1742 1214 1792 et
1245 1734 1422 1810 pluviarum,

69 1839 212 1897 vaporum
235 1821 364 1880 effectrix
377 1830 439 1885 ast.
477 1821 544 1881 Hac
567 1824 666 1897 itaque
689 1820 829 1880 facultate
845 1818 970 1878 Telluris
993 1821 1130 1879 insolenti
1154 1836 1285 1881 cometae
1302 1827 1422 1899 appari-

68 1911 145 1967 tione
169 1916 366 1981 consternata,
390 1924 448 1967 uno
472 1911 613 1977 terrestris
635 1909 799 1984 superficiei
821 1907 886 1966 loco
909 1907 1033 1965 multum
1054 1908 1178 1966 exsudat
1193 1926 1345 1985 vaporum,
1370 1927 1423 1986 pro

69 1995 211 2070 qualitate
241 1995 319 2054 illius
347 1998 438 2071 partis
467 1998 513 2054 sui
541 1998 687 2072 corporis:
714 1996 782 2054 binc
811 1994 964 2054 diuturnae
987 1995 1106 2070 pluvias
1129 2004 1159 2053 et
1180 1994 1341 2056 eluviones.
1386 1998 1424 2055 Et

68 2085 134 2158 quia
158 2099 197 2141 ex
218 2084 295 2141 aeria
317 2082 426 2141 haustu
449 2085 540 2142 vitam
564 2091 731 2143 sustentant
753 2081 904 2153 animalia,
934 2099 993 2140 uua
1016 2099 1052 2141 ex
1074 2085 1150 2141 aeris
1173 2100 1226 2141 seu
1249 2084 1423 2144 humiditate

67 2173 156 2229 nimia
188 2187 242 2229 seu
271 2171 523 2245 inquinationibus
550 2171 616 2229 aliis
638 2188 690 2246 per
711 2172 819 2228 mixtas
841 2168 1042 2228 exhalationes
1064 2172 1205 2243 nitrosas,
1237 2172 1422 2244 arsenicales,

67 2257 255 2334 sulphuratae
282 2259 412 2316 existunt
440 2258 533 2317 morbi
562 2258 730 2334 epidemici,
762 2256 981 2334 cephalalgiae,
1014 2260 1185 2333 vertigines,
1215 2259 1357 2332 catarrhi,
1391 2268 1425 2318 ut
1533 2286 1536 2299 =

68 2361 143 2404 auuo
171 2348 265 2417 1582,
289 2344 415 2420 denique
437 2349 537 2421 pestis,
562 2355 593 2404 ut
616 2362 693 2404 anno
712 2346 803 2404 1596.
844 2343 952 2403 Contra
968 2342 1033 2401 aliis
1049 2342 1156 2404 Terrae
1172 2344 1253 2416 locis,
1279 2346 1422 2406 exhausto

67 2431 138 2492 forte
167 2430 305 2503 humore,
338 2431 462 2491 facultas
489 2432 563 2491 haec
585 2432 711 2491 Telluris
733 2431 864 2490 adoritur
885 2433 1035 2490 materiam
1059 2427 1147 2506 qu'am
1170 2434 1296 2506 invenit,
1328 2451 1364 2493 ex
1388 2450 1423 2492 ea

67 2522 160 2578 siccas
183 2517 389 2578 exhalationes
408 2519 495 2593 elicit,
520 2520 626 2595 quibus
641 2518 825 2579 sterilescunt
840 2517 961 2593 glebae,
985 2518 1110 2592 denique
1126 2536 1200 2595 opus
1215 2537 1300 2577 suum
1317 2522 1422 2578 tantis-

66 2623 116 2683 per
142 2614 243 2682 urget,
275 2606 367 2665 donec
394 2616 497 2665 coacta
525 2607 637 2683 aliquid
660 2609 705 2666 vis
727 2605 902 2681 sulphureae
924 2605 1023 2664 aridae
1047 2610 1186 2665 materiae
1209 2608 1264 2666 sub
1288 2616 1364 2666 terra
1387 2625 1422 2666 ex

66 2694 181 2752 fervore
204 2695 295 2752 nimio
318 2693 465 2752 flammam
488 2696 633 2772 concipiat
654 2696 753 2770 itaque
776 2703 852 2751 terra
875 2692 1008 2750 dissiliat.

169 2779 255 2840 Haec
282 2782 370 2857 igitur
398 2789 457 2855 est,
488 2784 513 2839 si
546 2782 605 2840 ulla
633 2790 678 2840 est
707 2778 848 2838 naturalis
879 2782 1021 2838 connexio
1048 2778 1152 2838 horum
1174 2789 1332 2839 eventuum
1356 2798 1422 2840 cum

66 2875 190 2927 cometa
236 2867 289 2925 Est
311 2885 380 2926 vero
404 2877 434 2927 et
455 2870 484 2925 in
508 2869 639 2940 homine,
663 2871 717 2927 etsi
740 2884 845 2926 coecus
869 2874 945 2926 esset
967 2884 1021 2925 uec
1043 2867 1159 2926 coelum
1182 2884 1311 2944 unquam
1334 2885 1443 2944 aspe··

65 2958 173 3028 xisset,
195 2952 321 3014 facultas
343 2955 461 3030 aliqua,
492 2956 662 3015 coelestium
685 2957 864 3033 perceptrix,
889 2972 953 3014 sese
978 2953 1060 3012 coelo
1084 2959 1265 3032 compatiens
1288 2964 1317 3015 ct
1339 2959 1369 3014 in
1392 2955 1421 3013 id

66 3041 181 3102 occulto
205 3059 295 3101 sensu
316 3045 492 3118 respiciens,
524 3061 600 3119 quae
628 3043 762 3102 similiter
790 3042 1011 3118 inquietarunt)
1040 3042 1078 3100 ab
1101 3044 1154 3115 iis,
1186 3060 1262 3120 quae
1286 3046 1315 3101 in
1339 3042 1421 3102 coelo

66 3147 144 3188 nova
167 3134 313 3201 existunt,
336 3139 374 3188 ut
393 3138 438 3188 est
460 3141 582 3190 cometa.
628 3130 707 3190 Hinc
728 3146 787 3188 non
810 3129 904 3187 solum
928 3131 1190 3205 praeternaturales
1214 3134 1423 3190 commotiones

66 3216 222 3276 humorum
245 3225 275 3275 ct
296 3217 338 3275 sic
360 3218 463 3289 morbi,
487 3218 538 3277 scd
562 3220 650 3277 etiam
673 3218 908 3277 etlerbesceutiae
931 3217 1098 3275 affectuum.

171 3303 316 3380 Exemplo
338 3305 378 3362 sit
400 3313 515 3363 cometa
536 3307 604 3365 anni
632 3307 730 3380 litt,
761 3322 827 3363 cnm
851 3321 886 3363 eo
910 3312 1039 3380 tempore
1063 3306 1232 3363 occasiones
1256 3308 1422 3378 existerent,

68 3391 174 3466 quibus
198 3392 340 3449 invitatus
363 3391 417 3449 fuit
432 3391 623 3452 Sebastianus
639 3392 809 3451 Lusitaniae
832 3409 883 3450 rex
906 3391 944 3449 ad
968 3389 1157 3450 debellandos
1172 3390 1301 3466 Mauros,
1325 3394 1421 3459 fertur,

69 3481 172 3556 spretis
195 3472 414 3554 prudentiorum
431 3481 569 3553 consiliis,
595 3498 661 3539 cum
677 3497 735 3537 non
759 3478 921 3538 abundaret
943 3480 984 3555 rei
1008 3477 1131 3537 bellicae
1151 3481 1259 3554 peritis,
1283 3481 1422 3556 pertinaci

68 3567 218 3643 proposito
243 3568 272 3623 in
295 3564 432 3624 hostilem
455 3568 554 3626 orbem
577 3568 742 3643 trajecisse,
766 3569 864 3642 itaque
889 3565 974 3642 culpa
997 3582 1051 3623 saa
1074 3569 1190 3644 propria
1214 3569 1334 3644 periisse
1357 3583 1423 3625 cum

70 3655 207 3713 exercitu.
252 3650 309 3711 Hic
332 3652 415 3712 vides
437 3654 602 3713 induratum
625 3672 723 3730 regem
746 3657 774 3711 iu
797 3655 947 3731 proposito
972 3661 1001 3710 et
1023 3655 1214 3729 pertinacem,
1239 3656 1288 3731 qni
1311 3656 1423 3713 ratione

70 3739 186 3816 quidem
213 3756 272 3797 non
302 3739 528 3816 destituebatur,
561 3742 613 3802 sed
639 3741 775 3819 cupidine
805 3753 979 3799 excoecatus
1002 3748 1031 3798 et
1054 3741 1149 3799 victus
1172 3741 1235 3799 fnit.
1282 3742 1340 3800 Hic
1367 3744 1423 3799 nisi

71 3830 183 3886 animus
196 3828 284 3902 regis,
307 3844 359 3886 sea
382 3850 415 3887 ao
431 3834 584 3903 θυμοειδες
597 3829 751 3888 Platonico
765 3845 854 3901 more,
877 3830 1050 3905 praecipuos
1066 3826 1116 3886 illo
1139 3837 1268 3906 tempore
1283 3831 1423 3888 sensisset

71 3915 205 3974 sfimuloa
220 3931 256 3974 ex
280 3916 462 3991 apparitione
479 3926 618 3991 cometae,
642 3915 743 3995 procul
760 3916 849 3974 dubio
872 3914 1024 3972 meliorum
1040 3917 1201 3974 sentcntiae
1217 3919 1422 3990 acquievisset.

72 4000 170 4078 Atque
199 4004 274 4060 ratio
304 4004 360 4079 ipsi
383 4020 401 4061 a
424 4003 490 4062 Ileo
519 4003 612 4063 libera
639 4003 791 4063 domandis
815 4003 965 4062 affectibus
990 4010 1052 4060 erat
1074 4002 1158 4075 data,
1191 4005 1334 4079 potuisset
1357 4002 1421 4073 hoc,
1463 4019 1466 4026 ’

72 4097 102 4147 ut
122 4090 226 4161 homo,
249 4090 275 4145 si
298 4087 450 4152 voluisset.
497 4090 600 4166 Credo,
625 4093 653 4148 in
678 4091 708 4148 itl
731 4100 812 4149 tanto
835 4089 944 4148 lumine
968 4096 1111 4147 cometam
1135 4089 1216 4147 Deus
1238 4093 1421 4161 instruxerat,

72 4192 115 4249 uc,
138 4185 170 4236 ut
184 4175 311 4254 plurimi,
333 4180 434 4252 paucis
449 4181 623 4256 conspicuus
638 4180 816 4257 praeteriret,
839 4176 891 4236 sed
914 4186 946 4234 ut
969 4175 1120 4234 evidenter
1134 4194 1230 4251 regem
1247 4177 1423 4235 imminentia

75 4278 107 4321 ex
128 4280 218 4324 coeco
241 4262 347 4324 aflectu
369 4267 507 4341 perniciei
529 4266 707 4326 admoueret.
743 4265 861 4324 Irritant
884 4267 992 4340 quippe
1016 4263 1145 4338 affectus,
1169 4272 1201 4323 at
1222 4281 1281 4324 uon
1304 4271 1420 4340 coguut.

174 4507 200 4572 'l
215 4508 292 4559 Huic
308 4523 394 4559 vocem
412 4510 553 4572 inquietari
578 4510 689 4572 imperiti
712 4522 793 4557 rernm
811 4504 1043 4570 philosophicamm
1061 4504 1160 4568 politici
1177 4505 1280 4570 quidam
1297 4507 1322 4553 in
1341 4506 1422 4554 forum

79 4584 259 4645 paruerunt,
285 4585 313 4628 ut
336 4580 398 4628 mihi
418 4576 559 4641 periculum
577 4584 689 4627 crearent
706 4578 773 4641 apurl
791 4577 917 4640 principes
936 4578 1011 4629 viros.
1048 4576 1151 4625 Scilicet
1168 4577 1232 4637 ipsis
1250 4577 1296 4623 hoo
1314 4573 1422 4637 capitale

78 4652 123 4709 att,
142 4648 172 4698 de
188 4648 303 4712 principe
319 4651 456 4713 affirmare,
477 4649 543 4710 quod
561 4650 714 4713 inquietetur
733 4662 750 4695 a
767 4646 848 4712 coelo,
872 4646 976 4707 perinde
994 4661 1022 4694 sc
1041 4647 1062 4694 si
1079 4648 1195 4708 princeps
1213 4660 1264 4693 nou
1283 4650 1346 4694 asset
1364 4658 1421 4707 pars

79 4722 189 4780 naturas,
208 4723 255 4767 sut
272 4720 347 4784 quasi
363 4719 521 4782 philosophis
539 4720 610 4782 loqui
628 4733 678 4766 nou
696 4717 794 4779 liceret,
812 4718 863 4765 uisi
880 4729 954 4764 seusu
972 4721 997 4764 st
1014 4717 1116 4765 notione
1134 4715 1254 4783 politica,
1273 4716 1340 4777 apud
1358 4729 1422 4779 quoa

79 4784 177 4851 hqnisrt
194 4787 262 4839 mla
281 4789 396 4840 audiunt.
430 4793 486 4847 (cfr.
502 4794 552 4836 vot.
567 4794 586 4835 1.
601 4804 623 4845 p.
636 4792 684 4837 bit.
700 4798 724 4837 et
737 4804 806 4846 supra
817 4804 841 4844 p.
854 4789 897 4843 28.)

148 4888 243 4942 maiar
257 4888 340 4941 com
367 4888 419 4933 vu.
1193 4875 1213 4933 8
