<?xml version="1.0" encoding="UTF-8"?>
<!DOCTYPE html PUBLIC "-//W3C//DTD XHTML 1.0 Transitional//EN"
    "http://www.w3.org/TR/xhtml1/DTD/xhtml1-transitional.dtd">
<html xmlns="http://www.w3.org/1999/xhtml" xml:lang="en" lang="en">
 <head>
  <title>
</title>
<meta http-equiv="Content-Type" content="text/html;charset=utf-8" />
  <meta name='ocr-system' content='tesseract 3.04.00' />
  <meta name='ocr-capabilities' content='ocr_page ocr_carea ocr_par ocr_line ocrx_word'/>
</head>
<body>
  <div class='ocr_page' id='page_1' title='image "./joanniskepleria07frisgoog_0092.png"; bbox 0 0 3284 5520; ppageno 0'>
   <div class='ocr_carea' id='block_1_1' title="bbox 462 336 1433 406">
    <p class='ocr_par' dir='ltr' id='par_1_1' title="bbox 462 336 1433 406">
     <span class='ocr_line' id='line_1_1' title="bbox 462 336 1433 406; baseline -0.003 -15"><span class='ocrx_word' id='word_1_1' title='bbox 462 338 521 393; x_wconf 89' lang='lat' dir='ltr'><strong>Lib.</strong></span> <span class='ocrx_word' id='word_1_2' title='bbox 540 338 561 392; x_wconf 91' lang='lat'>1.</span> <span class='ocrx_word' id='word_1_3' title='bbox 580 338 707 393; x_wconf 75' lang='lat' dir='ltr'>cometae</span> <span class='ocrx_word' id='word_1_4' title='bbox 725 336 789 391; x_wconf 86' lang='lat' dir='ltr'>cuni</span> <span class='ocrx_word' id='word_1_5' title='bbox 810 337 885 392; x_wconf 66' lang='lat' dir='ltr'>idid.</span> <span class='ocrx_word' id='word_1_6' title='bbox 922 337 1012 406; x_wconf 84' lang='lat' dir='ltr'>Caput</span> <span class='ocrx_word' id='word_1_7' title='bbox 1029 337 1051 389; x_wconf 92' lang='lat'>1.</span> <span class='ocrx_word' id='word_1_8' title='bbox 1391 338 1433 406; x_wconf 78' lang='lat'>77</span> 
     </span>
    </p>
   </div>
   <div class='ocr_carea' id='block_1_2' title="bbox 73 514 1456 4697">
    <p class='ocr_par' dir='ltr' id='par_1_2' title="bbox 74 514 1435 2687">
     <span class='ocr_line' id='line_1_2' title="bbox 75 514 1434 592; baseline -0.001 -17"><span class='ocrx_word' id='word_1_9' title='bbox 75 533 126 576; x_wconf 86' lang='lat' dir='ltr'>rea</span> <span class='ocrx_word' id='word_1_10' title='bbox 147 516 235 592; x_wconf 87' lang='lat' dir='ltr'>lapsa</span> <span class='ocrx_word' id='word_1_11' title='bbox 258 517 431 589; x_wconf 80' lang='lat' dir='ltr'>memoriae,</span> <span class='ocrx_word' id='word_1_12' title='bbox 461 533 514 576; x_wconf 88' lang='lat' dir='ltr'>seu</span> <span class='ocrx_word' id='word_1_13' title='bbox 542 532 666 592; x_wconf 89' lang='lat' dir='ltr'>graecae</span> <span class='ocrx_word' id='word_1_14' title='bbox 688 515 808 589; x_wconf 82' lang='lat' dir='ltr'><strong>linguae</strong></span> <span class='ocrx_word' id='word_1_15' title='bbox 829 516 1022 591; x_wconf 75' lang='lat' dir='ltr'><strong>ignoratione.</strong></span> <span class='ocrx_word' id='word_1_16' title='bbox 1068 514 1174 575; x_wconf 79' lang='lat' dir='ltr'>Tradit</span> <span class='ocrx_word' id='word_1_17' title='bbox 1195 518 1287 589; x_wconf 91' lang='lat' dir='ltr'>enim,</span> <span class='ocrx_word' id='word_1_18' title='bbox 1319 514 1355 575; x_wconf 91' lang='lat' dir='ltr'>de</span> <span class='ocrx_word' id='word_1_19' title='bbox 1377 515 1434 573; x_wconf 88' lang='lat' dir='ltr'>boc</span> 
     </span>
     <span class='ocr_line' id='line_1_3' title="bbox 77 603 1432 680; baseline 0 -19"><span class='ocrx_word' id='word_1_20' title='bbox 77 607 138 679; x_wconf 89' lang='lat' dir='ltr'>ipao</span> <span class='ocrx_word' id='word_1_21' title='bbox 162 612 281 664; x_wconf 89' lang='lat' dir='ltr'>cometa</span> <span class='ocrx_word' id='word_1_22' title='bbox 302 606 440 680; x_wconf 76' lang='lat' dir='ltr'>scripisse</span> <span class='ocrx_word' id='word_1_23' title='bbox 463 603 666 675; x_wconf 73' lang='lat' dir='ltr'>Aristotelem,</span> <span class='ocrx_word' id='word_1_24' title='bbox 689 620 748 662; x_wconf 91' lang='lat' dir='ltr'>non</span> <span class='ocrx_word' id='word_1_25' title='bbox 771 604 900 675; x_wconf 78' lang='lat' dir='ltr'>trabem,</span> <span class='ocrx_word' id='word_1_26' title='bbox 928 603 980 662; x_wconf 88' lang='lat' dir='ltr'>aed</span> <span class='ocrx_word' id='word_1_27' title='bbox 1004 612 1149 662; x_wconf 88' lang='lat' dir='ltr'>cometam</span> <span class='ocrx_word' id='word_1_28' title='bbox 1171 605 1276 677; x_wconf 87' lang='lat' dir='ltr'>luisse,</span> <span class='ocrx_word' id='word_1_29' title='bbox 1305 610 1432 663; x_wconf 86' lang='lat' dir='ltr'>ceterum</span> 
     </span>
     <span class='ocr_line' id='line_1_4' title="bbox 77 691 1432 768; baseline 0 -19"><span class='ocrx_word' id='word_1_30' title='bbox 77 694 114 749; x_wconf 90' lang='lat' dir='ltr'>ob</span> <span class='ocrx_word' id='word_1_31' title='bbox 137 694 262 749; x_wconf 85' lang='lat' dir='ltr'>niarium</span> <span class='ocrx_word' id='word_1_32' title='bbox 285 691 419 751; x_wconf 88' lang='lat' dir='ltr'>ardorem</span> <span class='ocrx_word' id='word_1_33' title='bbox 441 708 499 750; x_wconf 89' lang='lat' dir='ltr'>uon</span> <span class='ocrx_word' id='word_1_34' title='bbox 524 693 695 768; x_wconf 79' lang='lat' dir='ltr'>apparuisse</span> <span class='ocrx_word' id='word_1_35' title='bbox 718 707 852 768; x_wconf 89' lang='lat' dir='ltr'>sparsum</span> <span class='ocrx_word' id='word_1_36' title='bbox 875 693 988 765; x_wconf 85' lang='lat' dir='ltr'>iguem,</span> <span class='ocrx_word' id='word_1_37' title='bbox 1019 691 1071 749; x_wconf 90' lang='lat' dir='ltr'>sed</span> <span class='ocrx_word' id='word_1_38' title='bbox 1095 691 1270 767; x_wconf 90' lang='lat' dir='ltr'>procedente</span> <span class='ocrx_word' id='word_1_39' title='bbox 1293 699 1432 766; x_wconf 89' lang='lat' dir='ltr'>tempore,</span> 
     </span>
     <span class='ocr_line' id='line_1_5' title="bbox 75 777 1433 856; baseline -0.001 -19"><span class='ocrx_word' id='word_1_40' title='bbox 75 795 139 837; x_wconf 91' lang='lat' dir='ltr'>cum</span> <span class='ocrx_word' id='word_1_41' title='bbox 164 779 230 854; x_wconf 85' lang='lat' dir='ltr'>jam</span> <span class='ocrx_word' id='word_1_42' title='bbox 258 780 355 837; x_wconf 91' lang='lat' dir='ltr'>minus</span> <span class='ocrx_word' id='word_1_43' title='bbox 383 779 532 856; x_wconf 87' lang='lat' dir='ltr'>flagraret,</span> <span class='ocrx_word' id='word_1_44' title='bbox 563 777 708 837; x_wconf 87' lang='lat' dir='ltr'>redditam</span> <span class='ocrx_word' id='word_1_45' title='bbox 735 794 818 837; x_wconf 88' lang='lat' dir='ltr'>suam</span> <span class='ocrx_word' id='word_1_46' title='bbox 850 786 982 837; x_wconf 88' lang='lat' dir='ltr'>cometae</span> <span class='ocrx_word' id='word_1_47' title='bbox 1012 778 1127 837; x_wconf 84' lang='lat' dir='ltr'>faciem.</span> <span class='ocrx_word' id='word_1_48' title='bbox 1172 779 1265 854; x_wconf 87' lang='lat' dir='ltr'>Atqui</span> <span class='ocrx_word' id='word_1_49' title='bbox 1289 779 1313 835; x_wconf 84' lang='lat' dir='ltr'>si</span> <span class='ocrx_word' id='word_1_50' title='bbox 1336 777 1433 838; x_wconf 88' lang='lat' dir='ltr'>locum</span> 
     </span>
     <span class='ocr_line' id='line_1_6' title="bbox 75 865 1434 941; baseline -0.001 -17"><span class='ocrx_word' id='word_1_51' title='bbox 75 866 245 925; x_wconf 77' lang='lat' dir='ltr'>Ametotelis</span> <span class='ocrx_word' id='word_1_52' title='bbox 267 868 407 941; x_wconf 88' lang='lat' dir='ltr'>requiras,</span> <span class='ocrx_word' id='word_1_53' title='bbox 430 868 473 925; x_wconf 92' lang='lat' dir='ltr'>sic</span> <span class='ocrx_word' id='word_1_54' title='bbox 495 866 545 924; x_wconf 90' lang='lat' dir='ltr'>ille</span> <span class='ocrx_word' id='word_1_55' title='bbox 567 865 708 941; x_wconf 86' lang='lat' dir='ltr'>prodidit:</span> <span class='ocrx_word' id='word_1_56' title='bbox 733 873 849 924; x_wconf 86' lang='lat' dir='ltr'>coureta</span> <span class='ocrx_word' id='word_1_57' title='bbox 871 865 921 922; x_wconf 85' lang='lat' dir='ltr'>ille</span> <span class='ocrx_word' id='word_1_58' title='bbox 945 867 1050 940; x_wconf 70' lang='lat' dir='ltr'>ingens</span> <span class='ocrx_word' id='word_1_59' title='bbox 1070 874 1125 925; x_wconf 91' lang='lat' dir='ltr'>etc.</span> <span class='ocrx_word' id='word_1_60' title='bbox 1172 865 1214 924; x_wconf 86' lang='lat' dir='ltr'>Et</span> <span class='ocrx_word' id='word_1_61' title='bbox 1235 868 1340 941; x_wconf 78' lang='lat' dir='ltr'>prima</span> <span class='ocrx_word' id='word_1_62' title='bbox 1363 869 1434 941; x_wconf 90' lang='lat' dir='ltr'>qui-</span> 
     </span>
     <span class='ocr_line' id='line_1_7' title="bbox 74 950 1435 1030; baseline -0.001 -19"><span class='ocrx_word' id='word_1_63' title='bbox 74 953 139 1011; x_wconf 86' lang='lat' dir='ltr'>dem</span> <span class='ocrx_word' id='word_1_64' title='bbox 163 950 384 1029; x_wconf 78' lang='lat' dir='ltr'>(apparitionis)</span> <span class='ocrx_word' id='word_1_65' title='bbox 407 953 455 1011; x_wconf 88' lang='lat' dir='ltr'>die</span> <span class='ocrx_word' id='word_1_66' title='bbox 476 970 541 1013; x_wconf 91' lang='lat' dir='ltr'>non</span> <span class='ocrx_word' id='word_1_67' title='bbox 563 961 605 1011; x_wconf 84' lang='lat' dir='ltr'>est</span> <span class='ocrx_word' id='word_1_68' title='bbox 626 956 708 1011; x_wconf 84' lang='lat' dir='ltr'>visua</span> <span class='ocrx_word' id='word_1_69' title='bbox 730 955 807 1028; x_wconf 81' lang='lat' dir='ltr'>(lpse</span> <span class='ocrx_word' id='word_1_70' title='bbox 831 970 897 1011; x_wconf 92' lang='lat' dir='ltr'>cum</span> <span class='ocrx_word' id='word_1_71' title='bbox 920 968 973 1010; x_wconf 91' lang='lat' dir='ltr'>suo</span> <span class='ocrx_word' id='word_1_72' title='bbox 998 950 1121 1029; x_wconf 88' lang='lat' dir='ltr'>capite),</span> <span class='ocrx_word' id='word_1_73' title='bbox 1153 957 1264 1030; x_wconf 86' lang='lat' dir='ltr'>quippe</span> <span class='ocrx_word' id='word_1_74' title='bbox 1286 955 1341 1028; x_wconf 85' lang='lat' dir='ltr'>qui</span> <span class='ocrx_word' id='word_1_75' title='bbox 1363 961 1435 1011; x_wconf 88' lang='lat' dir='ltr'>ante</span> 
     </span>
     <span class='ocr_line' id='line_1_8' title="bbox 76 1039 1433 1116; baseline -0.001 -16"><span class='ocrx_word' id='word_1_76' title='bbox 76 1040 175 1100; x_wconf 84' lang='lat' dir='ltr'>Solem</span> <span class='ocrx_word' id='word_1_77' title='bbox 199 1040 367 1113; x_wconf 85' lang='lat' dir='ltr'>occidebat,</span> <span class='ocrx_word' id='word_1_78' title='bbox 396 1040 543 1115; x_wconf 83' lang='lat' dir='ltr'>postridie</span> <span class='ocrx_word' id='word_1_79' title='bbox 564 1058 635 1099; x_wconf 86' lang='lat' dir='ltr'>vero</span> <span class='ocrx_word' id='word_1_80' title='bbox 658 1044 739 1099; x_wconf 83' lang='lat' dir='ltr'>visua</span> <span class='ocrx_word' id='word_1_81' title='bbox 761 1048 820 1113; x_wconf 84' lang='lat' dir='ltr'>eat,</span> <span class='ocrx_word' id='word_1_82' title='bbox 851 1047 1004 1114; x_wconf 86' lang='lat' dir='ltr'>quantam</span> <span class='ocrx_word' id='word_1_83' title='bbox 1026 1039 1176 1114; x_wconf 87' lang='lat' dir='ltr'>dabatur,</span> <span class='ocrx_word' id='word_1_84' title='bbox 1206 1044 1282 1116; x_wconf 84' lang='lat' dir='ltr'>quin</span> <span class='ocrx_word' id='word_1_85' title='bbox 1303 1043 1433 1099; x_wconf 86' lang='lat' dir='ltr'>minimo</span> 
     </span>
     <span class='ocr_line' id='line_1_9' title="bbox 75 1126 1435 1204; baseline -0.001 -17"><span class='ocrx_word' id='word_1_86' title='bbox 75 1128 206 1203; x_wconf 79' lang='lat' dir='ltr'>spatiolo</span> <span class='ocrx_word' id='word_1_87' title='bbox 233 1128 449 1204; x_wconf 80' lang='lat' dir='ltr'>insequebatur</span> <span class='ocrx_word' id='word_1_88' title='bbox 474 1128 574 1187; x_wconf 85' lang='lat' dir='ltr'>Solem</span> <span class='ocrx_word' id='word_1_89' title='bbox 603 1133 766 1203; x_wconf 83' lang='lat' dir='ltr'>statimque</span> <span class='ocrx_word' id='word_1_90' title='bbox 796 1126 919 1200; x_wconf 84' lang='lat' dir='ltr'>oceidit,·</span> <span class='ocrx_word' id='word_1_91' title='bbox 950 1134 984 1184; x_wconf 89' lang='lat' dir='ltr'>ut</span> <span class='ocrx_word' id='word_1_92' title='bbox 1007 1127 1112 1186; x_wconf 89' lang='lat' dir='ltr'>lumen</span> <span class='ocrx_word' id='word_1_93' title='bbox 1135 1127 1275 1204; x_wconf 87' lang='lat' dir='ltr'>(caudae)</span> <span class='ocrx_word' id='word_1_94' title='bbox 1303 1127 1435 1187; x_wconf 77' lang='lat' dir='ltr'>extendit</span> 
     </span>
     <span class='ocr_line' id='line_1_10' title="bbox 77 1214 1432 1292; baseline 0 -19"><span class='ocrx_word' id='word_1_95' title='bbox 77 1215 116 1273; x_wconf 86' lang='lat' dir='ltr'>ad</span> <span class='ocrx_word' id='word_1_96' title='bbox 136 1219 262 1274; x_wconf 86' lang='lat' dir='ltr'>tertiam</span> <span class='ocrx_word' id='word_1_97' title='bbox 285 1216 359 1275; x_wconf 81' lang='lat' dir='ltr'>coeii</span> <span class='ocrx_word' id='word_1_98' title='bbox 378 1223 515 1292; x_wconf 86' lang='lat' dir='ltr'>partem,</span> <span class='ocrx_word' id='word_1_99' title='bbox 539 1218 638 1273; x_wconf 84' lang='lat' dir='ltr'>instar</span> <span class='ocrx_word' id='word_1_100' title='bbox 658 1216 762 1289; x_wconf 80' lang='lat' dir='ltr'>saltus,</span> <span class='ocrx_word' id='word_1_101' title='bbox 786 1214 857 1272; x_wconf 86' lang='lat' dir='ltr'>inde</span> <span class='ocrx_word' id='word_1_102' title='bbox 880 1221 908 1271; x_wconf 88' lang='lat' dir='ltr'>et</span> <span class='ocrx_word' id='word_1_103' title='bbox 928 1216 1073 1271; x_wconf 86' lang='lat' dir='ltr'>remita</span> <span class='ocrx_word' id='word_1_104' title='bbox 1096 1217 1269 1288; x_wconf 83' lang='lat' dir='ltr'>appellatus</span> <span class='ocrx_word' id='word_1_105' title='bbox 1292 1223 1342 1274; x_wconf 85' lang='lat' dir='ltr'>eat.</span> <span class='ocrx_word' id='word_1_106' title='bbox 1388 1214 1432 1273; x_wconf 83' lang='lat' dir='ltr'>llu</span> 
     </span>
     <span class='ocr_line' id='line_1_11' title="bbox 78 1300 1433 1378; baseline 0.001 -19"><span class='ocrx_word' id='word_1_107' title='bbox 78 1303 223 1362; x_wconf 75' lang='lat' dir='ltr'>infelicem</span> <span class='ocrx_word' id='word_1_108' title='bbox 247 1301 378 1362; x_wconf 83' lang='lat' dir='ltr'>Senecae</span> <span class='ocrx_word' id='word_1_109' title='bbox 400 1302 629 1362; x_wconf 88' lang='lat' dir='ltr'>translationem.</span> <span class='ocrx_word' id='word_1_110' title='bbox 679 1303 766 1378; x_wconf 83' lang='lat' dir='ltr'>Quia,</span> <span class='ocrx_word' id='word_1_111' title='bbox 796 1303 891 1376; x_wconf 92' lang='lat' dir='ltr'>inquit</span> <span class='ocrx_word' id='word_1_112' title='bbox 913 1300 1039 1372; x_wconf 86' lang='lat' dir='ltr'>Seneca,</span> <span class='ocrx_word' id='word_1_113' title='bbox 1067 1310 1256 1361; x_wconf 81' lang='lat' dir='ltr'>momentum</span> <span class='ocrx_word' id='word_1_114' title='bbox 1279 1302 1358 1361; x_wconf 88' lang='lat' dir='ltr'>illud</span> <span class='ocrx_word' id='word_1_115' title='bbox 1379 1303 1433 1361; x_wconf 85' lang='lat' dir='ltr'>ob·</span> 
     </span>
     <span class='ocr_line' id='line_1_12' title="bbox 78 1387 1434 1467; baseline 0.002 -21"><span class='ocrx_word' id='word_1_116' title='bbox 78 1398 225 1464; x_wconf 67' lang='lat' dir='ltr'>iuuaret,</span> <span class='ocrx_word' id='word_1_117' title='bbox 250 1408 311 1465; x_wconf 89' lang='lat' dir='ltr'>quo</span> <span class='ocrx_word' id='word_1_118' title='bbox 334 1398 457 1467; x_wconf 78' lang='lat' dir='ltr'>cometes</span> <span class='ocrx_word' id='word_1_119' title='bbox 478 1394 512 1448; x_wconf 91' lang='lat' dir='ltr'>in</span> <span class='ocrx_word' id='word_1_120' title='bbox 535 1390 612 1447; x_wconf 86' lang='lat' dir='ltr'>duas</span> <span class='ocrx_word' id='word_1_121' title='bbox 632 1398 735 1464; x_wconf 86' lang='lat' dir='ltr'>partes</span> <span class='ocrx_word' id='word_1_122' title='bbox 755 1390 871 1449; x_wconf 83' lang='lat' dir='ltr'>solutus</span> <span class='ocrx_word' id='word_1_123' title='bbox 893 1388 954 1446; x_wconf 78' lang='lat' dir='ltr'>est?</span> <span class='ocrx_word' id='word_1_124' title='bbox 980 1387 1094 1447; x_wconf 86' lang='lat' dir='ltr'>Sufficit</span> <span class='ocrx_word' id='word_1_125' title='bbox 1117 1388 1221 1465; x_wconf 90' lang='lat' dir='ltr'>dicore,</span> <span class='ocrx_word' id='word_1_126' title='bbox 1246 1392 1434 1449; x_wconf 87' lang='lat' dir='ltr'>observatum</span> 
     </span>
     <span class='ocr_line' id='line_1_13' title="bbox 80 1475 1432 1553; baseline 0.001 -18"><span class='ocrx_word' id='word_1_127' title='bbox 80 1494 158 1553; x_wconf 81' lang='lat' dir='ltr'>esse3</span> <span class='ocrx_word' id='word_1_128' title='bbox 182 1479 209 1536; x_wconf 89' lang='lat' dir='ltr'>si</span> <span class='ocrx_word' id='word_1_129' title='bbox 232 1495 373 1552; x_wconf 87' lang='lat' dir='ltr'>quaerere</span> <span class='ocrx_word' id='word_1_130' title='bbox 395 1479 500 1553; x_wconf 89' lang='lat' dir='ltr'>pergit,</span> <span class='ocrx_word' id='word_1_131' title='bbox 524 1476 697 1552; x_wconf 81' lang='lat' dir='ltr'>quornodo‘l</span> <span class='ocrx_word' id='word_1_132' title='bbox 726 1479 755 1533; x_wconf 92' lang='lat' dir='ltr'>in</span> <span class='ocrx_word' id='word_1_133' title='bbox 779 1486 893 1552; x_wconf 89' lang='lat' dir='ltr'>promtu</span> <span class='ocrx_word' id='word_1_134' title='bbox 918 1483 963 1534; x_wconf 90' lang='lat' dir='ltr'>cst</span> <span class='ocrx_word' id='word_1_135' title='bbox 984 1475 1163 1552; x_wconf 87' lang='lat' dir='ltr'>exemplum,</span> <span class='ocrx_word' id='word_1_136' title='bbox 1188 1478 1320 1538; x_wconf 89' lang='lat' dir='ltr'>maculae</span> <span class='ocrx_word' id='word_1_137' title='bbox 1344 1476 1432 1536; x_wconf 91' lang='lat' dir='ltr'>Solis.</span> 
     </span>
     <span class='ocr_line' id='line_1_14' title="bbox 78 1562 1432 1640; baseline 0.001 -19"><span class='ocrx_word' id='word_1_138' title='bbox 78 1564 150 1623; x_wconf 87' lang='lat' dir='ltr'>Nam</span> <span class='ocrx_word' id='word_1_139' title='bbox 173 1580 253 1640; x_wconf 84' lang='lat' dir='ltr'>quae</span> <span class='ocrx_word' id='word_1_140' title='bbox 275 1575 345 1623; x_wconf 90' lang='lat' dir='ltr'>sunt</span> <span class='ocrx_word' id='word_1_141' title='bbox 366 1565 455 1637; x_wconf 88' lang='lat' dir='ltr'>talia,</span> <span class='ocrx_word' id='word_1_142' title='bbox 484 1565 537 1624; x_wconf 88' lang='lat' dir='ltr'>illa</span> <span class='ocrx_word' id='word_1_143' title='bbox 560 1573 592 1622; x_wconf 90' lang='lat' dir='ltr'>ut</span> <span class='ocrx_word' id='word_1_144' title='bbox 615 1563 711 1621; x_wconf 87' lang='lat' dir='ltr'>divisa</span> <span class='ocrx_word' id='word_1_145' title='bbox 734 1564 903 1634; x_wconf 86' lang='lat' dir='ltr'>credamus,</span> <span class='ocrx_word' id='word_1_146' title='bbox 932 1562 1039 1621; x_wconf 81' lang='lat' dir='ltr'>sufficit</span> <span class='ocrx_word' id='word_1_147' title='bbox 1060 1563 1153 1639; x_wconf 85' lang='lat' dir='ltr'>pridie</span> <span class='ocrx_word' id='word_1_148' title='bbox 1175 1565 1307 1624; x_wconf 91' lang='lat' dir='ltr'>solitaria</span> <span class='ocrx_word' id='word_1_149' title='bbox 1330 1565 1432 1639; x_wconf 87' lang='lat' dir='ltr'>rideri,</span> 
     </span>
     <span class='ocr_line' id='line_1_15' title="bbox 79 1649 1432 1728; baseline 0.001 -19"><span class='ocrx_word' id='word_1_150' title='bbox 79 1651 218 1727; x_wconf 87' lang='lat' dir='ltr'>postridie</span> <span class='ocrx_word' id='word_1_151' title='bbox 242 1650 372 1728; x_wconf 90' lang='lat' dir='ltr'>duplicia</span> <span class='ocrx_word' id='word_1_152' title='bbox 393 1652 525 1728; x_wconf 85' lang='lat' dir='ltr'>locisque</span> <span class='ocrx_word' id='word_1_153' title='bbox 549 1653 655 1711; x_wconf 75' lang='lat' dir='ltr'>vicina.</span> <span class='ocrx_word' id='word_1_154' title='bbox 701 1650 758 1710; x_wconf 84' lang='lat' dir='ltr'>Sed</span> <span class='ocrx_word' id='word_1_155' title='bbox 786 1651 843 1709; x_wconf 89' lang='lat' dir='ltr'>lruc</span> <span class='ocrx_word' id='word_1_156' title='bbox 865 1649 1003 1725; x_wconf 88' lang='lat' dir='ltr'>prolicuit</span> <span class='ocrx_word' id='word_1_157' title='bbox 1024 1649 1167 1710; x_wconf 83' lang='lat' dir='ltr'>Senecam</span> <span class='ocrx_word' id='word_1_158' title='bbox 1190 1652 1275 1712; x_wconf 90' lang='lat' dir='ltr'>ardor</span> <span class='ocrx_word' id='word_1_159' title='bbox 1299 1654 1432 1728; x_wconf 87' lang='lat' dir='ltr'>disputa·</span> 
     </span>
     <span class='ocr_line' id='line_1_16' title="bbox 79 1736 1431 1817; baseline 0.002 -21"><span class='ocrx_word' id='word_1_160' title='bbox 79 1741 179 1812; x_wconf 89' lang='lat' dir='ltr'>tionis,</span> <span class='ocrx_word' id='word_1_161' title='bbox 211 1738 281 1797; x_wconf 92' lang='lat' dir='ltr'>dum</span> <span class='ocrx_word' id='word_1_162' title='bbox 304 1739 502 1813; x_wconf 83' lang='lat' dir='ltr'>Artemidoro,</span> <span class='ocrx_word' id='word_1_163' title='bbox 535 1756 621 1813; x_wconf 89' lang='lat' dir='ltr'>quern</span> <span class='ocrx_word' id='word_1_164' title='bbox 650 1737 850 1797; x_wconf 84' lang='lat' dir='ltr'>adversarium</span> <span class='ocrx_word' id='word_1_165' title='bbox 873 1738 930 1795; x_wconf 91' lang='lat' dir='ltr'>sibi</span> <span class='ocrx_word' id='word_1_166' title='bbox 953 1736 1114 1813; x_wconf 86' lang='lat' dir='ltr'>delegerat,</span> <span class='ocrx_word' id='word_1_167' title='bbox 1147 1739 1203 1798; x_wconf 87' lang='lat' dir='ltr'>lroc</span> <span class='ocrx_word' id='word_1_168' title='bbox 1227 1741 1290 1799; x_wconf 84' lang='lat' dir='ltr'>vult</span> <span class='ocrx_word' id='word_1_169' title='bbox 1311 1743 1431 1817; x_wconf 87' lang='lat' dir='ltr'>eripere,</span> 
     </span>
     <span class='ocr_line' id='line_1_17' title="bbox 79 1826 1432 1903; baseline -0.001 -18"><span class='ocrx_word' id='word_1_170' title='bbox 79 1835 207 1885; x_wconf 84' lang='lat' dir='ltr'>cometae</span> <span class='ocrx_word' id='word_1_171' title='bbox 234 1845 301 1884; x_wconf 88' lang='lat' dir='ltr'>non</span> <span class='ocrx_word' id='word_1_172' title='bbox 328 1844 388 1885; x_wconf 83' lang='lat' dir='ltr'>esre</span> <span class='ocrx_word' id='word_1_173' title='bbox 415 1828 557 1902; x_wconf 87' lang='lat' dir='ltr'>copulam</span> <span class='ocrx_word' id='word_1_174' title='bbox 581 1826 717 1885; x_wconf 86' lang='lat' dir='ltr'>duarum</span> <span class='ocrx_word' id='word_1_175' title='bbox 738 1828 920 1902; x_wconf 78' lang='lat' dir='ltr'>perennium</span> <span class='ocrx_word' id='word_1_176' title='bbox 941 1826 1107 1883; x_wconf 71' lang='lat' dir='ltr'>nullarum.</span> <span class='ocrx_word' id='word_1_177' title='bbox 1153 1826 1273 1903; x_wconf 85' lang='lat' dir='ltr'>Metuit,</span> <span class='ocrx_word' id='word_1_178' title='bbox 1305 1846 1342 1887; x_wconf 88' lang='lat' dir='ltr'>ne</span> <span class='ocrx_word' id='word_1_179' title='bbox 1366 1830 1432 1887; x_wconf 88' lang='lat' dir='ltr'>vln-</span> 
     </span>
     <span class='ocr_line' id='line_1_18' title="bbox 80 1912 1433 1991; baseline 0.001 -19"><span class='ocrx_word' id='word_1_180' title='bbox 80 1922 155 1974; x_wconf 90' lang='lat' dir='ltr'>ccret</span> <span class='ocrx_word' id='word_1_181' title='bbox 177 1914 390 1983; x_wconf 88' lang='lat' dir='ltr'>Artemidorus,</span> <span class='ocrx_word' id='word_1_182' title='bbox 413 1916 468 1972; x_wconf 90' lang='lat' dir='ltr'>nisi</span> <span class='ocrx_word' id='word_1_183' title='bbox 492 1917 555 1989; x_wconf 91' lang='lat' dir='ltr'>ipse</span> <span class='ocrx_word' id='word_1_184' title='bbox 580 1922 683 1971; x_wconf 83' lang='lat' dir='ltr'>testem</span> <span class='ocrx_word' id='word_1_185' title='bbox 705 1913 749 1970; x_wconf 93' lang='lat' dir='ltr'>illi</span> <span class='ocrx_word' id='word_1_186' title='bbox 772 1912 956 1972; x_wconf 87' lang='lat' dir='ltr'>subtraheret</span> <span class='ocrx_word' id='word_1_187' title='bbox 977 1912 1136 1987; x_wconf 83' lang='lat' dir='ltr'>Eplrorum.</span> <span class='ocrx_word' id='word_1_188' title='bbox 1183 1916 1223 1973; x_wconf 91' lang='lat' dir='ltr'>At</span> <span class='ocrx_word' id='word_1_189' title='bbox 1246 1918 1342 1991; x_wconf 91' lang='lat' dir='ltr'>potuit</span> <span class='ocrx_word' id='word_1_190' title='bbox 1365 1917 1433 1974; x_wconf 89' lang='lat' dir='ltr'>viu·</span> 
     </span>
     <span class='ocr_line' id='line_1_19' title="bbox 82 1998 1432 2077; baseline 0.001 -18"><span class='ocrx_word' id='word_1_191' title='bbox 82 2018 143 2060; x_wconf 87' lang='lat' dir='ltr'>cere</span> <span class='ocrx_word' id='word_1_192' title='bbox 166 2004 230 2059; x_wconf 82' lang='lat' dir='ltr'>siue</span> <span class='ocrx_word' id='word_1_193' title='bbox 252 2001 359 2076; x_wconf 79' lang='lat' dir='ltr'>injuria</span> <span class='ocrx_word' id='word_1_194' title='bbox 383 2004 530 2077; x_wconf 88' lang='lat' dir='ltr'>scriptoris</span> <span class='ocrx_word' id='word_1_195' title='bbox 554 1998 673 2059; x_wconf 87' lang='lat' dir='ltr'>Gracci:</span> <span class='ocrx_word' id='word_1_196' title='bbox 698 2016 757 2059; x_wconf 90' lang='lat' dir='ltr'>non</span> <span class='ocrx_word' id='word_1_197' title='bbox 780 2002 910 2059; x_wconf 86' lang='lat' dir='ltr'>enimin</span> <span class='ocrx_word' id='word_1_198' title='bbox 934 1999 1007 2057; x_wconf 89' lang='lat' dir='ltr'>duas</span> <span class='ocrx_word' id='word_1_199' title='bbox 1029 2017 1170 2074; x_wconf 88' lang='lat' dir='ltr'>perennes</span> <span class='ocrx_word' id='word_1_200' title='bbox 1193 2003 1303 2077; x_wconf 86' lang='lat' dir='ltr'>stellas,</span> <span class='ocrx_word' id='word_1_201' title='bbox 1327 2002 1379 2062; x_wconf 89' lang='lat' dir='ltr'>sed</span> <span class='ocrx_word' id='word_1_202' title='bbox 1402 2005 1432 2059; x_wconf 90' lang='lat' dir='ltr'>in</span> 
     </span>
     <span class='ocr_line' id='line_1_20' title="bbox 81 2086 1432 2167; baseline 0.003 -22"><span class='ocrx_word' id='word_1_203' title='bbox 81 2087 152 2148; x_wconf 90' lang='lat' dir='ltr'>duos</span> <span class='ocrx_word' id='word_1_204' title='bbox 184 2098 315 2149; x_wconf 87' lang='lat' dir='ltr'>cometas</span> <span class='ocrx_word' id='word_1_205' title='bbox 346 2089 485 2164; x_wconf 77' lang='lat' dir='ltr'>pardales</span> <span class='ocrx_word' id='word_1_206' title='bbox 517 2097 660 2147; x_wconf 87' lang='lat' dir='ltr'>cometam</span> <span class='ocrx_word' id='word_1_207' title='bbox 694 2104 783 2145; x_wconf 90' lang='lat' dir='ltr'>unum</span> <span class='ocrx_word' id='word_1_208' title='bbox 813 2087 942 2146; x_wconf 88' lang='lat' dir='ltr'>solutum</span> <span class='ocrx_word' id='word_1_209' title='bbox 969 2086 1019 2144; x_wconf 90' lang='lat' dir='ltr'>ille</span> <span class='ocrx_word' id='word_1_210' title='bbox 1042 2091 1214 2164; x_wconf 87' lang='lat' dir='ltr'>scripserat,</span> <span class='ocrx_word' id='word_1_211' title='bbox 1247 2090 1285 2150; x_wconf 90' lang='lat' dir='ltr'>dc</span> <span class='ocrx_word' id='word_1_212' title='bbox 1308 2108 1432 2167; x_wconf 92' lang='lat' dir='ltr'>quorum</span> 
     </span>
     <span class='ocr_line' id='line_1_21' title="bbox 80 2173 1431 2253; baseline 0.001 -20"><span class='ocrx_word' id='word_1_213' title='bbox 80 2176 201 2253; x_wconf 86' lang='lat' dir='ltr'>singulis</span> <span class='ocrx_word' id='word_1_214' title='bbox 229 2178 343 2251; x_wconf 88' lang='lat' dir='ltr'>integra</span> <span class='ocrx_word' id='word_1_215' title='bbox 365 2175 494 2235; x_wconf 89' lang='lat' dir='ltr'>Senecae</span> <span class='ocrx_word' id='word_1_216' title='bbox 523 2192 589 2234; x_wconf 89' lang='lat' dir='ltr'>cum</span> <span class='ocrx_word' id='word_1_217' title='bbox 614 2175 798 2234; x_wconf 89' lang='lat' dir='ltr'>Artemidoro</span> <span class='ocrx_word' id='word_1_218' title='bbox 821 2182 970 2251; x_wconf 88' lang='lat' dir='ltr'>supererat</span> <span class='ocrx_word' id='word_1_219' title='bbox 993 2173 1177 2252; x_wconf 84' lang='lat' dir='ltr'>disceptatio.</span> <span class='ocrx_word' id='word_1_220' title='bbox 1224 2179 1310 2238; x_wconf 91' lang='lat' dir='ltr'>Anno</span> <span class='ocrx_word' id='word_1_221' title='bbox 1333 2181 1431 2249; x_wconf 91' lang='lat' dir='ltr'>ctiam,</span> 
     </span>
     <span class='ocr_line' id='line_1_22' title="bbox 81 2260 1433 2342; baseline 0.001 -21"><span class='ocrx_word' id='word_1_222' title='bbox 81 2267 128 2340; x_wconf 93' lang='lat' dir='ltr'>qui</span> <span class='ocrx_word' id='word_1_223' title='bbox 157 2274 281 2323; x_wconf 87' lang='lat' dir='ltr'>mortem</span> <span class='ocrx_word' id='word_1_224' title='bbox 305 2265 454 2339; x_wconf 82' lang='lat' dir='ltr'>Agrippae</span> <span class='ocrx_word' id='word_1_225' title='bbox 485 2266 643 2322; x_wconf 83' lang='lat' dir='ltr'>antecessit</span> <span class='ocrx_word' id='word_1_226' title='bbox 669 2272 699 2321; x_wconf 90' lang='lat' dir='ltr'>et</span> <span class='ocrx_word' id='word_1_227' title='bbox 721 2263 820 2321; x_wconf 86' lang='lat' dir='ltr'>turbas</span> <span class='ocrx_word' id='word_1_228' title='bbox 842 2260 970 2321; x_wconf 89' lang='lat' dir='ltr'>Herodis</span> <span class='ocrx_word' id='word_1_229' title='bbox 993 2261 1168 2322; x_wconf 86' lang='lat' dir='ltr'>domesticas</span> <span class='ocrx_word' id='word_1_230' title='bbox 1192 2265 1267 2342; x_wconf 86' lang='lat' dir='ltr'>(crat</span> <span class='ocrx_word' id='word_1_231' title='bbox 1292 2269 1339 2325; x_wconf 90' lang='grc'>13.</span> <span class='ocrx_word' id='word_1_232' title='bbox 1364 2274 1433 2324; x_wconf 90' lang='lat' dir='ltr'>ante</span> 
     </span>
     <span class='ocr_line' id='line_1_23' title="bbox 80 2347 1433 2427; baseline 0.002 -19"><span class='ocrx_word' id='word_1_233' title='bbox 80 2368 175 2409; x_wconf 86' lang='lat' dir='ltr'>aeram</span> <span class='ocrx_word' id='word_1_234' title='bbox 192 2350 299 2409; x_wconf 82' lang='lat' dir='ltr'>Christi</span> <span class='ocrx_word' id='word_1_235' title='bbox 315 2350 510 2423; x_wconf 90' lang='lat' dir='ltr'>hodiernam),</span> <span class='ocrx_word' id='word_1_236' title='bbox 534 2351 592 2408; x_wconf 88' lang='lat' dir='ltr'>Dio</span> <span class='ocrx_word' id='word_1_237' title='bbox 615 2349 734 2409; x_wconf 87' lang='lat' dir='ltr'>exbibet</span> <span class='ocrx_word' id='word_1_238' title='bbox 757 2357 902 2408; x_wconf 78' lang='lat' dir='ltr'>consutam</span> <span class='ocrx_word' id='word_1_239' title='bbox 925 2347 1049 2417; x_wconf 85' lang='lat' dir='ltr'>stellam,</span> <span class='ocrx_word' id='word_1_240' title='bbox 1074 2368 1150 2426; x_wconf 89' lang='lat' dir='ltr'>quae</span> <span class='ocrx_word' id='word_1_241' title='bbox 1172 2370 1224 2427; x_wconf 87' lang='lat' dir='ltr'>per</span> <span class='ocrx_word' id='word_1_242' title='bbox 1246 2353 1433 2412; x_wconf 83' lang='lat' dir='ltr'>multosdies</span> 
     </span>
     <span class='ocr_line' id='line_1_24' title="bbox 81 2435 1431 2515; baseline 0.002 -19"><span class='ocrx_word' id='word_1_243' title='bbox 81 2454 167 2514; x_wconf 89' lang='lat' dir='ltr'>supra</span> <span class='ocrx_word' id='word_1_244' title='bbox 190 2439 293 2497; x_wconf 89' lang='lat' dir='ltr'>urbem</span> <span class='ocrx_word' id='word_1_245' title='bbox 315 2456 458 2515; x_wconf 85' lang='lat' dir='ltr'>suspensa</span> <span class='ocrx_word' id='word_1_246' title='bbox 480 2441 509 2495; x_wconf 91' lang='lat' dir='ltr'>in</span> <span class='ocrx_word' id='word_1_247' title='bbox 532 2439 639 2497; x_wconf 85' lang='lat' dir='ltr'>multas</span> <span class='ocrx_word' id='word_1_248' title='bbox 661 2437 740 2496; x_wconf 87' lang='lat' dir='ltr'>iaces</span> <span class='ocrx_word' id='word_1_249' title='bbox 764 2435 908 2495; x_wconf 89' lang='lat' dir='ltr'>dissoluta</span> <span class='ocrx_word' id='word_1_250' title='bbox 928 2437 974 2495; x_wconf 86' lang='lat' dir='ltr'>ait.</span> <span class='ocrx_word' id='word_1_251' title='bbox 1014 2435 1098 2496; x_wconf 83' lang='lat' dir='ltr'>Vixit</span> <span class='ocrx_word' id='word_1_252' title='bbox 1113 2456 1148 2497; x_wconf 89' lang='lat' dir='ltr'>eo</span> <span class='ocrx_word' id='word_1_253' title='bbox 1163 2448 1293 2515; x_wconf 88' lang='lat' dir='ltr'>tempore</span> <span class='ocrx_word' id='word_1_254' title='bbox 1309 2440 1431 2513; x_wconf 87' lang='lat' dir='ltr'>Seneca,</span> 
     </span>
     <span class='ocr_line' id='line_1_25' title="bbox 80 2522 1432 2604; baseline 0.007 -23"><span class='ocrx_word' id='word_1_255' title='bbox 80 2542 130 2583; x_wconf 89' lang='lat' dir='ltr'>nec</span> <span class='ocrx_word' id='word_1_256' title='bbox 153 2535 252 2585; x_wconf 89' lang='lat' dir='ltr'>tamen</span> <span class='ocrx_word' id='word_1_257' title='bbox 276 2525 359 2600; x_wconf 87' lang='lat' dir='ltr'>vidit,</span> <span class='ocrx_word' id='word_1_258' title='bbox 382 2525 501 2601; x_wconf 88' lang='lat' dir='ltr'>quando</span> <span class='ocrx_word' id='word_1_259' title='bbox 525 2535 640 2584; x_wconf 86' lang='lat' dir='ltr'>cometa</span> <span class='ocrx_word' id='word_1_260' title='bbox 663 2524 788 2594; x_wconf 88' lang='lat' dir='ltr'>dissiliit,</span> <span class='ocrx_word' id='word_1_261' title='bbox 812 2527 867 2584; x_wconf 88' lang='lat' dir='ltr'>etsi</span> <span class='ocrx_word' id='word_1_262' title='bbox 889 2522 978 2597; x_wconf 85' lang='lat' dir='ltr'>hujus</span> <span class='ocrx_word' id='word_1_263' title='bbox 1000 2525 1089 2582; x_wconf 89' lang='lat' dir='ltr'>ctiam</span> <span class='ocrx_word' id='word_1_264' title='bbox 1112 2526 1162 2584; x_wconf 91' lang='lat' dir='ltr'>lib.</span> <span class='ocrx_word' id='word_1_265' title='bbox 1184 2527 1269 2587; x_wconf 84' lang='lat' dir='ltr'><strong>VIII.</strong></span> <span class='ocrx_word' id='word_1_266' title='bbox 1293 2544 1357 2604; x_wconf 91' lang='lat' dir='ltr'>cap.</span> <span class='ocrx_word' id='word_1_267' title='bbox 1384 2532 1432 2591; x_wconf 81' lang='lat' dir='ltr'>tt.</span> 
     </span>
     <span class='ocr_line' id='line_1_26' title="bbox 80 2612 1060 2687; baseline -0.003 -16"><span class='ocrx_word' id='word_1_268' title='bbox 80 2630 136 2672; x_wconf 93' lang='lat' dir='ltr'>uuo</span> <span class='ocrx_word' id='word_1_269' title='bbox 159 2614 251 2672; x_wconf 82' lang='lat' dir='ltr'>verbo</span> <span class='ocrx_word' id='word_1_270' title='bbox 274 2616 446 2685; x_wconf 91' lang='lat' dir='ltr'>meminerit,</span> <span class='ocrx_word' id='word_1_271' title='bbox 469 2613 581 2672; x_wconf 88' lang='lat' dir='ltr'>scilicet</span> <span class='ocrx_word' id='word_1_272' title='bbox 604 2620 734 2671; x_wconf 88' lang='lat' dir='ltr'>cometae</span> <span class='ocrx_word' id='word_1_273' title='bbox 757 2612 812 2670; x_wconf 86' lang='lat' dir='ltr'>sub</span> <span class='ocrx_word' id='word_1_274' title='bbox 836 2612 972 2687; x_wconf 88' lang='lat' dir='ltr'>Augusto</span> <span class='ocrx_word' id='word_1_275' title='bbox 994 2612 1060 2668; x_wconf 78' lang='lat' dir='ltr'>elsi.</span> 
     </span>
    </p>

    <p class='ocr_par' dir='ltr' id='par_1_3' title="bbox 81 2697 1433 3211">
     <span class='ocr_line' id='line_1_27' title="bbox 183 2697 1431 2776; baseline 0.002 -19"><span class='ocrx_word' id='word_1_276' title='bbox 183 2700 356 2776; x_wconf 86' lang='lat' dir='ltr'>Exemplum</span> <span class='ocrx_word' id='word_1_277' title='bbox 379 2703 468 2776; x_wconf 82' lang='lat' dir='ltr'>Igitur</span> <span class='ocrx_word' id='word_1_278' title='bbox 490 2718 528 2759; x_wconf 82' lang='lat' dir='ltr'>ex</span> <span class='ocrx_word' id='word_1_279' title='bbox 550 2702 725 2774; x_wconf 87' lang='lat' dir='ltr'>antiquitate</span> <span class='ocrx_word' id='word_1_280' title='bbox 752 2708 883 2757; x_wconf 86' lang='lat' dir='ltr'>cornetae</span> <span class='ocrx_word' id='word_1_281' title='bbox 914 2700 1000 2756; x_wconf 90' lang='lat' dir='ltr'>unius</span> <span class='ocrx_word' id='word_1_282' title='bbox 1024 2700 1053 2754; x_wconf 89' lang='lat' dir='ltr'>in</span> <span class='ocrx_word' id='word_1_283' title='bbox 1076 2697 1150 2757; x_wconf 90' lang='lat' dir='ltr'>duos</span> <span class='ocrx_word' id='word_1_284' title='bbox 1174 2700 1262 2760; x_wconf 88' lang='lat' dir='ltr'>divisi</span> <span class='ocrx_word' id='word_1_285' title='bbox 1289 2710 1349 2761; x_wconf 92' lang='lat' dir='ltr'>stat</span> <span class='ocrx_word' id='word_1_286' title='bbox 1372 2701 1431 2759; x_wconf 93' lang='lat' dir='ltr'>illi·</span> 
     </span>
     <span class='ocr_line' id='line_1_28' title="bbox 81 2785 1433 2864; baseline 0.002 -19"><span class='ocrx_word' id='word_1_287' title='bbox 81 2788 195 2861; x_wconf 82' lang='lat' dir='ltr'>batarn3</span> <span class='ocrx_word' id='word_1_288' title='bbox 225 2787 264 2845; x_wconf 91' lang='lat' dir='ltr'>ad</span> <span class='ocrx_word' id='word_1_289' title='bbox 288 2787 367 2864; x_wconf 93' lang='lat' dir='ltr'>quod</span> <span class='ocrx_word' id='word_1_290' title='bbox 389 2796 487 2845; x_wconf 91' lang='lat' dir='ltr'>utrum</span> <span class='ocrx_word' id='word_1_291' title='bbox 509 2787 540 2845; x_wconf 84' lang='lat' dir='ltr'>lri</span> <span class='ocrx_word' id='word_1_292' title='bbox 564 2787 621 2845; x_wconf 92' lang='lat' dir='ltr'>duo</span> <span class='ocrx_word' id='word_1_293' title='bbox 646 2795 777 2845; x_wconf 87' lang='lat' dir='ltr'>cometae</span> <span class='ocrx_word' id='word_1_294' title='bbox 800 2788 908 2845; x_wconf 87' lang='lat' dir='ltr'>mensis</span> <span class='ocrx_word' id='word_1_295' title='bbox 929 2785 1104 2844; x_wconf 88' lang='lat' dir='ltr'>Novembris</span> <span class='ocrx_word' id='word_1_296' title='bbox 1128 2788 1286 2863; x_wconf 88' lang='lat' dir='ltr'>quadrent,</span> <span class='ocrx_word' id='word_1_297' title='bbox 1310 2789 1433 2848; x_wconf 89' lang='lat' dir='ltr'>historia</span> 
     </span>
     <span class='ocr_line' id='line_1_29' title="bbox 81 2874 1432 2951; baseline 0 -18"><span class='ocrx_word' id='word_1_298' title='bbox 81 2876 316 2934; x_wconf 81' lang='lat' dir='ltr'>observationum</span> <span class='ocrx_word' id='word_1_299' title='bbox 348 2884 410 2934; x_wconf 91' lang='lat' dir='ltr'>toto</span> <span class='ocrx_word' id='word_1_300' title='bbox 441 2876 512 2934; x_wconf 90' lang='lat' dir='ltr'>orbe</span> <span class='ocrx_word' id='word_1_301' title='bbox 541 2874 706 2933; x_wconf 87' lang='lat' dir='ltr'>habitarum</span> <span class='ocrx_word' id='word_1_302' title='bbox 734 2875 903 2946; x_wconf 89' lang='lat' dir='ltr'>testabitur,</span> <span class='ocrx_word' id='word_1_303' title='bbox 936 2876 1105 2950; x_wconf 88' lang='lat' dir='ltr'>praesertim</span> <span class='ocrx_word' id='word_1_304' title='bbox 1135 2876 1177 2948; x_wconf 83' lang='lat' dir='ltr'>sl,</span> <span class='ocrx_word' id='word_1_305' title='bbox 1209 2878 1259 2951; x_wconf 92' lang='lat' dir='ltr'>qui</span> <span class='ocrx_word' id='word_1_306' title='bbox 1290 2893 1432 2936; x_wconf 88' lang='lat' dir='ltr'>oceanum</span> 
     </span>
     <span class='ocr_line' id='line_1_30' title="bbox 81 2960 1433 3038; baseline 0.003 -20"><span class='ocrx_word' id='word_1_307' title='bbox 81 2963 204 3023; x_wconf 89' lang='lat' dir='ltr'>indicum</span> <span class='ocrx_word' id='word_1_308' title='bbox 227 2966 418 3038; x_wconf 88' lang='lat' dir='ltr'>navigarunt,</span> <span class='ocrx_word' id='word_1_309' title='bbox 449 2961 603 3037; x_wconf 84' lang='lat' dir='ltr'>diligenter</span> <span class='ocrx_word' id='word_1_310' title='bbox 626 2961 811 3020; x_wconf 88' lang='lat' dir='ltr'>attenderint.</span> <span class='ocrx_word' id='word_1_311' title='bbox 854 2960 916 3019; x_wconf 89' lang='lat' dir='ltr'>Etsi</span> <span class='ocrx_word' id='word_1_312' title='bbox 941 2961 1002 3020; x_wconf 88' lang='lat' dir='ltr'>fieri</span> <span class='ocrx_word' id='word_1_313' title='bbox 1025 2969 1135 3038; x_wconf 87' lang='lat' dir='ltr'>potest,</span> <span class='ocrx_word' id='word_1_314' title='bbox 1165 2970 1198 3020; x_wconf 91' lang='lat' dir='ltr'>ut</span> <span class='ocrx_word' id='word_1_315' title='bbox 1220 2973 1280 3022; x_wconf 87' lang='lat' dir='ltr'>tam</span> <span class='ocrx_word' id='word_1_316' title='bbox 1302 2966 1433 3023; x_wconf 87' lang='lat' dir='ltr'>vicinum</span> 
     </span>
     <span class='ocr_line' id='line_1_31' title="bbox 81 3048 1433 3128; baseline 0.004 -22"><span class='ocrx_word' id='word_1_317' title='bbox 81 3053 150 3110; x_wconf 87' lang='lat' dir='ltr'>iuter</span> <span class='ocrx_word' id='word_1_318' title='bbox 173 3052 260 3108; x_wconf 80' lang='lat' dir='ltr'>initIa</span> <span class='ocrx_word' id='word_1_319' title='bbox 274 3048 374 3109; x_wconf 89' lang='lat' dir='ltr'>Solem</span> <span class='ocrx_word' id='word_1_320' title='bbox 395 3049 530 3108; x_wconf 91' lang='lat' dir='ltr'>babuerit</span> <span class='ocrx_word' id='word_1_321' title='bbox 552 3058 675 3121; x_wconf 87' lang='lat' dir='ltr'>cometa,</span> <span class='ocrx_word' id='word_1_322' title='bbox 699 3057 731 3106; x_wconf 90' lang='lat' dir='ltr'>ut</span> <span class='ocrx_word' id='word_1_323' title='bbox 753 3049 835 3107; x_wconf 87' lang='lat' dir='ltr'>nulla</span> <span class='ocrx_word' id='word_1_324' title='bbox 859 3050 887 3105; x_wconf 91' lang='lat' dir='ltr'>in</span> <span class='ocrx_word' id='word_1_325' title='bbox 908 3057 990 3125; x_wconf 86' lang='lat' dir='ltr'>parte</span> <span class='ocrx_word' id='word_1_326' title='bbox 1005 3050 1083 3107; x_wconf 88' lang='lat' dir='ltr'>orbis</span> <span class='ocrx_word' id='word_1_327' title='bbox 1099 3050 1177 3109; x_wconf 89' lang='lat' dir='ltr'>cerni</span> <span class='ocrx_word' id='word_1_328' title='bbox 1194 3053 1329 3127; x_wconf 90' lang='lat' dir='ltr'>potuerit,</span> <span class='ocrx_word' id='word_1_329' title='bbox 1353 3052 1433 3128; x_wconf 91' lang='lat' dir='ltr'>quod</span> 
     </span>
     <span class='ocr_line' id='line_1_32' title="bbox 82 3136 893 3211; baseline -0.002 -15"><span class='ocrx_word' id='word_1_330' title='bbox 82 3139 166 3197; x_wconf 85' lang='lat' dir='ltr'>etiam</span> <span class='ocrx_word' id='word_1_331' title='bbox 190 3137 234 3194; x_wconf 91' lang='lat' dir='ltr'>illi</span> <span class='ocrx_word' id='word_1_332' title='bbox 256 3146 390 3197; x_wconf 88' lang='lat' dir='ltr'>cometae</span> <span class='ocrx_word' id='word_1_333' title='bbox 413 3138 544 3211; x_wconf 89' lang='lat' dir='ltr'>contigit,</span> <span class='ocrx_word' id='word_1_334' title='bbox 567 3136 604 3194; x_wconf 89' lang='lat' dir='ltr'>dc</span> <span class='ocrx_word' id='word_1_335' title='bbox 627 3152 686 3211; x_wconf 90' lang='lat' dir='ltr'>quo</span> <span class='ocrx_word' id='word_1_336' title='bbox 710 3136 893 3194; x_wconf 89' lang='lat' dir='ltr'>Aristoteles.</span> 
     </span>
    </p>

    <p class='ocr_par' dir='ltr' id='par_1_4' title="bbox 80 3222 1433 4087">
     <span class='ocr_line' id='line_1_33' title="bbox 181 3222 1433 3300; baseline 0.001 -17"><span class='ocrx_word' id='word_1_337' title='bbox 181 3224 226 3283; x_wconf 90' lang='lat' dir='ltr'>Ne</span> <span class='ocrx_word' id='word_1_338' title='bbox 250 3242 320 3284; x_wconf 82' lang='lat' dir='ltr'>vero</span> <span class='ocrx_word' id='word_1_339' title='bbox 344 3231 524 3300; x_wconf 87' lang='lat' dir='ltr'>praeteream</span> <span class='ocrx_word' id='word_1_340' title='bbox 548 3226 718 3299; x_wconf 89' lang='lat' dir='ltr'>quicquam,</span> <span class='ocrx_word' id='word_1_341' title='bbox 748 3222 828 3297; x_wconf 89' lang='lat' dir='ltr'>quod</span> <span class='ocrx_word' id='word_1_342' title='bbox 850 3223 888 3282; x_wconf 88' lang='lat' dir='ltr'>ad</span> <span class='ocrx_word' id='word_1_343' title='bbox 910 3222 1018 3281; x_wconf 84' lang='lat' dir='ltr'>lamam</span> <span class='ocrx_word' id='word_1_344' title='bbox 1042 3230 1173 3282; x_wconf 86' lang='lat' dir='ltr'>cometae</span> <span class='ocrx_word' id='word_1_345' title='bbox 1194 3226 1335 3300; x_wconf 90' lang='lat' dir='ltr'>pertinet,</span> <span class='ocrx_word' id='word_1_346' title='bbox 1360 3225 1433 3284; x_wconf 88' lang='lat' dir='ltr'>illud</span> 
     </span>
     <span class='ocr_line' id='line_1_34' title="bbox 82 3309 1432 3388; baseline 0.002 -18"><span class='ocrx_word' id='word_1_347' title='bbox 82 3311 172 3371; x_wconf 88' lang='lat' dir='ltr'>obiter</span> <span class='ocrx_word' id='word_1_348' title='bbox 195 3311 482 3372; x_wconf 87' lang='lat' dir='ltr'>commemorandum</span> <span class='ocrx_word' id='word_1_349' title='bbox 505 3314 619 3384; x_wconf 87' lang='lat' dir='ltr'>cenaui,</span> <span class='ocrx_word' id='word_1_350' title='bbox 651 3309 697 3370; x_wconf 92' lang='lat' dir='ltr'>die</span> <span class='ocrx_word' id='word_1_351' title='bbox 724 3314 773 3370; x_wconf 92' lang='grc'>10.</span> <span class='ocrx_word' id='word_1_352' title='bbox 797 3311 848 3369; x_wconf 69' lang='lat'>20.</span> <span class='ocrx_word' id='word_1_353' title='bbox 873 3309 1009 3369; x_wconf 88' lang='lat' dir='ltr'>Octobris</span> <span class='ocrx_word' id='word_1_354' title='bbox 1040 3312 1155 3388; x_wconf 86' lang='lat' dir='ltr'>vesperi</span> <span class='ocrx_word' id='word_1_355' title='bbox 1177 3311 1250 3371; x_wconf 90' lang='lat' dir='ltr'>hora</span> <span class='ocrx_word' id='word_1_356' title='bbox 1272 3332 1290 3372; x_wconf 93' lang='lat' dir='ltr'>a</span> <span class='ocrx_word' id='word_1_357' title='bbox 1312 3313 1432 3373; x_wconf 83' lang='lat' dir='ltr'>meridIa</span> 
     </span>
     <span class='ocr_line' id='line_1_35' title="bbox 82 3398 1431 3476; baseline 0.002 -20"><span class='ocrx_word' id='word_1_358' title='bbox 82 3402 203 3476; x_wconf 86' lang='lat' dir='ltr'>septima</span> <span class='ocrx_word' id='word_1_359' title='bbox 233 3417 297 3459; x_wconf 92' lang='lat' dir='ltr'>cum</span> <span class='ocrx_word' id='word_1_360' title='bbox 327 3398 448 3458; x_wconf 89' lang='lat' dir='ltr'>dimidia</span> <span class='ocrx_word' id='word_1_361' title='bbox 475 3398 512 3457; x_wconf 91' lang='lat' dir='ltr'>ad</span> <span class='ocrx_word' id='word_1_362' title='bbox 534 3398 614 3459; x_wconf 91' lang='lat' dir='ltr'>Nicri</span> <span class='ocrx_word' id='word_1_363' title='bbox 643 3400 722 3474; x_wconf 89' lang='lat' dir='ltr'>ripas</span> <span class='ocrx_word' id='word_1_364' title='bbox 753 3400 781 3455; x_wconf 91' lang='lat' dir='ltr'>in</span> <span class='ocrx_word' id='word_1_365' title='bbox 804 3398 1032 3472; x_wconf 87' lang='lat' dir='ltr'>Wirtcmbcrgia</span> <span class='ocrx_word' id='word_1_366' title='bbox 1062 3400 1157 3457; x_wconf 89' lang='lat' dir='ltr'>visum</span> <span class='ocrx_word' id='word_1_367' title='bbox 1186 3418 1252 3460; x_wconf 88' lang='lat' dir='ltr'>esse</span> <span class='ocrx_word' id='word_1_368' title='bbox 1275 3402 1314 3459; x_wconf 89' lang='lat' dir='ltr'>ab</span> <span class='ocrx_word' id='word_1_369' title='bbox 1336 3402 1431 3459; x_wconf 88' lang='lat' dir='ltr'>amico</span> 
     </span>
     <span class='ocr_line' id='line_1_36' title="bbox 81 3484 1432 3568; baseline 0.001 -23"><span class='ocrx_word' id='word_1_370' title='bbox 81 3503 140 3546; x_wconf 88' lang='lat' dir='ltr'>meo</span> <span class='ocrx_word' id='word_1_371' title='bbox 163 3486 327 3546; x_wconf 89' lang='lat' dir='ltr'>Wilbelmo</span> <span class='ocrx_word' id='word_1_372' title='bbox 350 3485 543 3559; x_wconf 85' lang='lat' dir='ltr'>Schiclrardo,</span> <span class='ocrx_word' id='word_1_373' title='bbox 575 3485 702 3545; x_wconf 88' lang='lat' dir='ltr'>siderum</span> <span class='ocrx_word' id='word_1_374' title='bbox 730 3486 913 3561; x_wconf 88' lang='lat' dir='ltr'>speculatore</span> <span class='ocrx_word' id='word_1_375' title='bbox 942 3484 1059 3560; x_wconf 86' lang='lat' dir='ltr'>scdulo,</span> <span class='ocrx_word' id='word_1_376' title='bbox 1088 3484 1243 3547; x_wconf 85' lang='lat' dir='ltr'>draconem</span> <span class='ocrx_word' id='word_1_377' title='bbox 1273 3487 1432 3568; x_wconf 86' lang='lat' dir='ltr'>volantem,</span> 
     </span>
     <span class='ocr_line' id='line_1_37' title="bbox 82 3571 1432 3649; baseline 0.001 -16"><span class='ocrx_word' id='word_1_378' title='bbox 82 3591 129 3633; x_wconf 89' lang='lat' dir='ltr'>sea</span> <span class='ocrx_word' id='word_1_379' title='bbox 151 3574 302 3634; x_wconf 83' lang='lat' dir='ltr'>vocabulo</span> <span class='ocrx_word' id='word_1_380' title='bbox 324 3581 442 3635; x_wconf 76' lang='lat' dir='ltr'>vetusto</span> <span class='ocrx_word' id='word_1_381' title='bbox 465 3574 572 3645; x_wconf 81' lang='lat' dir='ltr'>facem,</span> <span class='ocrx_word' id='word_1_382' title='bbox 604 3591 680 3648; x_wconf 92' lang='lat' dir='ltr'>quac</span> <span class='ocrx_word' id='word_1_383' title='bbox 704 3592 722 3632; x_wconf 85' lang='lat' dir='ltr'>a</span> <span class='ocrx_word' id='word_1_384' title='bbox 745 3575 840 3647; x_wconf 88' lang='lat' dir='ltr'>capite</span> <span class='ocrx_word' id='word_1_385' title='bbox 864 3571 1069 3633; x_wconf 88' lang='lat' dir='ltr'>Andromedae</span> <span class='ocrx_word' id='word_1_386' title='bbox 1099 3590 1150 3649; x_wconf 91' lang='lat' dir='ltr'>per</span> <span class='ocrx_word' id='word_1_387' title='bbox 1173 3573 1288 3634; x_wconf 86' lang='lat' dir='ltr'>Piscem</span> <span class='ocrx_word' id='word_1_388' title='bbox 1312 3577 1432 3635; x_wconf 88' lang='lat' dir='ltr'>boreum</span> 
     </span>
     <span class='ocr_line' id='line_1_38' title="bbox 83 3655 1432 3737; baseline 0.004 -20"><span class='ocrx_word' id='word_1_389' title='bbox 83 3663 151 3721; x_wconf 88' lang='lat' dir='ltr'>inter</span> <span class='ocrx_word' id='word_1_390' title='bbox 175 3669 265 3737; x_wconf 89' lang='lat' dir='ltr'>capnt</span> <span class='ocrx_word' id='word_1_391' title='bbox 281 3663 388 3721; x_wconf 90' lang='lat' dir='ltr'>Arietis</span> <span class='ocrx_word' id='word_1_392' title='bbox 404 3669 433 3721; x_wconf 82' lang='lat' dir='ltr'>et</span> <span class='ocrx_word' id='word_1_393' title='bbox 449 3661 626 3736; x_wconf 89' lang='lat' dir='ltr'>triangulum</span> <span class='ocrx_word' id='word_1_394' title='bbox 649 3660 687 3718; x_wconf 92' lang='lat' dir='ltr'>ad</span> <span class='ocrx_word' id='word_1_395' title='bbox 709 3663 813 3719; x_wconf 90' lang='lat' dir='ltr'>rictum</span> <span class='ocrx_word' id='word_1_396' title='bbox 828 3661 891 3719; x_wconf 82' lang='lat' dir='ltr'>Ceti</span> <span class='ocrx_word' id='word_1_397' title='bbox 915 3659 1073 3718; x_wconf 85' lang='lat' dir='ltr'>descendit.</span> <span class='ocrx_word' id='word_1_398' title='bbox 1087 3655 1113 3736; x_wconf 67' lang='grc'>1)</span> <span class='ocrx_word' id='word_1_399' title='bbox 1160 3660 1267 3720; x_wconf 91' lang='lat' dir='ltr'>Verum</span> <span class='ocrx_word' id='word_1_400' title='bbox 1290 3663 1346 3723; x_wconf 92' lang='lat' dir='ltr'>boc</span> <span class='ocrx_word' id='word_1_401' title='bbox 1369 3663 1432 3723; x_wconf 88' lang='lat' dir='ltr'>cle-</span> 
     </span>
     <span class='ocr_line' id='line_1_39' title="bbox 80 3745 1432 3823; baseline 0.001 -16"><span class='ocrx_word' id='word_1_402' title='bbox 80 3757 207 3809; x_wconf 89' lang='lat' dir='ltr'>mentarc</span> <span class='ocrx_word' id='word_1_403' title='bbox 230 3758 391 3809; x_wconf 75' lang='lat' dir='ltr'>metrorum</span> <span class='ocrx_word' id='word_1_404' title='bbox 415 3756 528 3807; x_wconf 87' lang='lat' dir='ltr'>cometa</span> <span class='ocrx_word' id='word_1_405' title='bbox 552 3748 609 3806; x_wconf 89' lang='lat' dir='ltr'>dici</span> <span class='ocrx_word' id='word_1_406' title='bbox 632 3765 690 3806; x_wconf 91' lang='lat' dir='ltr'>non</span> <span class='ocrx_word' id='word_1_407' title='bbox 712 3756 847 3806; x_wconf 89' lang='lat' dir='ltr'>meretur.</span> <span class='ocrx_word' id='word_1_408' title='bbox 893 3745 979 3821; x_wconf 86' lang='lat' dir='ltr'>Quod</span> <span class='ocrx_word' id='word_1_409' title='bbox 1003 3749 1090 3823; x_wconf 89' lang='lat' dir='ltr'>igitur</span> <span class='ocrx_word' id='word_1_410' title='bbox 1113 3746 1149 3806; x_wconf 88' lang='lat' dir='ltr'>de</span> <span class='ocrx_word' id='word_1_411' title='bbox 1173 3750 1224 3808; x_wconf 83' lang='lat'>30.</span> <span class='ocrx_word' id='word_1_412' title='bbox 1248 3748 1314 3810; x_wconf 92' lang='lat' dir='ltr'>Oct.</span> <span class='ocrx_word' id='word_1_413' title='bbox 1341 3750 1432 3810; x_wconf 87' lang='lat' dir='ltr'>Colo·</span> 
     </span>
     <span class='ocr_line' id='line_1_40' title="bbox 80 3832 1432 3913; baseline 0 -18"><span class='ocrx_word' id='word_1_414' title='bbox 80 3837 127 3895; x_wconf 89' lang='lat' dir='ltr'>uia</span> <span class='ocrx_word' id='word_1_415' title='bbox 142 3838 310 3913; x_wconf 83' lang='lat' dir='ltr'>Agrippina</span> <span class='ocrx_word' id='word_1_416' title='bbox 333 3838 522 3913; x_wconf 89' lang='lat' dir='ltr'>perscriptum</span> <span class='ocrx_word' id='word_1_417' title='bbox 546 3843 754 3894; x_wconf 88' lang='lat' dir='ltr'>commemorat</span> <span class='ocrx_word' id='word_1_418' title='bbox 769 3832 902 3907; x_wconf 89' lang='lat' dir='ltr'>Ursinus,</span> <span class='ocrx_word' id='word_1_419' title='bbox 925 3837 1020 3893; x_wconf 88' lang='lat' dir='ltr'>visum</span> <span class='ocrx_word' id='word_1_420' title='bbox 1044 3852 1108 3894; x_wconf 89' lang='lat' dir='ltr'>csso</span> <span class='ocrx_word' id='word_1_421' title='bbox 1129 3845 1272 3895; x_wconf 86' lang='lat' dir='ltr'>cometam</span> <span class='ocrx_word' id='word_1_422' title='bbox 1288 3837 1327 3897; x_wconf 89' lang='lat' dir='ltr'>ad</span> <span class='ocrx_word' id='word_1_423' title='bbox 1342 3838 1432 3896; x_wconf 90' lang='lat' dir='ltr'>Borr-</span> 
     </span>
     <span class='ocr_line' id='line_1_41' title="bbox 80 3921 1432 3999; baseline 0.001 -17"><span class='ocrx_word' id='word_1_424' title='bbox 80 3922 246 3999; x_wconf 88' lang='lat' dir='ltr'>bapeliotcn</span> <span class='ocrx_word' id='word_1_425' title='bbox 270 3933 363 3983; x_wconf 88' lang='lat' dir='ltr'>tractu</span> <span class='ocrx_word' id='word_1_426' title='bbox 386 3924 498 3983; x_wconf 87' lang='lat' dir='ltr'>caudae</span> <span class='ocrx_word' id='word_1_427' title='bbox 521 3923 626 3999; x_wconf 87' lang='lat' dir='ltr'>longo,</span> <span class='ocrx_word' id='word_1_428' title='bbox 657 3925 708 3998; x_wconf 94' lang='lat' dir='ltr'>qui</span> <span class='ocrx_word' id='word_1_429' title='bbox 735 3938 793 3979; x_wconf 93' lang='lat' dir='ltr'>non</span> <span class='ocrx_word' id='word_1_430' title='bbox 817 3922 866 3980; x_wconf 90' lang='lat' dir='ltr'>diu</span> <span class='ocrx_word' id='word_1_431' title='bbox 890 3921 1052 3994; x_wconf 87' lang='lat' dir='ltr'>duraverit,</span> <span class='ocrx_word' id='word_1_432' title='bbox 1083 3922 1113 3979; x_wconf 89' lang='lat' dir='ltr'>ld</span> <span class='ocrx_word' id='word_1_433' title='bbox 1136 3933 1207 3997; x_wconf 89' lang='lat' dir='ltr'>puto</span> <span class='ocrx_word' id='word_1_434' title='bbox 1231 3924 1266 3984; x_wconf 92' lang='lat' dir='ltr'>de</span> <span class='ocrx_word' id='word_1_435' title='bbox 1289 3926 1345 3984; x_wconf 91' lang='lat' dir='ltr'>lroc</span> <span class='ocrx_word' id='word_1_436' title='bbox 1367 3942 1432 3984; x_wconf 92' lang='lat' dir='ltr'>mc-</span> 
     </span>
     <span class='ocr_line' id='line_1_42' title="bbox 80 4009 1271 4087; baseline 0.003 -19"><span class='ocrx_word' id='word_1_437' title='bbox 80 4020 170 4085; x_wconf 88' lang='lat' dir='ltr'>teoro,</span> <span class='ocrx_word' id='word_1_438' title='bbox 194 4010 275 4087; x_wconf 92' lang='lat' dir='ltr'>quod</span> <span class='ocrx_word' id='word_1_439' title='bbox 297 4020 366 4070; x_wconf 91' lang='lat' dir='ltr'>ante</span> <span class='ocrx_word' id='word_1_440' title='bbox 392 4016 430 4071; x_wconf 91' lang='lat'>10</span> <span class='ocrx_word' id='word_1_441' title='bbox 455 4010 569 4068; x_wconf 89' lang='lat' dir='ltr'>diesin</span> <span class='ocrx_word' id='word_1_442' title='bbox 593 4009 818 4085; x_wconf 88' lang='lat' dir='ltr'>Wirtembergia</span> <span class='ocrx_word' id='word_1_443' title='bbox 841 4011 946 4086; x_wconf 86' lang='lat' dir='ltr'>visum,</span> <span class='ocrx_word' id='word_1_444' title='bbox 970 4009 1171 4086; x_wconf 89' lang='lat' dir='ltr'>accipiendum</span> <span class='ocrx_word' id='word_1_445' title='bbox 1194 4028 1271 4071; x_wconf 86' lang='lat' dir='ltr'>esse.</span> 
     </span>
    </p>

    <p class='ocr_par' dir='ltr' id='par_1_5' title="bbox 73 4096 1456 4697">
     <span class='ocr_line' id='line_1_43' title="bbox 180 4096 1456 4170; baseline -0.002 -14"><span class='ocrx_word' id='word_1_446' title='bbox 180 4098 309 4157; x_wconf 90' lang='lat' dir='ltr'>Primam</span> <span class='ocrx_word' id='word_1_447' title='bbox 341 4106 440 4157; x_wconf 88' lang='lat' dir='ltr'>autem</span> <span class='ocrx_word' id='word_1_448' title='bbox 470 4098 577 4157; x_wconf 86' lang='lat' dir='ltr'>lamam</span> <span class='ocrx_word' id='word_1_449' title='bbox 611 4108 741 4157; x_wconf 88' lang='lat' dir='ltr'>cornetae</span> <span class='ocrx_word' id='word_1_450' title='bbox 772 4096 892 4155; x_wconf 90' lang='lat' dir='ltr'>secundi</span> <span class='ocrx_word' id='word_1_451' title='bbox 921 4098 1076 4156; x_wconf 83' lang='lat' dir='ltr'>cxcitatum</span> <span class='ocrx_word' id='word_1_452' title='bbox 1106 4099 1223 4157; x_wconf 85' lang='lat' dir='ltr'>invenio</span> <span class='ocrx_word' id='word_1_453' title='bbox 1251 4099 1372 4158; x_wconf 86' lang='lat' dir='ltr'>Noresii</span> <span class='ocrx_word' id='word_1_454' title='bbox 1401 4101 1456 4170; x_wconf 76' lang='lat' dir='ltr'>in¹</span> 
     </span>
     <span class='ocr_line' id='line_1_44' title="bbox 78 4182 1431 4260; baseline 0 -16"><span class='ocrx_word' id='word_1_455' title='bbox 78 4183 184 4245; x_wconf 86' lang='lat' dir='ltr'>Silesia</span> <span class='ocrx_word' id='word_1_456' title='bbox 206 4194 235 4244; x_wconf 92' lang='lat' dir='ltr'>et</span> <span class='ocrx_word' id='word_1_457' title='bbox 258 4185 380 4245; x_wconf 89' lang='lat' dir='ltr'>Romae.</span> <span class='ocrx_word' id='word_1_458' title='bbox 425 4184 475 4245; x_wconf 88' lang='lat' dir='ltr'>Sic</span> <span class='ocrx_word' id='word_1_459' title='bbox 503 4187 580 4243; x_wconf 88' lang='lat' dir='ltr'>enirn</span> <span class='ocrx_word' id='word_1_460' title='bbox 611 4185 646 4244; x_wconf 92' lang='lat' dir='ltr'>de</span> <span class='ocrx_word' id='word_1_461' title='bbox 673 4185 730 4244; x_wconf 91' lang='lat' dir='ltr'>hac</span> <span class='ocrx_word' id='word_1_462' title='bbox 752 4186 831 4243; x_wconf 84' lang='lat' dir='ltr'>tama</span> <span class='ocrx_word' id='word_1_463' title='bbox 852 4185 968 4260; x_wconf 89' lang='lat' dir='ltr'>scripsit</span> <span class='ocrx_word' id='word_1_464' title='bbox 990 4182 1011 4243; x_wconf 90' lang='lat' dir='ltr'>J</span> <span class='ocrx_word' id='word_1_465' title='bbox 1019 4202 1156 4245; x_wconf 86' lang='lat' dir='ltr'>oannes</span> <span class='ocrx_word' id='word_1_466' title='bbox 1178 4184 1314 4245; x_wconf 88' lang='lat' dir='ltr'>Remus</span> <span class='ocrx_word' id='word_1_467' title='bbox 1337 4184 1431 4259; x_wconf 83' lang='lat' dir='ltr'>Quie-</span> 
     </span>
     <span class='ocr_line' id='line_1_45' title="bbox 78 4270 1431 4350; baseline 0.001 -19"><span class='ocrx_word' id='word_1_468' title='bbox 78 4280 173 4345; x_wconf 88' lang='lat' dir='ltr'>tanus,</span> <span class='ocrx_word' id='word_1_469' title='bbox 197 4273 271 4350; x_wconf 89' lang='lat' dir='ltr'>Imp.</span> <span class='ocrx_word' id='word_1_470' title='bbox 287 4272 422 4332; x_wconf 84' lang='lat' dir='ltr'>Caesaris</span> <span class='ocrx_word' id='word_1_471' title='bbox 438 4270 582 4332; x_wconf 86' lang='lat' dir='ltr'>Matthiae</span> <span class='ocrx_word' id='word_1_472' title='bbox 605 4272 735 4333; x_wconf 87' lang='lat' dir='ltr'>medicus</span> <span class='ocrx_word' id='word_1_473' title='bbox 759 4282 788 4331; x_wconf 87' lang='lat' dir='ltr'>et</span> <span class='ocrx_word' id='word_1_474' title='bbox 809 4271 1042 4342; x_wconf 87' lang='lat' dir='ltr'>mathematicus,</span> <span class='ocrx_word' id='word_1_475' title='bbox 1065 4271 1165 4331; x_wconf 90' lang='lat' dir='ltr'>libello</span> <span class='ocrx_word' id='word_1_476' title='bbox 1189 4272 1225 4332; x_wconf 91' lang='lat' dir='ltr'>de</span> <span class='ocrx_word' id='word_1_477' title='bbox 1244 4273 1302 4331; x_wconf 84' lang='lat' dir='ltr'>lroc</span> <span class='ocrx_word' id='word_1_478' title='bbox 1317 4281 1431 4332; x_wconf 86' lang='lat' dir='ltr'>cometa</span> 
     </span>
     <span class='ocr_line' id='line_1_46' title="bbox 78 4357 1430 4437; baseline 0.001 -20"><span class='ocrx_word' id='word_1_479' title='bbox 78 4359 155 4418; x_wconf 85' lang='lat' dir='ltr'>edito</span> <span class='ocrx_word' id='word_1_480' title='bbox 180 4357 355 4437; x_wconf 85' lang='lat' dir='ltr'>Oenipouti:</span> <span class='ocrx_word' id='word_1_481' title='bbox 381 4358 421 4417; x_wconf 85' lang='lat' dir='ltr'>In</span> <span class='ocrx_word' id='word_1_482' title='bbox 444 4359 552 4419; x_wconf 84' lang='lat' dir='ltr'>Sileaie</span> <span class='ocrx_word' id='word_1_483' title='bbox 574 4359 633 4417; x_wconf 89' lang='lat' dir='ltr'>diei</span> <span class='ocrx_word' id='word_1_484' title='bbox 657 4361 703 4418; x_wconf 88' lang='grc'>10.</span> <span class='ocrx_word' id='word_1_485' title='bbox 727 4359 904 4418; x_wconf 69' lang='lat' dir='ltr'>Asouernbris</span> <span class='ocrx_word' id='word_1_486' title='bbox 925 4359 1003 4419; x_wconf 77' lang='lat' dir='ltr'>dora</span> <span class='ocrx_word' id='word_1_487' title='bbox 1018 4363 1048 4418; x_wconf 80' lang='grc'>4.</span> <span class='ocrx_word' id='word_1_488' title='bbox 1067 4368 1137 4434; x_wconf 86' lang='lat' dir='ltr'>post</span> <span class='ocrx_word' id='word_1_489' title='bbox 1158 4359 1291 4418; x_wconf 88' lang='lat' dir='ltr'>mediam</span> <span class='ocrx_word' id='word_1_490' title='bbox 1313 4368 1430 4418; x_wconf 88' lang='lat' dir='ltr'>noctem</span> 
     </span>
     <span class='ocr_line' id='line_1_47' title="bbox 79 4446 1430 4522; baseline 0 -17"><span class='ocrx_word' id='word_1_491' title='bbox 79 4449 178 4506; x_wconf 84' lang='lat' dir='ltr'>risum</span> <span class='ocrx_word' id='word_1_492' title='bbox 200 4466 260 4507; x_wconf 85' lang='lat' dir='ltr'>erae</span> <span class='ocrx_word' id='word_1_493' title='bbox 281 4455 447 4508; x_wconf 87' lang='lat' dir='ltr'>meteorum</span> <span class='ocrx_word' id='word_1_494' title='bbox 469 4450 601 4522; x_wconf 76' lang='lat' dir='ltr'>ignitum</span> <span class='ocrx_word' id='word_1_495' title='bbox 623 4448 725 4522; x_wconf 76' lang='lat' dir='ltr'>figura</span> <span class='ocrx_word' id='word_1_496' title='bbox 744 4464 867 4521; x_wconf 83' lang='lat' dir='ltr'>pennae</span> <span class='ocrx_word' id='word_1_497' title='bbox 889 4446 1080 4520; x_wconf 70' lang='lat' dir='ltr'>struthionis,</span> <span class='ocrx_word' id='word_1_498' title='bbox 1104 4447 1137 4504; x_wconf 85' lang='lat' dir='ltr'>id</span> <span class='ocrx_word' id='word_1_499' title='bbox 1157 4454 1199 4505; x_wconf 84' lang='lat' dir='ltr'>est</span> <span class='ocrx_word' id='word_1_500' title='bbox 1219 4451 1430 4522; x_wconf 81' lang='lat' dir='ltr'>incurvatum,-</span> 
     </span>
     <span class='ocr_line' id='line_1_48' title="bbox 73 4534 1430 4610; baseline -0.001 -16"><span class='ocrx_word' id='word_1_501' title='bbox 73 4536 161 4608; x_wconf 76' lang='lat' dir='ltr'>quod</span> <span class='ocrx_word' id='word_1_502' title='bbox 179 4553 277 4610; x_wconf 74' lang='lat' dir='ltr'>penus</span> <span class='ocrx_word' id='word_1_503' title='bbox 299 4543 431 4596; x_wconf 86' lang='lat' dir='ltr'>cornetae</span> <span class='ocrx_word' id='word_1_504' title='bbox 452 4542 562 4593; x_wconf 84' lang='lat' dir='ltr'>ueteres</span> <span class='ocrx_word' id='word_1_505' title='bbox 585 4539 731 4593; x_wconf 81' lang='lat' dir='ltr'>ceretium</span> <span class='ocrx_word' id='word_1_506' title='bbox 754 4535 908 4593; x_wconf 77' lang='lat' dir='ltr'>dicerunt.</span> <span class='ocrx_word' id='word_1_507' title='bbox 945 4534 1059 4593; x_wconf 83' lang='lat' dir='ltr'>Romae</span> <span class='ocrx_word' id='word_1_508' title='bbox 1081 4548 1154 4592; x_wconf 87' lang='lat' dir='ltr'>vern</span> <span class='ocrx_word' id='word_1_509' title='bbox 1176 4534 1223 4592; x_wconf 85' lang='lat' dir='ltr'>die</span> <span class='ocrx_word' id='word_1_510' title='bbox 1238 4537 1280 4593; x_wconf 88' lang='lat' dir='ltr'>ll.</span> <span class='ocrx_word' id='word_1_511' title='bbox 1296 4534 1430 4593; x_wconf 87' lang='lat' dir='ltr'>Nouem-</span> 
     </span>
     <span class='ocr_line' id='line_1_49' title="bbox 79 4620 1430 4697; baseline 0.003 -20"><span class='ocrx_word' id='word_1_512' title='bbox 79 4620 137 4679; x_wconf 77' lang='lat' dir='ltr'>bris</span> <span class='ocrx_word' id='word_1_513' title='bbox 167 4625 268 4682; x_wconf 70' lang='lat' dir='ltr'>aarum</span> <span class='ocrx_word' id='word_1_514' title='bbox 294 4641 354 4681; x_wconf 84' lang='lat' dir='ltr'>ease</span> <span class='ocrx_word' id='word_1_515' title='bbox 382 4623 498 4681; x_wconf 84' lang='lat' dir='ltr'>trabem</span> <span class='ocrx_word' id='word_1_516' title='bbox 527 4625 659 4697; x_wconf 78' lang='lat' dir='ltr'>ignitum</span> <span class='ocrx_word' id='word_1_517' title='bbox 684 4639 785 4681; x_wconf 81' lang='lat' dir='ltr'>uersus</span> <span class='ocrx_word' id='word_1_518' title='bbox 807 4625 972 4693; x_wconf 81' lang='lat' dir='ltr'>orientem,-</span> <span class='ocrx_word' id='word_1_519' title='bbox 1003 4621 1150 4679; x_wconf 89' lang='lat' dir='ltr'>adduntur</span> <span class='ocrx_word' id='word_1_520' title='bbox 1172 4622 1263 4681; x_wconf 86' lang='lat' dir='ltr'>verba</span> <span class='ocrx_word' id='word_1_521' title='bbox 1286 4624 1430 4681; x_wconf 85' lang='lat' dir='ltr'>observa-</span> 
     </span>
    </p>
   </div>
   <div class='ocr_carea' id='block_1_3' title="bbox 51 4709 1431 4877">
    <p class='ocr_par' dir='ltr' id='par_1_6' title="bbox 51 4709 1431 4877">
     <span class='ocr_line' id='line_1_50' title="bbox 79 4709 1431 4786; baseline 0.003 -21"><span class='ocrx_word' id='word_1_522' title='bbox 79 4711 166 4766; x_wconf 82' lang='lat' dir='ltr'>torisr</span> <span class='ocrx_word' id='word_1_523' title='bbox 197 4711 240 4769; x_wconf 87' lang='lat' dir='ltr'>ad</span> <span class='ocrx_word' id='word_1_524' title='bbox 268 4713 366 4769; x_wconf 86' lang='lat' dir='ltr'>instar</span> <span class='ocrx_word' id='word_1_525' title='bbox 395 4710 490 4769; x_wconf 85' lang='lat' dir='ltr'>trabis</span> <span class='ocrx_word' id='word_1_526' title='bbox 517 4727 630 4785; x_wconf 86' lang='lat' dir='ltr'>purum</span> <span class='ocrx_word' id='word_1_527' title='bbox 660 4717 807 4767; x_wconf 82' lang='lat' dir='ltr'>narratae</span> <span class='ocrx_word' id='word_1_528' title='bbox 828 4711 862 4767; x_wconf 85' lang='lat' dir='ltr'>in</span> <span class='ocrx_word' id='word_1_529' title='bbox 885 4711 1072 4767; x_wconf 86' lang='lat' dir='ltr'>accuratiori</span> <span class='ocrx_word' id='word_1_530' title='bbox 1099 4709 1319 4783; x_wconf 83' lang='lat' dir='ltr'>obseruatione,</span> <span class='ocrx_word' id='word_1_531' title='bbox 1351 4728 1431 4786; x_wconf 84' lang='lat' dir='ltr'>quae</span> 
     </span>
     <span class='ocr_line' id='line_1_51' title="bbox 51 4795 1430 4877; baseline 0.003 -24"><span class='ocrx_word' id='word_1_532' title='bbox 51 4795 160 4877; x_wconf 62' lang='lat' dir='ltr'>‚sama</span> <span class='ocrx_word' id='word_1_533' title='bbox 182 4797 230 4857; x_wconf 88' lang='lat' dir='ltr'>die</span> <span class='ocrx_word' id='word_1_534' title='bbox 253 4798 300 4857; x_wconf 81' lang='grc'>10.</span> <span class='ocrx_word' id='word_1_535' title='bbox 325 4796 520 4870; x_wconf 82' lang='lat' dir='ltr'>Nouembris,</span> <span class='ocrx_word' id='word_1_536' title='bbox 552 4797 591 4857; x_wconf 83' lang='lat' dir='ltr'>ab</span> <span class='ocrx_word' id='word_1_537' title='bbox 617 4798 696 4857; x_wconf 85' lang='lat' dir='ltr'>bora</span> <span class='ocrx_word' id='word_1_538' title='bbox 719 4801 764 4857; x_wconf 85' lang='lat' dir='ltr'>Io‘.</span> <span class='ocrx_word' id='word_1_539' title='bbox 788 4800 839 4855; x_wconf 71' lang='lat'>20⁴</span> <span class='ocrx_word' id='word_1_540' title='bbox 861 4815 956 4871; x_wconf 87' lang='lat' dir='ltr'>usque</span> <span class='ocrx_word' id='word_1_541' title='bbox 977 4795 1020 4854; x_wconf 88' lang='lat' dir='ltr'>ad</span> <span class='ocrx_word' id='word_1_542' title='bbox 1040 4796 1149 4857; x_wconf 81' lang='lat' dir='ltr'>horam</span> <span class='ocrx_word' id='word_1_543' title='bbox 1171 4798 1217 4854; x_wconf 85' lang='grc'>18.</span> <span class='ocrx_word' id='word_1_544' title='bbox 1240 4798 1301 4861; x_wconf 80' lang='grc'>40’.</span> <span class='ocrx_word' id='word_1_545' title='bbox 1345 4796 1430 4872; x_wconf 84' lang='lat' dir='ltr'>Quae</span> 
     </span>
    </p>
   </div>
   <div class='ocr_carea' id='block_1_4' title="bbox 0 0 1648 5520">
    <p class='ocr_par' dir='ltr' id='par_1_7' title="bbox 0 0 1648 5520">
     <span class='ocr_line' id='line_1_52' title="bbox 0 0 1648 5520; baseline 0 0"><span class='ocrx_word' id='word_1_546' title='bbox 0 0 1648 5520; x_wconf 95' lang='lat' dir='ltr'> </span> 
     </span>
    </p>
   </div>
  </div>
 </body>
</html>
