3284 5520
155 324 223 394 218
653 325 791 397 lpehonia
808 325 1023 397 Hypnaspistes

156 505 431 567 demonstrationem
445 504 596 584 Tyehonis
617 522 676 566 non
697 505 787 583 thus
809 504 982 567 certitudine
1003 504 1150 566 intervelli
1172 507 1249 565 inter
1270 505 1330 567 duo
1352 512 1511 579 momenta,

154 609 331 669 quocunque
353 593 509 654 intervallo
532 595 670 671 temporis
692 612 712 654 a
731 593 893 654 meridiano
915 592 1063 655 distantia
1101 591 1321 653 Dissimulate.
1345 591 1512 656 altitudinis

156 680 391 742 observationem
419 697 484 740 esse
512 682 653 758 priorem,
687 684 796 759 quippe
825 689 855 741 et
883 679 1106 757 parabiliorem,
1140 681 1347 743 observatione
1370 681 1511 758 temporis

154 769 247 845 ipsius
277 775 346 827 ante
373 767 421 828 nel
449 775 517 844 post
538 767 697 831 meridiem.
741 767 918 830 Dissimulet
940 767 1067 845 denique
1090 775 1118 830 0.
1148 767 1318 846 Tychouem
1341 769 1380 829 ob
1404 784 1511 829 censu

154 853 316 930 explicatas
343 872 402 914 non
432 855 522 915 inisse
550 866 724 932 occupatum
753 859 783 914 in
810 855 989 932 exquirenda
1014 864 1045 916 et
1065 854 1196 915 limanda
1217 857 1357 932 temporis
1379 856 1510 933 pomeri·

154 941 234 1001 diani
257 953 394 1002 accurata
416 941 597 1016 certitudine,
621 961 715 1020 neque
739 952 835 1005 umen
859 943 897 1003 ob
919 942 949 1002 id
973 944 1111 1003 vitiosam
1134 959 1200 1003 esse
1220 940 1282 1003 ullo
1303 942 1392 1004 modo
1408 958 1511 1004 00100-

152 1037 201 1089 tae
223 1028 418 1109 altitudinem,
442 1037 474 1089 ut
495 1048 573 1106 qrrae
595 1032 794 1091 instrumentis
816 1032 939 1108 eapitur,
962 1046 1021 1090 non
1044 1040 1189 1109 tempore,
1212 1046 1267 1089 uec
1288 1039 1408 1108 propter
1430 1029 1511 1091 relu-

152 1118 263 1177 tionem
291 1116 328 1176 ad
357 1118 495 1196 temporis
523 1120 569 1177 sni
600 1127 779 1180 momentum
807 1119 1059 1178 accuratissimum
1089 1118 1181 1177 inisse
1212 1120 1390 1193 exquisitam
1417 1117 1509 1195 inque

153 1202 431 1265 demonetrationem
458 1214 679 1279 transsnmtam,
708 1206 760 1266 sed
789 1212 907 1283 propter
935 1203 1107 1265 relationem
1138 1202 1176 1263 ad
1198 1203 1385 1265 altitudinem
1407 1205 1509 1278 aliam,

152 1298 231 1351 certo
254 1290 302 1351 vel
325 1291 466 1352 auimnthi
490 1291 536 1352 nel
558 1295 696 1370 temporis
720 1291 875 1353 intervallo
899 1290 1065 1353 distantem.
1104 1290 1230 1351 Omnino
1254 1291 1332 1353 idem
1352 1301 1510 1371 peccatum

152 1380 315 1452 committit,
339 1379 418 1455 quod
441 1381 471 1437 in
495 1382 629 1442 examine
648 1379 850 1460 praecedentis
867 1378 1082 1440 observationis
1096 1378 1162 1440 loco
1183 1381 1277 1455 primo
1291 1396 1356 1440 sum
1370 1388 1508 1457 questus,

153 1464 282 1525 ordinem
305 1466 418 1527 scilicet
439 1470 596 1543 pervertit,
627 1485 663 1527 ex
686 1486 745 1528 nec.
769 1476 849 1527 reeta
871 1474 900 1526 et
923 1465 1116 1527 declinatione
1138 1474 1290 1542 computat
1310 1465 1509 1541 altitudinem,

151 1560 216 1612 cum
239 1552 342 1631 Tycbo
365 1572 401 1613 ex
422 1553 578 1614 altitudine
606 1562 638 1614 ut
667 1558 747 1633 prins
782 1558 981 1615 innotescente
1009 1560 1180 1631 computare
1202 1553 1308 1616 doceat
1330 1553 1509 1615 declinatio·

149 1657 217 1701 nem
246 1648 277 1700 et
305 1643 507 1702 moenaionem
538 1650 655 1702 rectam.
702 1643 765 1702 Hes
786 1643 886 1722 potius
910 1641 1053 1703 ventilare
1076 1641 1192 1715 debuit,
1222 1643 1247 1700 si
1270 1641 1396 1703 candide
1417 1658 1509 1719 egere

151 1727 304 1802 voluisset,
327 1745 385 1787 non
409 1730 644 1790 observationem
665 1728 837 1790 altitudinis.

254 1816 306 1874 03.
344 1815 409 1875 Non
432 1816 524 1876 hebes
547 1819 644 1893 igitur,
668 1816 856 1890 claromonti,
880 1832 917 1875 ne
937 1817 1086 1876 minimam
1102 1814 1222 1892 quidem
1236 1832 1366 1891 canum,
1391 1834 1444 1877 cnr
1458 1816 1508 1878 hic

149 1900 224 1961 adeo
247 1900 405 1962 insolenter
427 1910 456 1963 te
479 1910 580 1963 contra
593 1904 763 1983 Tyehonem
786 1905 898 1977 ederas,
922 1905 1126 1965 instrumente
1146 1920 1204 1963 auo
1226 1904 1416 1965 0010000001
1439 1904 1507 1983 (pro

147 2005 184 2049 eo
205 1988 284 2065 qnod
308 1988 358 2048 alii
381 1989 419 2050 de
442 1992 522 2050 vitiis
545 2000 574 2052 et
596 1991 756 2053 sceleribus
779 1995 842 2052 unis
863 1985 1050 2073 gloriantur).
1095 1990 1170 2049 Num
1200 1993 1224 2050 si
1253 1991 1302 2052 vel
1330 1991 1434 2052 horem
1457 1993 1506 2051 in·

147 2084 260 2152 tegram
284 2076 449 2138 aberrasset
470 2077 581 2156 Tycho,
605 2077 691 2139 fldem
713 2079 858 2157 horologii
882 2085 1008 2151 secutus,
1033 2095 1085 2155 pro
1109 2093 1154 2149 eo,
1179 2076 1258 2154 qnod
1280 2080 1506 2157 nonagesimam

146 2162 236 2223 horae
266 2171 379 2239 partem
408 2164 527 2240 demus,
560 2169 716 2242 pertineret
743 2185 779 2228 ee
806 2184 852 2227 res
881 2164 919 2225 ed
942 2167 1135 2227 instrumente
1157 2163 1307 2243 'tychonis
1330 2166 1398 2229 ulie,
1414 2162 1506 2249 (puta

148 2249 327 2326 quadrantes
350 2259 380 2311 et
402 2252 540 2325 armillas,
564 2255 671 2329 quibus
693 2253 819 2315 altitudo
842 2251 891 2313 vel
913 2251 1071 2313 declinatio
1094 2248 1285 2334 observatur)
1307 2253 1396 2330 plane
1419 2252 1506 2327 nihil,

145 2354 200 2397 nec
230 2346 275 2398 est
301 2338 447 2416 ipclronie
466 2340 568 2419 fullon
590 2349 618 2400 et
638 2345 753 2417 rupina
775 2340 948 2403 0110001010
970 2340 1153 2413 memnone,
1183 2339 1236 2400 sed
1265 2348 1317 2400 tua
1345 2341 1420 2403 hauc
1448 2343 1508 2401 im·

146 2423 262 2503 pudens
285 2434 315 2487 et
336 2425 518 2488 calumniosa
539 2436 583 2487 est
605 2430 635 2486 in
658 2447 723 2489 eam
746 2427 971 2489 animadversio.

479 2634 521 2701 ld
544 2634 640 2717 01001
662 2635 707 2701 10.
731 2632 783 2701 101.
806 2633 871 2702 218.
896 2630 998 2699 1120.
1022 2630 1075 2698 101.
1100 2632 1166 2698 210.

247 2774 331 2837 Haec
360 2776 418 2836 dno
448 2778 546 2855 capite
577 2776 664 2837 valde
693 2785 762 2836 sunt
790 2775 893 2835 iutilia
939 2773 1100 2835 Pollicetnr
1121 2776 1151 2831 in
1173 2775 1263 2852 priori
1286 2773 1505 2839 claromontius

144 2862 326 2940 spicilegium
349 2863 471 2940 aliquod
493 2867 638 2924 rationum
662 2864 825 2941 Tychonis,
849 2880 948 2922 earum
971 2868 1069 2922 tamen
1093 2864 1189 2938 capite
1211 2862 1366 2938 posteriori
1389 2871 1506 2940 purtem

144 2950 238 3027 rejicit
259 2953 289 3009 in
312 2950 525 3024 antecedentia,
548 2958 647 3010 actum
669 2970 778 3028 agens,
801 2959 913 3027 partem
937 2951 1144 3026 insequentia.
1184 2948 1243 3010 Sed
1258 2948 1333 3011 liber
1347 2950 1506 3027 augendua

143 3037 198 3097 luit
219 3055 339 3100 numero
363 3040 500 3115 capitum.
539 3038 703 3114 Sequemur
726 3039 790 3114 ejus
814 3037 949 3111 vestigia,
973 3035 1091 3112 qnando
1115 3053 1149 3096 ex
1172 3036 1230 3096 hoc
1244 3036 1361 3114 Angim
1382 3038 1506 3100 stabulo

7 3120 12 3131 '
143 3141 201 3183 non
225 3125 311 3185 detur
332 3125 416 3185 aliter
438 3125 569 3201 eluctari,
592 3127 648 3185 nisi
671 3143 723 3202 per
745 3124 804 3185 nde
826 3135 855 3185 et
878 3141 1014 3184 coenosa.

251 3221 275 3271 1.
313 3212 414 3273 Prima
435 3213 538 3273 harum
568 3216 713 3273 rationum
737 3213 871 3274 desumta
894 3211 999 3271 dicitur
1018 3227 1052 3270 ex
1078 3213 1211 3286 cap.10.
1235 3211 1369 3270 cometici
1393 3216 1503 3288 operis.

142 3300 217 3359 Num
241 3317 276 3362 ex
298 3317 343 3373 ee,
367 3300 446 3377 qnod
470 3301 610 3361 distentia
632 3308 764 3362 nomene
786 3301 825 3361 ab
848 3299 959 3375 Aquila
982 3297 1029 3359 die
1050 3297 1191 3359 001100.
1216 3299 1281 3357 vies
1303 3304 1348 3356 est
1363 3296 1503 3361 Cornelio

142 3385 284 3449 Geminae
306 3390 336 3446 in
358 3388 520 3448 Brabantia
545 3388 600 3447 16⁰
620 3392 680 3462 to‘,
705 3388 838 3466 Tychoni
861 3389 892 3445 in
915 3386 1044 3445 Huenna
1069 3386 1124 3444 16υ
1139 3381 1202 3463 49⁴,
1225 3391 1256 3444 et
1270 3383 1317 3443 die
1341 3386 1393 3444 30.
1412 3385 1501 3464 Heg-

141 3477 226 3551 gecic
249 3476 363 3552 Pragee
386 3483 415 3535 et
436 3475 570 3553 Tychoni
594 3475 738 3536 Hnennae
760 3475 893 3535 similiter
915 3490 973 3533 non
998 3488 1055 3531 uno
1078 3471 1216 3548 scrupulo
1238 3471 1382 3547 differens,
1406 3472 1503 3537 colle·

141 3564 221 3638 gisae
244 3562 315 3622 dicit
337 3561 506 3639 Tychonem
530 3563 625 3639 capite
648 3565 693 3622 sui
716 3560 782 3621 libri
805 3564 853 3635 10,
877 3568 1022 3621 comeum
1038 3558 1179 3635 parallaxi
1201 3558 1334 3619 sensibili
1358 3563 1502 3624 caruisse.

141 3648 208 3708 Hoc
237 3651 292 3709 etsi
324 3666 380 3725 ego
411 3649 490 3710 dicto
519 3648 585 3710 loco
612 3649 755 3724 jamnon
779 3650 915 3721 invenio,
947 3654 979 3707 at
1000 3648 1078 3721 seio,
1109 3645 1185 3706 hanc
1207 3645 1297 3706 luisse
1319 3644 1501 3724 hypothesin

142 3737 246 3813 eapitis
270 3738 303 3809 6,
339 3739 510 3812 pracsertim
540 3735 590 3796 lol.
618 3738 689 3796 106.
722 3738 750 3794 in
783 3737 989 3797 observatione
1021 3732 1182 3811 Haggecii,
1222 3750 1299 3810 quae
1326 3733 1434 3797 diebus
1460 3738 1501 3796 14

139 3825 308 3900 praecessit

247 3917 275 3972 0.
312 3908 399 3969 Hanc
419 3912 573 3985 rationem,
596 3913 620 3969 si
643 3909 857 3970 sufficientibus
871 3911 1033 3967 instruatur
1049 3907 1316 3982 observationibus,
1340 3925 1396 3985 ego
1413 3910 1501 3972 lucu·

142 3997 296 4058 lentiorem
320 3999 454 4057 existimo
478 3999 612 4058 omnibns
636 3997 712 4072 aliis,
736 4014 810 4074 qnae
832 3995 975 4055 hactenns
997 3993 1097 4055 attulit
1118 3993 1230 4073 Tycho.
1268 3994 1302 4053 ld
1325 4013 1360 4057 ex
1383 3999 1501 4057 metan-

140 4087 189 4145 tiis
211 4085 358 4164 Scipionis
381 4100 473 4161 enque
496 4088 570 4146 meis
593 4085 813 4146 defensionibus
836 4081 990 4143 elucescet.

244 4175 273 4233 3.
304 4173 433 4231 Primum
456 4171 506 4233 ille
529 4174 572 4232 sie
594 4172 758 4250 respondet,
783 4180 816 4229 nt
836 4170 1003 4246 generalem
1026 4167 1145 4246 quidem
1168 4168 1299 4244 aliquam
1315 4172 1498 4247 propositiu-

139 4277 205 4318 nem
229 4259 332 4319 reddat
355 4276 505 4334 enervem,
537 4278 625 4336 quarn
648 4278 667 4319 a
689 4259 829 4336 Tychone
852 4274 909 4316 non
932 4265 1005 4333 puto
1029 4265 1199 4332 usurpatam
1222 4273 1302 4330 esse,
1332 4260 1498 4320 rmtrioiam

139 4363 210 4407 vero
233 4347 271 4407 ad
293 4347 376 4407 sidus
400 4348 526 4423 Aquilae
549 4347 695 4423 ilnemqne
717 4345 902 4420 Novembris,
926 4362 1014 4420 quem
1036 4344 1127 4403 hebet
1149 4342 1262 4421 Tycho,
1285 4360 1343 4402 non
1367 4348 1498 4423 attingat

139 4434 188 4493 vel
210 4443 339 4495 extremo
362 4433 463 4512 digito.
500 4434 553 4494 Ait
575 4434 637 4495 dari
660 4451 757 4504 casus,
781 4433 831 4492 nbi
854 4434 880 4491 si
902 4431 950 4492 vel
973 4448 1024 4493 sex
1045 4429 1190 4508 graduum
1205 4432 1244 4490 sit
1268 4430 1437 4507 purellexis,
1461 4450 1499 4495 οι

138 4530 236 4582 temen
260 4523 415 4582 distantias
437 4541 456 4581 a
477 4521 572 4585 sidere
595 4524 625 4581 in
648 4520 808 4582 (lemania
829 4526 859 4579 et
879 4517 1024 4581 Hnennee
1047 4521 1126 4579 visas
1149 4534 1207 4578 non
1230 4519 1323 4578 venet
1346 4518 1384 4578 ed
1408 4522 1497 4581 unius

139 4610 243 4667 minuti
267 4608 505 4686 magnitudinem.
550 4611 587 4669 Et
609 4610 716 4670 format
738 4626 859 4669 menum
889 4608 1003 4684 speeies
1026 4606 1115 4680 dnes,
1145 4612 1223 4665 totas
1245 4623 1296 4666 sex
1319 4605 1410 4667 iacies
1433 4609 1493 4669 im·

137 4693 222 4774 plens
245 4713 264 4756 a
285 4697 336 4758 iol.
361 4703 423 4757 000
446 4699 476 4755 in
500 4699 572 4757 008.

244 4786 275 4844 1.
312 4784 348 4845 ln
369 4786 465 4864 primu
486 4792 601 4848 cometa
624 4792 669 4847 est
689 4786 721 4844 in
742 4781 905 4846 meridiano
926 4781 1055 4857 humilis,
1078 4781 1136 4842 fiae
1157 4781 1197 4845 ab
1218 4797 1255 4843 ea
1277 4778 1497 4846 uentrem
