3284 5520
548 1110 812 1228 LIBELLUS
849 1106 1093 1229 TERTIUS.

149 1354 256 1492 DE
279 1346 1102 1495 SIGNIFICATIONIBUS
1125 1349 1498 1491 COMETAE
1620 1498 1624 1505 .

466 1591 532 1680 Qui
560 1592 660 1662 Anno
689 1589 845 1660 llDCVll.
874 1597 1084 1680 conspectus
1112 1597 1174 1664 est.

352 1775 634 1845 Germanico
664 1774 890 1838 Idiomaee
911 1776 1116 1856 primum
1139 1775 1291 1841 editus

421 1914 547 1983 Deinde
584 1912 617 1978 in
653 1911 785 1979 latinum
823 1932 1001 1980 sermonem
1039 1932 1211 1981 conversus

730 2036 808 2089 Anno
826 2029 905 2092 1607.

243 2217 324 2271 Nune
350 2229 446 2270 recens
473 2219 501 2267 et
527 2227 589 2267 cum
618 2209 760 2266 eventibus
791 2217 819 2264 et
846 2225 908 2264 cnm
935 2208 1048 2263 cometis
1074 2210 1138 2264 anni
1166 2212 1243 2267 1618.
1276 2210 1392 2266 collatus

388 2324 535 2379 eorumque
564 2305 806 2376 significationibus
838 2304 1024 2373 probabilibus
1054 2305 1245 2373 locupletatus.

187 2682 405 2758 Augustae
443 2679 771 2741 vindelicorum
808 2673 916 2753 apud
952 2636 1156 2735 Andream
1188 2644 1449 2754 Apergsrn'm.

677 2798 773 2852 Anno
795 2797 955 2852 noxx.

443 3238 631 3302 ILLUSTRI
654 3241 705 3300 ET
729 3237 941 3302 GENEROSO
964 3234 1124 3298 DOMINO
1147 3239 1185 3298 D.

272 3373 624 3473 tassilonis.
657 3376 860 3475 BARONI
891 3375 949 3472 IN
984 3373 1352 3490 transilistis,

146 3553 170 3609 in
193 3553 357 3633 Wiltperg,
387 3553 516 3615 Riedcclr
538 3563 567 3616 et
590 3555 782 3632 Lobenstein,
812 3556 931 3618 ditionis
954 3556 1166 3632 Schannburglr
1191 3555 1331 3630 Domino,
1361 3556 1489 3615 Domino

658 3677 723 3721 meo
745 3663 968 3737 gratiosissimo.
1067 3655 1071 3666 ’

239 3840 370 3900 Primum
380 3840 416 3903 de
428 3841 555 3904 Cometis
566 3842 706 3919 libellum,
733 3861 791 3920 quo
806 3842 1023 3922 physiologiam
1040 3843 1213 3904 corneticam
1229 3859 1294 3902 snm
1310 3841 1488 3918 complexus,

137 3926 195 4000 jam
226 3928 425 4004 absolveram,
461 3930 617 3992 tralatione
646 3933 677 3990 in
706 3932 827 3991 latinum
859 3948 1021 3991 sermonem
1045 3930 1137 4004 facta,
1172 3947 1237 3988 cunr
1259 3939 1489 4005 supervenerunt

139 4014 182 4071 lll.
206 4014 279 4075 Gen.
308 4016 391 4077 Tuae
419 4017 534 4092 literae,
568 4018 745 4097 exemplaria
774 4028 916 4079 tractatus
945 4017 980 4078 de
1010 4026 1123 4078 cometa
1151 4019 1207 4076 moi
1230 4036 1248 4077 a
1271 4034 1317 4075 me
1339 4024 1486 4092 petentem

139 4101 239 4162 doctae
268 4101 337 4163 illae
365 4107 531 4180 cumprimis
559 4115 588 4165 et
618 4115 769 4182 praeterea
792 4114 874 4165 tanta
895 4105 1078 4166 humanitate
1100 4121 1169 4179 erga
1192 4104 1354 4163 inferiorern
1378 4111 1407 4163 et
1430 4106 1485 4162 im·

138 4191 268 4248 meritum
295 4194 490 4270 perscriptae,
525 4203 557 4251 nt
584 4191 668 4252 facile
692 4201 845 4270 appareat,
882 4198 991 4268 quanto
1015 4190 1169 4250 intervallo
1192 4208 1287 4250 rerum
1310 4188 1486 4250 naturalium

139 4277 285 4336 amentiam
313 4279 412 4337 avitae
440 4281 554 4355 generis
584 4279 749 4339 claritudini
780 4279 894 4339 occulta
925 4278 1094 4354 dignatione
1124 4276 1309 4354 praetuleris,
1345 4276 1412 4335 dum
1435 4276 1486 4336 illa

139 4379 192 4422 non
222 4371 391 4437 contentus,
426 4368 555 4425 animum
584 4365 719 4427 adhunc
742 4367 929 4440 transtulisti,
963 4367 1061 4442 quoad
1085 4383 1151 4425 eum
1174 4371 1255 4424 tanto
1278 4364 1484 4441 philosophiae

139 4467 231 4511 amore
254 4452 400 4512 imbueres
422 4470 590 4530 novumque
612 4454 669 4514 hoc
692 4453 780 4514 decus
803 4457 831 4512 in
854 4452 996 4513 illustrem
1018 4462 1099 4513 tuam
1121 4459 1238 4528 gentem
1261 4452 1389 4510 inferres.

238 4537 312 4598 Cum
340 4548 439 4599 autem
465 4543 495 4599 in
518 4558 553 4600 eo
576 4541 655 4600 fama
675 4541 840 4613 fefellisset,
869 4541 931 4616 jain
954 4548 1022 4601 tnnc
1045 4539 1158 4617 aliquid
1181 4557 1199 4598 a
1222 4556 1267 4598 me
1291 4539 1370 4615 typis
1393 4538 1483 4597 fuisse

140 4623 288 4700 traditum,
320 4642 416 4702 neque
439 4627 575 4688 haberem
598 4627 636 4688 ad
664 4646 767 4688 manus
790 4627 899 4687 munda
921 4627 1116 4705 exemplaria,
1151 4626 1257 4702 quibus
1280 4625 1376 4684 Illust.
1407 4623 1481 4685 Gen.

141 4708 216 4772 Tuae
250 4711 395 4774 desiderio
428 4715 641 4792 satisfacerem,
684 4724 716 4774 at
749 4732 817 4792 ergo
854 4722 991 4793 testatum
1025 4712 1188 4791 redderem,
1221 4730 1266 4774 me
1297 4729 1499 4790 nequaquam,
1621 4712 1629 4729 '
