3284 5520
141 320 204 386 118
325 348 329 359 ·
646 322 688 377 De
706 321 825 378 cometis
843 319 925 377 libelli
942 320 992 375 111.

139 498 318 574 negligentia
356 505 408 557 aut
446 500 549 576 spiritu
584 503 682 561 nescio
717 518 775 578 quo
810 501 947 561 insolenti
981 499 1136 578 epistolam
1169 499 1495 567 honorificentissimam

139 588 304 647 intermisso
326 586 519 662 respondendi
546 607 663 648 munere
687 589 842 667 abjecisse,
864 594 982 649 secutus
1004 605 1068 647 sum
1092 589 1339 665 opportunitatem
1356 589 1495 665 temporis

140 682 169 733 et
183 672 315 734 libellum
330 672 407 732 hunc
423 673 459 734 de
474 679 575 751 nuperi
591 684 721 736 cometae
736 675 1008 753 significationibus,
1027 675 1112 750 eujus
1127 677 1157 734 in
1172 676 1282 734 iumine
1297 675 1495 735 consistebam

140 766 256 837 recepta
283 768 333 820 tua
362 760 501 837 epistola,
535 781 554 822 a
577 761 758 824 dedicatione
786 770 875 840 atque
903 764 941 824 ab
969 763 1079 822 illustri
1102 762 1168 822 Tuo
1191 762 1315 822 Nomine
1344 779 1409 821 aum
1438 781 1494 822 au·

139 849 277 923 spicatas.

242 934 290 993 Ita
310 935 367 994 hoc
390 935 529 1012 quicquid
552 943 595 996 est
617 936 709 999 libelli
725 937 772 999 iii.
797 936 902 998 Gener.
924 935 1007 996 Tuas
1031 954 1090 1013 qua
1112 953 1164 1014 par
1186 942 1231 996 est
1254 937 1443 997 observantia
1465 945 1495 996 et

138 1024 327 1082 veneratione
351 1022 456 1096 oiiero,
486 1029 565 1083 certa
589 1022 709 1099 fiducia,
742 1026 813 1100 quis
833 1023 962 1085 laudasti
986 1023 1118 1084 libellum
1141 1022 1269 1083 noudum
1293 1026 1403 1098 visum,
1430 1026 1494 1102 Jam

138 1127 174 1168 ne
198 1106 318 1185 quidem
341 1108 541 1186 displicentem
565 1115 804 1189 vituperatumm.

200 1244 202 1249 .
244 1195 330 1255 Ferit
352 1195 432 1256 Deus
456 1196 524 1274 Opt.
548 1197 647 1273 Man,
680 1209 712 1259 ut
737 1200 764 1258 si
791 1194 862 1276 quid
891 1196 1098 1259 sollicitudinis
1128 1203 1243 1256 cometa
1266 1198 1321 1256 iste
1344 1196 1391 1255 Ill.
1417 1196 1493 1258 Gau.

139 1283 222 1343 Tuae
254 1283 429 1355 concitavit,
465 1284 534 1344 dum
562 1303 641 1346 more
670 1284 765 1346 tidelis
788 1283 916 1363 galiinae
938 1284 976 1345 ad
1001 1286 1133 1361 quemvis
1156 1283 1281 1344 vulturis
1304 1292 1494 1361 conspectum

139 1372 262 1447 quiritus
291 1369 368 1445 edis,
401 1370 437 1432 de
465 1372 610 1450 pullorum
634 1374 702 1432 Tibi
730 1372 871 1433 divinitus
892 1374 1049 1433 commissa
1073 1378 1155 1450 parte
1177 1372 1295 1444 anxius,
1328 1379 1361 1429 ut
1383 1372 1495 1432 bonum

139 1456 224 1518 decet
238 1459 456 1535 magistratum:
479 1457 509 1517 id
524 1466 618 1519 totum
640 1460 692 1520 flat
713 1460 825 1520 irritum
847 1461 936 1537 inque
951 1466 1040 1537 caput
1062 1458 1164 1535 inJusti
1184 1458 1358 1536 grassatoris
1382 1457 1495 1520 recidet

138 1544 243 1621 'inque
271 1544 384 1605 ielicem
408 1552 437 1605 et
459 1553 595 1624 pacatum
618 1549 765 1608 ineuntem
789 1564 897 1606 anuum
919 1555 1068 1624 superstes
1091 1554 1180 1621 atque
1203 1561 1304 1622 sospes
1328 1549 1489 1623 experiare.

138 1631 228 1692 Hisce
250 1632 296 1691 iii.
313 1631 385 1693 Gen.
410 1632 444 1692 T.
469 1634 568 1695 valere
587 1635 679 1710 jubeo
702 1636 788 1710 eique
810 1650 857 1693 me
879 1634 1013 1710 subjecto
1035 1634 1133 1693 animo
1155 1630 1337 1693 commendo.
1376 1632 1491 1710 Prsgae

141 1718 262 1780 Caiend
286 1720 425 1781 Decemb.
450 1738 527 1782 anno
551 1722 680 1797 vulgaris
702 1738 789 1782 aerae
814 1723 906 1783 1607.

662 1965 706 2025 ill
730 1964 804 2027 Gen.
828 1965 912 2026 Tuae

805 2139 945 2218 Subjecte
967 2138 1066 2201 colens

1063 2311 1206 2391 loannes
1232 2306 1388 2413 liepierus

990 2434 1015 2485 S.
1038 2433 1067 2484 Ο.
1090 2432 1167 2495 Mat.
1197 2432 1495 2482 Mathematicus.
