3284 5520
73 2100 294 2205 inclytae
324 2101 376 2184 et
406 2098 686 2186 Generosae
707 2101 1012 2186 Braheorum
1030 2099 1192 2201 Genti,
1223 2101 1431 2186 Vetusta

59 2258 65 2267 ’
162 2238 447 2339 Nobilitate,
478 2238 775 2340 Honoribus,
806 2238 1005 2383 Opibus,
1036 2239 1339 2344 peruenias

322 2379 621 2483 sueciaeque
650 2380 820 2483 Regna
850 2377 1172 2463 clarissimae.

177 2601 269 2660 Erant
283 2601 357 2662 haec
372 2601 442 2662 olim
457 2601 620 2662 nobilitatis
638 2601 800 2662 Cimbricae
820 2600 926 2674 studia,
950 2600 1174 2661 Generosissimi
1188 2598 1429 2677 Nobilissimique

76 2687 145 2762 Viri,
170 2687 303 2764 Regibus
325 2692 386 2749 suis
408 2688 543 2762 militare,
566 2688 639 2747 fines
662 2688 721 2748 late
742 2689 879 2767 prolerre,
904 2690 1016 2748 vicinos
1033 2688 1178 2765 expellere
1195 2694 1246 2746 aut
1260 2686 1428 2765 subjugare,

77 2792 138 2834 cum
161 2776 300 2852 gentibue
323 2794 418 2837 rerum
441 2775 566 2836 dominis
589 2775 625 2834 de
649 2778 769 2853 imperio
793 2775 978 2836 contendere.
1016 2774 1048 2841 Si
1071 2776 1115 2834 sas
1131 2782 1185 2844 est,
1210 2773 1340 2834 divinam
1357 2792 1427 2852 pro·

75 2862 232 2922 videntium
255 2862 372 2940 legibus
394 2866 555 2940 astringere
570 2862 715 2937 humanis,
737 2865 906 2923 necessaria
920 2862 1009 2923 luisse
1026 2861 1141 2922 videtur
1157 2861 1304 2940 implendo
1320 2879 1427 2921 secun-

75 2948 138 3008 dum
168 2949 250 3026 leges
281 2951 449 3025 divisionis,
483 2949 645 3010 aNoacho
668 2953 812 3025 sancitae,
842 2951 905 3009 orbi
928 2957 1069 3010 terrarum
1092 2945 1147 3032 (an
1169 2949 1315 3008 malumus
1337 2951 1428 3009 mari·

75 3033 178 3118 tando)
208 3037 345 3098 ierocitas
372 3041 439 3099 ista
484 3038 559 3097 Nam
583 3047 613 3098 et
636 3041 796 3116 praecipua
818 3036 1000 3097 foecunditas
1023 3037 1078 3097 luit
1100 3037 1138 3097 ab
1162 3039 1241 3096 omui
1262 3036 1427 3097 seculorum

75 3125 210 3185 memoria
232 3125 408 3203 populorum
431 3124 528 3202 frigidi
551 3128 766 3203 septentrionis,
790 3127 840 3201 qui
856 3123 975 3184 Gomeri
992 3123 1175 3184 Cimbrorum
1197 3122 1340 3184 condituri
1361 3142 1428 3184 sor·

78 3214 126 3272 tito
150 3213 268 3289 obtigit,
292 3219 321 3272 et
344 3211 460 3273 deserta
481 3218 534 3271 aut
556 3213 593 3271 ab
615 3215 743 3272 incertae
767 3214 887 3289 originis
909 3211 1041 3272 barbaris
1064 3211 1207 3285 habitata,
1232 3211 1357 3288 denique
1379 3230 1427 3272 re·

77 3298 216 3358 conditior
244 3299 490 3376 longinquiorque
512 3299 567 3358 tuit
591 3297 749 3360 Germania
771 3316 879 3375 magua
901 3298 1085 3358 venientibus
1107 3315 1160 3376 per
1182 3297 1339 3358 adversum
1361 3299 1425 3357 Da-

75 3388 189 3446 nubium
212 3386 323 3460 Tirasi,
356 3386 404 3448 vel
431 3405 483 3464 per
511 3385 595 3464 alpes
616 3385 729 3446 Javaui
760 3389 900 3463 posteris,
929 3403 1017 3462 quam
1040 3384 1175 3445 Gomaris
1198 3386 1258 3444 filio
1284 3385 1425 3459 decanea,
1532 3402 1548 3421 ·

77 3489 105 3531 ex
125 3474 223 3533 Ponto
246 3491 298 3550 per
320 3473 478 3534 adversum
500 3473 716 3551 Borysthenem
738 3474 885 3547 subeunti,
909 3473 1014 3533 deinde
1036 3473 1165 3533 secundo
1189 3472 1278 3532 Duua
1300 3474 1330 3530 iu
1352 3472 1425 3532 Bal·

77 3562 158 3619 ticum
180 3578 261 3620 mare
283 3559 423 3621 defluenti
445 3571 475 3621 et
496 3560 724 3622 scandinaviam
747 3568 875 3621 vestram
891 3560 1165 3637 Chersonesumque
1187 3560 1364 3620 Cimbricam
1387 3560 1426 3619 ob

78 3651 318 3726 opportunitatem
341 3656 386 3708 tot
407 3650 526 3709 litorum
551 3650 704 3729 victusque
726 3650 879 3725 spontanei
904 3666 939 3707 ex
963 3656 1105 3708 venetura
1129 3649 1253 3726 piscium
1277 3646 1426 3708 incolenti.

172 3733 338 3810 Postquam
360 3736 498 3813 impletae
522 3737 702 3812 provinciae,
724 3752 783 3794 non
806 3737 1011 3810 septentiionis
1033 3744 1156 3808 tautum,
1181 3734 1232 3794 sed
1256 3742 1286 3795 et
1301 3734 1427 3794 Germa·

76 3823 134 3880 uiae
156 3824 331 3895 universae,
354 3822 426 3896 sed,
451 3841 487 3884 ex
509 3825 718 3901 septentrione,
742 3820 941 3882 Gronlaudiae
971 3839 1089 3898 quoque
1119 3821 1263 3902 (subsidio
1285 3824 1426 3882 scientiae

78 3910 223 3982 nauticae,
247 3910 332 3985 cujus
354 3909 458 3970 ecbola
481 3919 544 3970 erat
566 3927 646 3970 mare
668 3907 840 3988 Belenum),
865 3927 901 3968 ex
924 3908 1106 3969 Groulandia
1129 3910 1220 3968 totius
1243 3911 1314 3968 novi
1337 3910 1425 3981 orbis,

77 3998 138 4070 quin
162 3997 210 4074 (ut
232 3996 409 4073 quibusdam
432 3996 547 4072 placere
570 3996 672 4074 video)
700 3999 793 4073 ipsius
822 3999 909 4056 etiam
932 3995 1097 4074 daponiaec
1123 3997 1186 4072 jam
1216 4003 1331 4073 tempus
1354 4003 1425 4069 erat,

76 4089 102 4139 ut
129 4089 231 4143 vetera
254 4083 309 4144 illa
331 4085 430 4144 studia
452 4084 615 4143 nobilitatis
638 4083 815 4157 Cimbricae,
846 4083 1018 4143 Christianis
1047 4082 1160 4142 imbuta
1181 4083 1308 4159 legibus,
1345 4084 1426 4141 miti-

80 4178 219 4244 garentur,
243 4188 339 4247 neque
361 4189 443 4230 arma
466 4170 657 4244 Cimbrorum,
681 4171 761 4231 idola
784 4170 957 4245 colentium,
981 4172 1069 4230 armis
1093 4169 1257 4230 Gothorum
1280 4177 1310 4230 et
1330 4168 1426 4229 Fran-

28 4268 32 4276 '
80 4272 186 4331 corum,
217 4257 334 4318 Christo
362 4259 551 4317 militantium
575 4261 640 4334 (qui
673 4266 702 4318 et
729 4261 784 4337 ipsi
814 4275 850 4317 ex
877 4257 928 4316 illa
950 4261 1102 4335 primaeva
1124 4257 1306 4318 Cimbrorum
1329 4258 1426 4335 patria
1524 4278 1528 4283 ·

79 4342 190 4417 proiecti
222 4362 318 4421 exque
346 4346 450 4407 eodem
479 4353 599 4423 parente
623 4344 750 4406 Gomere
779 4346 924 4422 progeniti
954 4338 1052 4420 erant)
1083 4352 1314 4421 opponerentur,
1346 4342 1426 4421 quod

80 4445 162 4507 usque
191 4431 231 4490 ad
255 4431 353 4492 Caroli
375 4433 479 4509 Magni
508 4439 639 4510 tempora
660 4433 723 4492 iierl
746 4450 764 4491 a
786 4432 989 4506 Nortmaunis,
1018 4431 1180 4508 majoribus
1203 4434 1323 4504 vestris,
1353 4447 1426 4491 cou-

82 4528 224 4592 suererat,
248 4522 319 4594 quin
342 4523 442 4596 potius
464 4527 497 4578 ut
518 4519 626 4579 finibus
649 4537 722 4595 gens
745 4536 939 4595 unaquaeque
963 4521 1025 4580 suis
1049 4521 1194 4595 conteuti,
1225 4535 1328 4597 pacem
1351 4520 1426 4579 iuter

83 4618 108 4662 se
127 4606 179 4666 sub
202 4607 347 4683 obsequio
370 4607 477 4666 Christi
501 4607 610 4666 domini
633 4606 761 4667 colerent
783 4608 922 4667 universi.

175 4693 266 4753 Arma
297 4701 395 4754 tamur
425 4693 522 4755 adhuc
551 4711 617 4754 eum
645 4696 725 4771 genti
752 4700 884 4768 vestrae,
918 4699 980 4752 tum
1010 4692 1185 4754 Germaniae
1214 4698 1331 4754 nostrae
1360 4692 1426 4753 sola

87 4786 155 4839 utut
175 4780 354 4845 exercendae
376 4783 493 4843 virtutis
515 4783 652 4857 materia,
681 4783 769 4842 armis
791 4781 864 4842 solis
887 4779 1094 4855 decus-,lamae
1117 4782 1321 4859 quaerebatur.
1365 4780 1426 4842 Sed

1147 4887 1216 4948 11⁴·
