3284 5520
471 332 514 387 Ad
531 329 630 387 librum
647 331 682 387 11.
701 312 916 401 anu-menonis
933 346 993 401 cap.
1015 333 1055 390 18.
1382 338 1446 407 215

90 510 274 590 opinionibus
296 513 374 585 suis,
409 508 519 570 dudum
550 510 719 587 conceptis,
751 509 874 571 subesse
896 511 1041 587 posterius
1065 511 1230 588 didicisset,
1254 516 1292 575 ab
1315 518 1444 595 ingenua

90 600 261 660 retractione
283 609 313 660 et
335 600 512 669 comotione
535 597 696 658 abborruit.
741 595 776 654 ld
808 597 883 658 adeo
920 599 1027 659 crebris
1057 608 1087 659 et
1111 600 1296 662 evidentibus
1320 603 1443 666 demon-

90 689 168 747 strari
192 694 291 763 potest
314 684 504 759 documentis,
529 693 560 745 ut
583 682 799 744 Claramontius
822 685 878 746 boc
901 687 995 762 ipsum
1021 689 1047 746 ei
1077 690 1106 745 in
1136 690 1242 749 crimen
1272 693 1441 753 inconstan-

92 775 143 833 tiae
164 775 277 851 passim
300 776 433 850 imputet.

188 859 280 921 Nulla
301 861 369 921 birro
390 860 508 921 macula
531 861 585 918 suit
608 858 748 936 adspersa
770 858 919 936 Tycbonis
951 861 1228 936 observationibus,
1261 863 1331 922 nibil
1355 883 1443 944 super

93 949 122 1007 iis
141 947 270 1025 trepidet
291 950 463 1025 posteritas,
487 948 553 1006 libri
576 948 632 1021 ipsi
655 946 894 1006 observationum
920 946 1051 1023 plerique
1082 951 1111 1006 in
1145 949 1228 1009 saluo
1259 952 1348 1028 inque
1376 971 1442 1014 mea

92 1034 220 1094 custodia
242 1044 327 1112 sunt;
351 1034 452 1094 divino
477 1035 588 1093 nrouitn
604 1032 708 1112 Tycha
730 1035 774 1094 sic
796 1051 846 1093 cas
868 1036 993 1093 munivit
1016 1037 1272 1097 instrumentorum
1290 1041 1440 1115 varietate,

92 1125 202 1182 sianum
225 1124 409 1200 repetitione,
433 1122 545 1182 dierum
568 1122 796 1193 continuatione,
821 1123 905 1198 copia
930 1121 1054 1197 denique
1077 1126 1150 1200 ipsa,
1176 1133 1207 1183 ut
1229 1125 1311 1186 iocus
1328 1127 1441 1186 caium·

93 1212 141 1269 niis
163 1209 335 1287 hujusmodi
358 1209 516 1270 hostilibus
539 1207 719 1284 relinquatur
749 1207 846 1267 nulius
875 1206 1020 1284 fidemque
1043 1208 1113 1270 iliae
1136 1212 1214 1287 apud
1237 1216 1439 1288 posteritatem

90 1305 249 1357 mereamur
271 1298 350 1357 omni
373 1296 502 1357 humans
524 1296 672 1371 maj0rem.

188 1385 287 1461 Atque
316 1402 389 1461 ego,
423 1386 474 1459 qui
507 1383 649 1443 hactenus
683 1380 748 1440 inde
782 1381 820 1441 ab
852 1399 974 1441 excessu
1004 1381 1154 1461 Tychonis
1187 1403 1238 1460 per
1270 1403 1363 1446 annos
1399 1390 1440 1447 23

90 1486 184 1529 carum
209 1474 294 1532 tastis
316 1481 345 1531 et
368 1477 467 1531 eustos
488 1471 530 1530 lui
553 1487 628 1546 pene
651 1470 766 1539 unicus,
787 1468 850 1542 jnm
873 1467 982 1528 dudum
1005 1471 1034 1527 in
1060 1471 1088 1528 id
1113 1473 1223 1544 enitor,
1256 1482 1289 1531 ut
1311 1473 1437 1535 Caesare

86 1566 197 1619 sumtus
228 1560 351 1619 iaciente
380 1557 447 1617 iibri
477 1558 732 1628 observationum,
762 1555 916 1615 thesaurus
947 1559 1080 1615 nimirum
1112 1561 1296 1635 antiquitatis
1325 1563 1439 1621 inerte

84 1654 182 1704 nosue
204 1647 448 1722 pretiosissimus,
480 1645 535 1704 sub
559 1662 625 1704 mea
647 1642 830 1718 aliorumque
852 1642 908 1703 fide
932 1643 1084 1720 dignorum
1116 1648 1296 1722 inspectione
1320 1655 1350 1707 et
1372 1665 1438 1710 cor·

81 1734 209 1793 rectione
232 1733 386 1810 multipiici
409 1733 487 1792 bono
510 1731 610 1808 aliquo
634 1748 753 1790 numero
777 1729 984 1807 exemplarium
1008 1732 1187 1792 excutiantur
1210 1751 1303 1809 eaque
1325 1737 1438 1795 ratione

81 1821 173 1878 tutius
197 1827 227 1881 et
250 1821 352 1880 minori
383 1821 516 1880 interitus
546 1817 696 1897 periculo,
729 1835 783 1877 nec
810 1820 914 1877 minori
945 1818 1001 1877 lide
1037 1837 1124 1894 qnam
1156 1829 1222 1879 sunt
1254 1822 1439 1900 autographa

77 1910 155 1984 ipsa,
177 1906 216 1968 ad
238 1908 438 1984 posteritatem
462 1909 700 1966 transmittantur.

189 2014 238 2072 16.
276 2010 375 2071 Prima
395 2010 452 2071 bac
475 2010 622 2070 calumnia
646 2007 784 2085 depuisa,
811 2009 872 2083 Jam
902 2025 988 2085 porro
1010 2011 1141 2070 secunda
1162 2015 1295 2089 exceptio
1327 2014 1438 2074 nullius

75 2107 125 2159 est
148 2101 305 2159 momenti:
328 2098 586 2174 septentrionalem
608 2100 705 2156 ae‘rern
729 2097 800 2155 satis
824 2113 888 2155 esse
912 2113 1040 2156 erassum
1069 2106 1098 2158 et
1120 2098 1304 2175 nebulosum,
1328 2101 1437 2163 reirac-

74 2187 177 2246 tiones
198 2202 330 2262 magnas,
354 2187 443 2262 saepe
467 2202 600 2244 enormes
622 2202 674 2243 scu
699 2181 884 2258 irregulares,
907 2184 1046 2243 minorem
1071 2187 1325 2248 observationibus
1348 2188 1436 2249 iidem

72 2271 251 2333 babendum
273 2273 328 2332 sub
354 2272 410 2332 boc
432 2271 515 2332 coeio
538 2271 658 2345 habitis,
683 2288 772 2346 qnam
794 2270 850 2328 sub
866 2287 938 2345 puro
962 2280 991 2330 et
1013 2274 1103 2331 tenui.

189 2379 238 2435 17.
274 2377 452 2436 Enimvero
481 2375 583 2435 audire
612 2375 683 2433 mihi
718 2373 819 2433 videor
849 2373 945 2433 iocum
975 2376 1069 2451 ipsum
1099 2393 1186 2453 super
1214 2376 1270 2435 hoc
1301 2381 1436 2440 convicio

65 2464 137 2523 sibi
160 2462 237 2523 lacto
259 2462 471 2524 exclamantem
494 2462 627 2538 illudque
649 2468 845 2538 regerentem:
873 2461 985 2519 nullum
1008 2461 1046 2520 ad
1070 2461 1145 2521 banc
1169 2480 1261 2539 usque
1278 2464 1355 2526 diem
1376 2474 1436 2527 tam

65 2548 189 2611 subtile
212 2553 359 2629 ingenium
382 2550 538 2628 protulisse
561 2550 677 2610 coelum
700 2547 772 2606 iliud
796 2547 901 2608 italiae
924 2565 1026 2624 purum
1057 2557 1086 2608 ct
1109 2558 1209 2623 tenue,
1239 2552 1318 2627 quod
1346 2554 1433 2613 nobis

63 2636 209 2698 indicare
236 2639 284 2699 vel
312 2640 440 2717 potuerit
463 2637 508 2697 vol
532 2639 622 2697 etiarn
643 2651 786 2712 generoso
815 2637 903 2695 animi
934 2637 1044 2711 impetu
1068 2639 1272 2711 attentaverit,
1304 2647 1432 2716 quantae

61 2741 207 2805 quamve
221 2733 390 2786 constantes
405 2728 464 2784 sint
478 2728 507 2783 in
523 2724 612 2785 ltalia
625 2724 821 2783 retractiones.
861 2722 939 2796 Quid
955 2725 1042 2798 igitur
1057 2723 1156 2800 Scipio
1173 2725 1279 2784 absens
1298 2725 1334 2786 do
1350 2729 1434 2788 coelo

59 2813 225 2874 Cimbrico
247 2812 342 2874 dicore
366 2815 459 2888 possit
482 2820 584 2871 contra
606 2810 776 2888 Tychonem
799 2810 853 2868 sub
880 2826 914 2868 eo
938 2810 1060 2869 natum?
1090 2815 1139 2886 qni
1165 2813 1268 2888 viginti
1292 2830 1433 2875 annorum

59 2901 337 2961 observationibus
359 2917 433 2977 pene
456 2901 601 2959 continuis
624 2906 735 2957 tantam
758 2897 815 2956 sibi
839 2900 1020 2972 comparavit
1044 2899 1117 2957 coeli
1141 2901 1185 2958 sui
1210 2902 1428 2976 experientiam,

57 2994 220 3066 quantam
241 2986 337 3047 italici
360 2986 434 3048 coeli
457 2986 557 3065 Scipio
581 2986 764 3062 comparabit
784 3000 945 3059 nunquam.

186 3092 232 3151 18.
264 3092 469 3169 irandgravius
503 3109 539 3151 ex
569 3090 702 3170 epistolis
731 3089 768 3149 ad
798 3088 968 3167 Tycbonern
997 3091 1025 3147 in
1058 3091 1229 3150 societatem
1258 3091 1345 3170 hujus
1376 3094 1432 3154 ob·

51 3180 212 3257 iectionis
232 3178 395 3240 adducitur.

184 3267 232 3326 19.
271 3266 310 3326 ht
332 3283 458 3342 aequum
483 3274 554 3338 aret,
579 3273 609 3324 ut
633 3264 848 3324 claramontius
880 3267 968 3324 etiam
997 3262 1036 3322 ad
1069 3262 1120 3323 illa
1143 3264 1322 3337 attenderet,
1352 3282 1429 3341 quae

56 3351 263 3430 Landgrario
286 3352 390 3432 Tycho
413 3351 571 3428 respondit.
617 3351 746 3427 Majores
776 3368 847 3410 sane
875 3360 908 3409 ut
938 3350 1093 3426 plurimum
1125 3351 1152 3405 in
1183 3350 1279 3410 insuia
1301 3351 1429 3414 Huenna

53 3441 261 3502 terrationes
283 3439 474 3517 deprehendit
487 3439 599 3515 Tycho,
624 3440 661 3497 ab
685 3443 751 3497 aire
774 3439 903 3497 maribus
926 3437 1088 3513 superfuso,
1113 3454 1201 3511 quarn
1226 3437 1429 3515 irarrdgravius

55 3545 151 3599 suas,
176 3527 337 3588 ordinarias
360 3527 486 3605 quidem,
510 3529 539 3584 in
562 3527 689 3585 interiori
714 3527 937 3585 continenteest
959 3525 1073 3583 lassus:
1098 3531 1128 3581 at
1144 3523 1335 3599 deprehendit
1349 3526 1426 3601 idem

56 3614 176 3694 Tycha
198 3622 319 3676 suaset
348 3615 561 3674 constantiores
584 3622 614 3672 et
642 3615 737 3672 minus
767 3630 868 3672 versus
896 3610 1075 3671 horizontem
1107 3612 1332 3687 praecipitatam
1372 3613 1428 3672 hoc

57 3700 206 3781 quidem,
230 3703 301 3779 quia
320 3701 493 3779 profundius
515 3707 560 3760 est
582 3701 641 3759 ae'ri
667 3702 802 3758 immersa
824 3698 929 3769 insula,
954 3715 1042 3773 quam
1066 3701 1227 3773 continens,
1251 3699 1333 3772 iilud,
1359 3703 1430 3776 quia

56 3792 153 3851 iocus
177 3790 340 3850 maritimus
362 3796 487 3861 montes,
512 3803 654 3861 vaporum
678 3785 850 3863 pluvialium
875 3786 1006 3845 oilicinas
1030 3794 1058 3844 et
1082 3787 1282 3862 exspiracuIa,
1313 3795 1428 3864 spectat

57 3879 195 3949 eminus,
217 3876 386 3937 altitudines
409 3893 511 3938 eorum
534 3881 709 3950 apparentes
732 3875 867 3945 minores,
891 3873 1056 3933 liberiorem
1079 3872 1191 3934 scilicet
1214 3874 1404 3937 horizontem.

177 3983 229 4041 2⁰.
268 3982 304 4040 lit
326 3980 397 4057 quid
421 3980 542 4041 multis?
566 3977 766 4055 Quaecunque
789 3980 827 4035 sit
851 3976 1005 4036 difficultas
1028 3980 1057 4034 in
1081 3976 1223 4054 qualitate
1247 3979 1322 4037 aeris
1345 3977 1428 4037 (iim-

59 4070 151 4143 brici,
178 4084 292 4129 omnem
316 4067 398 4128 illam
421 4070 572 4145 superarit
595 4065 794 4126 observatoris
817 4064 978 4139 diligentia,
1004 4066 1052 4141 qui
1077 4067 1192 4141 quoties
1216 4064 1275 4124 lere
1291 4064 1426 4141 planetas

61 4158 241 4217 observavit
268 4158 297 4214 in
328 4174 364 4216 ea
392 4155 573 4228 bumilitate,
610 4169 685 4230 quae
715 4153 854 4211 retractos
884 4158 1012 4227 praestet
1042 4150 1154 4222 radios,
1186 4151 1260 4211 lixas
1291 4152 1427 4213 adhibuit

62 4240 274 4303 declinationis
300 4249 387 4303 numa
425 4251 526 4316 notae,
559 4243 720 4301 observans
752 4257 851 4298 carum
881 4238 1090 4298 declinationes
1122 4238 1168 4297 vci
1202 4238 1371 4299 altitudines
1395 4243 1423 4298 in

61 4328 174 4391 eudem
196 4330 272 4404 situ,
302 4330 406 4390 eodem
434 4329 499 4391 loco
533 4330 709 4390 horizontis:
743 4336 774 4385 ut
803 4334 944 4401 quantum
974 4325 1017 4383 his
1048 4326 1163 4384 oliicere
1195 4325 1424 4401 deprehenderet

62 4417 266 4490 retractiones,
290 4423 403 4477 tanturn
426 4426 455 4476 et
479 4423 507 4477 in
530 4417 589 4477 iilis
612 4417 777 4492 corrigeret

175 4524 227 4581 al.
264 4521 323 4581 Sed
345 4520 381 4581 de
404 4530 467 4581 tota
489 4521 545 4581 bac
568 4523 690 4580 materia
713 4518 875 4579 luculenter
897 4518 943 4593 egi
968 4518 996 4573 iu
1019 4516 1225 4574 Astrononriae
1249 4515 1336 4575 Parte
1359 4513 1423 4593 Op·

63 4614 127 4671 tica
147 4616 217 4669 ante
240 4625 334 4669 annos
353 4609 416 4685 jam
442 4610 553 4685 viginti,
578 4609 673 4684 capite
697 4614 759 4665 toto
783 4611 812 4679 4,
836 4620 957 4663 numero
981 4605 1149 4679 praesertim
1175 4604 1203 4661 8.
1228 4611 1258 4662 et
1281 4605 1309 4662 9.
1342 4603 1422 4681 Lege

65 4698 250 4758 (haramonti
279 4714 356 4774 quae
384 4704 451 4758 sunt
483 4694 533 4755 iol.
569 4696 638 4759 1⁶26.
671 4696 998 4761 raucosraucos.)
1027 4688 1106 4753 iilius
1142 4689 1208 4750 libri
1243 4691 1356 4768 tibique
1387 4708 1424 4753 ea

64 4786 149 4846 dista
169 4792 251 4863 puta.
