3284 5520
651 1530 859 1629 LIBER
905 1530 981 1627 Ill.

261 1736 321 1848 itt
356 1736 815 1855 ttllllltlllttllttttt
851 1740 1073 1855 tntilli
1110 1739 1218 1852 titt
1253 1737 1375 1850 litt.

744 2003 749 2009 ·
758 2002 765 2011 “
771 2002 778 2011 '
787 2003 794 2011 '¹
802 2002 899 2016 ⁵¹-th

243 2194 319 2254 (ium
348 2194 453 2272 triplex
480 2196 523 2254 sit
546 2196 652 2257 modus
674 2197 840 2276 explicandi
862 2199 1091 2275 significationes
1114 2204 1310 2259 cometarum:
1344 2196 1496 2271 naturalis,

143 2283 372 2362 sympatheticns
404 2290 434 2341 et
466 2294 545 2343 nters
579 2285 808 2360 significativus,
843 2287 877 2346 de
908 2289 1053 2362 praesenti
1086 2288 1174 2363 igitur
1206 2292 1320 2345 cometa
1352 2284 1495 2360 judicium

143 2373 352 2449 perscripturus
379 2372 472 2447 primo
502 2371 619 2446 quidem
650 2373 755 2445 modo,
789 2374 839 2449 qui
867 2382 911 2433 est
934 2373 1094 2434 seeundum
1119 2375 1258 2431 usitatam
1281 2383 1311 2431 et
1333 2370 1495 2430 naturalem

143 2460 349 2518 connexionem
365 2467 496 2516 eometae
520 2466 550 2518 et
565 2477 672 2520 causae
695 2478 760 2520 cum
777 2461 895 2529 effectis,
920 2478 1014 2538 pauca
1029 2461 1066 2520 de
1089 2464 1153 2538 ipso
1169 2477 1248 2536 quae
1270 2458 1364 2518 dicam
1388 2458 1493 2530 habeo,
1557 2515 1563 2533 ‚

143 2564 203 2605 cum
234 2547 264 2602 iu
296 2545 514 2620 septentrionali
544 2547 633 2623 plaga
661 2547 795 2613 decurrat
821 2543 864 2628 (¹)
892 2548 1114 2625 eclipticamque
1138 2545 1268 2606 nondum
1292 2547 1434 2621 attigerit,
1465 2555 1496 2605 at

141 2651 191 2694 nee
225 2639 388 2691 utereturne
426 2630 578 2706 rideatur,
617 2636 717 2710 itaquo
752 2638 862 2694 intacta
897 2644 1068 2711 permaneat
1097 2634 1134 2695 ab
1163 2634 1228 2710 ejus
1261 2631 1356 2701 cauda
1383 2633 1496 2694 isthaec

141 2721 324 2797 planetarum
347 2720 460 2790 semita,
485 2721 562 2781 vitae
584 2729 702 2782 nostrae
724 2722 903 2799 sospitatrix.

242 2804 411 2866 Secundum
434 2806 567 2884 modum,
590 2808 647 2867 hoe
670 2816 715 2868 est
737 2809 918 2886 sympathias
942 2808 1021 2885 quod
1043 2811 1149 2868 attinet
1169 2802 1217 2888 (²²),
1241 2806 1315 2866 illud
1338 2808 1367 2863 in
1390 2822 1496 2882 genere

141 2896 305 2970 praemitto,
329 2910 393 2952 eum
410 2902 532 2969 aspectu
553 2911 661 2970 parvus
679 2899 785 2956 existat
807 2914 862 2957 nee
879 2896 981 2956 oculos
1005 2895 1162 2957 admodum
1184 2894 1336 2957 evidenter
1359 2896 1495 2967 incurrat,

141 2980 233 3041 cauda
267 2982 355 3040 etiam
384 2980 489 3039 debilis
520 2981 656 3055 luminis,
692 2990 774 3043 tanto
804 2985 942 3043 minorem
968 2984 1098 3043 futurum
1121 2983 1185 3059 ejus
1209 2999 1326 3058 quoque
1350 2981 1494 3040 effectum.

141 3069 282 3127 Existimo
299 3076 406 3139 tamen,
423 3069 589 3128 siccitatem
606 3069 686 3129 illam
710 3067 757 3147 (³),
781 3088 858 3146 quas
877 3080 992 3147 tempus
1016 3079 1096 3130 ortus
1119 3079 1252 3130 cornetae
1276 3070 1403 3140 incurrit,
1428 3067 1495 3126 inde

141 3159 295 3225 exstitisse,
319 3155 399 3230 quod
414 3158 528 3214 interna
542 3156 667 3216 facultas
683 3157 809 3217 Telluris
830 3174 908 3217 novo
923 3163 1126 3234 phaenomeno
1142 3157 1330 3218 exstimulata
1344 3157 1493 3228 exarserit,

138 3247 233 3317 itaque
266 3260 324 3301 non
356 3243 490 3302 absimile
522 3261 591 3303 vero
622 3252 684 3316 est,
718 3244 825 3303 alicubi
857 3255 949 3304 terrae
979 3253 1091 3305 motum
1122 3244 1297 3304 coincidisse
1320 3241 1373 3318 (⁸).
1420 3242 1493 3300 Cum

138 3333 233 3405 itaque
257 3331 420 3389 siccitatem
443 3346 534 3407 penes
560 3349 614 3389 uos
637 3331 780 3403 effecerit,
805 3340 887 3390 tanto
910 3335 1006 3391 minus
1029 3335 1067 3391 ab
1091 3349 1126 3391 eo
1150 3341 1248 3391 metuo
1272 3329 1394 3407 periculi
1417 3331 1493 3387 alitis

138 3417 313 3476 salubritati.
351 3417 397 3475 De
412 3433 547 3477 annonae
562 3421 682 3477 caritate
699 3419 792 3494 major
807 3421 944 3496 suspicio.
982 3420 1056 3479 Nam
1072 3419 1182 3478 alicubi
1200 3418 1273 3476 haee
1297 3420 1361 3492 ipsa
1376 3417 1493 3475 siccitas

139 3506 261 3564 cernenti
289 3503 412 3563 sortasse
441 3503 508 3580 plus
539 3507 654 3578 nocuit,
688 3524 776 3582 quam
806 3507 890 3565 nobis
918 3508 947 3564 in
970 3506 1127 3576 Bohenria3
1163 3506 1228 3564 aliis
1259 3505 1331 3563 loeis
1361 3502 1492 3562 diversus

140 3601 232 3650 metus
265 3608 302 3649 ex
332 3591 434 3650 eodem
464 3592 561 3665 lente,
594 3594 688 3652 siccos
719 3596 795 3652 eninr
824 3604 980 3653 autumnos
1010 3594 1102 3668 frigus
1130 3610 1196 3652 acre
1219 3600 1249 3652 et
1271 3591 1438 3650 diuturnum
1461 3599 1493 3648 ut

141 3678 295 3754 plurimum
319 3679 482 3753 insequitur
496 3673 541 3758 (ὓ).
579 3678 684 3756 ltaque
701 3679 738 3738 ad
761 3680 873 3739 radices
896 3697 1073 3756 aquosorum
1096 3682 1249 3753 montium,
1273 3695 1350 3754 qrrae
1373 3679 1492 3736 nivibus

141 3765 288 3824 abundare
316 3762 426 3838 solent,
460 3768 511 3823 nix
541 3765 642 3825 adulto
673 3785 750 3826 anno
782 3767 889 3826 durans
917 3777 1032 3843 segetes
1055 3768 1197 3827 suffocare
1220 3765 1303 3826 solet.
1350 3765 1433 3824 llaec
1456 3783 1491 3824 ex

141 3853 308 3929 sympathia
329 3851 404 3911 coeli
426 3860 456 3912 et
477 3861 599 3913 naturae
622 3853 788 3914 sublunaris
811 3857 894 3929 sequi
917 3863 1145 3915 consentaneum
1168 3862 1220 3913 est.
1244 3850 1290 3933 l).

245 3938 394 4013 Quantum
410 3956 480 3998 vero
503 3943 608 3999 attinet
623 3943 707 4000 tertio
722 3940 788 4001 loeo
806 3942 931 4000 officium
956 3949 1096 4014 cometae,
1121 3961 1154 3999 ex
1170 3941 1289 4000 arbitrio
1305 3936 1493 4012 intelligentis

141 4028 257 4101 spiritus
280 4028 335 4101 ipsi
358 4028 543 4101 impositum5
564 4027 600 4087 de
624 4045 659 4086 eo
682 4031 865 4104 praemittam
888 4029 953 4101 illa,
988 4046 1064 4105 quae
1087 4039 1156 4087 sunt
1179 4030 1302 4087 certiora
1325 4033 1354 4084 et
1375 4026 1492 4083 tutiora.

143 4113 216 4187 Quid
248 4115 325 4172 euim
356 4130 410 4189 ego
442 4131 528 4179 unus,
547 4113 689 4189 obloquor
720 4116 876 4175 universali
907 4119 1061 4175 consensui
1092 4116 1212 4174 huniani
1241 4114 1372 4190 generis,
1407 4128 1493 4185 quern

142 4200 268 4258 historiis
300 4201 541 4275 frequentissimis
573 4203 726 4273 roborant,
763 4205 887 4278 quisque
919 4220 971 4279 pro
1003 4221 1057 4261 suo
1089 4212 1186 4278 coptu.
1232 4200 1336 4285 Itaque
1371 4197 1492 4269 affirmo,

144 4297 284 4346 cometam
314 4287 390 4346 hune
414 4307 432 4346 a
455 4288 520 4347 Deo
549 4291 623 4347 inter
644 4288 741 4348 sidera
764 4289 937 4363 exhibitum,
974 4298 1003 4347 ut
1029 4298 1106 4349 esset
1129 4289 1326 4349 testimonium
1350 4287 1493 4344 universis

145 4386 170 4433 et
191 4373 316 4451 singulis
340 4373 524 4433 mortalitatis
546 4393 635 4443 suae,
667 4386 756 4451 utque
780 4375 1008 4450 admoneantur,
1038 4377 1185 4437 decretum
1208 4388 1272 4434 esse
1296 4374 1376 4444 Deo,
1411 4373 1493 4431 brevi

145 4462 247 4520 bonam
276 4465 390 4535 generis
421 4461 538 4520 humani
562 4472 672 4538 partem
696 4466 878 4539 promiscuae
901 4465 1076 4524 conditionis
1099 4480 1273 4540 quacunque
1296 4459 1434 4535 intllego
1457 4477 1493 4516 ox

145 4548 197 4608 lroc
228 4548 337 4607 muudo
366 4550 534 4621 transferre3
566 4549 639 4609 haec
669 4558 701 4609 ut
724 4553 880 4623 inponere
904 4560 995 4623 certa,
1028 4553 1071 4609 sic
1096 4550 1132 4610 de
1154 4550 1278 4624 singulis
1302 4546 1494 4606 incertissima
1588 4576 1591 4583 ·

146 4652 205 4694 esse
229 4631 286 4716 (⁷).
322 4634 444 4694 Nullum
459 4637 535 4695 euim
558 4637 677 4696 robusto
701 4637 885 4714 privilegium
908 4656 977 4715 prae
996 4637 1142 4710 imbecilli,
1166 4636 1277 4696 nullum
1296 4636 1402 4711 juveni
1423 4649 1493 4708 prae

145 4739 220 4798 sene,
242 4722 357 4788 nullum
378 4722 514 4805 denique,
539 4740 631 4784 orem
646 4723 862 4808 deplorandam,
889 4728 947 4786 vati
962 4742 1032 4807 prae
1048 4724 1267 4786 consulentibus
1282 4719 1334 4802 (ὅ).
1372 4722 1493 4783 Monere
