3284 5520
540 366 871 436 spumosarum
890 362 964 423 aaa
1362 356 1428 429 bii

71 537 181 607 scripta
198 543 247 594 tua
264 538 398 608 legerunt,
416 554 496 609 quam
515 548 638 611 promtus
657 541 693 598 sit
710 541 759 597 tibi
777 540 897 596 calamus
914 539 950 594 ad
967 535 1124 607 hujusmodi
1142 534 1261 592 dicteria
1291 533 1350 602 Ego
1363 546 1427 586 sero

73 614 147 670 nihil
165 617 219 672 nisi
237 632 337 674 meram
356 618 437 675 bilem
456 619 483 673 in
503 634 535 673 eo
553 634 671 690 agnosco
673 658 789 677 .....
827 620 870 674 An
887 618 969 674 licere
987 624 1078 686 putes,
1096 614 1231 670 veteribus
1250 620 1278 668 et
1294 611 1428 666 recentio-

72 693 153 750 ribus
177 695 285 764 quidvis
307 696 441 765 objicere,
466 696 546 753 modo
570 699 649 754 unico
674 698 795 767 Tychoni
817 703 926 752 maneat
949 712 1014 752 suus
1039 696 1141 761 honos,
1167 708 1233 747 suus
1256 688 1428 747 dominatus?

72 772 141 828 Noli
162 774 229 829 mihi
253 774 406 830 libertatem
429 775 533 842 eripere
556 774 697 842 regerendi
722 775 749 828 in
774 790 835 830 eum
861 788 1038 842 quaecuuque
1063 771 1164 840 injusta
1186 769 1291 823 mtione
1308 767 1362 823 illis
1380 769 1429 822 im·

72 851 160 919 pagii.
190 853 324 921 Agnoscis
342 860 432 908 tamen
445 853 472 905 iu
485 853 539 909 illis
552 853 785 923 qualibuscunque
800 852 934 908 ›cavsslis‹
948 851 1085 919 ingenium
1097 848 1313 916 astronomicum,
1331 861 1428 913 magno

72 930 193 986 nominis
211 930 264 985 mei
282 930 363 986 bono.
393 930 547 985 Verendum
565 933 635 985 euim
654 937 735 999 esset,
753 930 840 986 need
862 931 948 986 instar
959 929 1070 985 Antonii
1082 925 1199 984 Fabricii
1211 923 1428 995 Moutepolitiani

73 1008 132 1075 (etr.
151 1011 202 1062 voh
222 1014 253 1061 11.
273 1028 301 1077 p.
321 1010 385 1079 sto)
408 1011 518 1065 meritas
542 1010 692 1080 imperitiae
710 1009 846 1064 dedissem
863 1025 976 1079 poenas.
1012 1009 1180 1078 Quemquam
1198 1022 1232 1061 ne
1249 1005 1303 1061 tuti
1321 1005 1429 1073 quidem

73 1094 142 1143 sunt
159 1088 212 1159 ipsi
230 1089 319 1159 periti,
338 1088 411 1158 quod
430 1089 540 1145 evidens
560 1097 602 1143 est
619 1089 647 1143 in
667 1088 822 1144 doctissimo
842 1088 1091 1149 claramontis,
1110 1103 1191 1156 quem
1205 1085 1305 1139 »simum
1319 1083 1427 1138 doctum

73 1171 103 1219 et
121 1169 286 1235 geomeuiae
304 1168 437 1237 paritum«
456 1184 538 1222 uocas
556 1168 584 1222 in
601 1167 739 1237 prooemio
758 1167 798 1221 tui
816 1166 1020 1235 Hypemspistis
1039 1166 1075 1233 (r.
1094 1184 1115 1221 s.
1133 1184 1161 1233 p.
1181 1165 1244 1233 ιιι)
1269 1172 1298 1217 at
1319 1164 1346 1219 in
1364 1177 1429 1232 pro·

72 1259 174 1313 gressu
191 1246 282 1316 operis
303 1246 506 1315 »improvidum
525 1245 740 1314 inexercitatum,
759 1246 949 1303 somniatorem
963 1245 989 1300 in
1004 1245 1166 1314 geometria«
1189 1250 1217 1301 et
1228 1242 1319 1299 neseio
1331 1240 1429 1311 quibus

71 1324 200 1380 consitiis
217 1325 379 1395 proscindis.

182 1405 282 1461 Aaou
299 1421 380 1474 porro
400 1411 565 1461 contemtum
580 1406 653 1474 mihi,
673 1422 814 1463 assensum
835 1406 884 1463 tibi
903 1404 975 1475 apud
988 1404 1178 1475 imperitiorem
1192 1404 1319 1460 lectorem
1331 1413 1428 1468 parare

72 1482 175 1552 pergis,
195 1482 257 1539 dum
276 1501 320 1542 me
338 1485 456 1540 seribere
475 1485 515 1539 ais
536 1486 585 1541 »de
603 1486 738 1540 minutiis«
759 1494 811 1542 ete.
842 1485 896 1541 Sed
914 1486 962 1541 ubi
979 1485 1028 1539 tibi
1046 1499 1121 1539 mens
1140 1480 1275 1553 Kepleret
1293 1479 1428 1535 Elesatio-

72 1576 138 1616 nem
156 1559 225 1631 poli,
245 1562 435 1631 obliquitatem
452 1564 565 1633 zodiaci,
583 1565 758 1619 mutationem
778 1564 985 1620 ecceutricitatis
1004 1564 1074 1620 Solis
1093 1571 1155 1631 etc,
1173 1576 1243 1632 quae
1260 1562 1363 1615 incerta
1381 1563 1430 1614 aut

71 1638 146 1696 falsa
168 1656 230 1698 esse
252 1643 372 1711 ostendi,
399 1644 467 1699 haec
490 1652 520 1699 tu
546 1646 635 1701 omnia
653 1645 779 1699 minutias
798 1660 879 1701 vocas
898 1659 1075 1714 operamque,
1099 1657 1180 1712 quam
1198 1641 1225 1693 in
1243 1637 1428 1697 examinandis

70 1716 128 1774 illis
147 1720 235 1789 posui,
254 1721 334 1790 quasi
345 1720 465 1792 ineptam
477 1721 620 1778 traducere
633 1721 735 1786 studes,
756 1739 810 1777 uon
824 1722 1006 1790 considerans,
1025 1738 1107 1792 quam
1118 1721 1235 1790 ineptus,
1253 1735 1335 1788 quam
1347 1716 1429 1770 miser

70 1796 133 1865 ipse
158 1797 210 1866 sis,
237 1799 284 1869 qui
302 1800 384 1855 sitam
402 1809 476 1858 tuam
495 1801 638 1871 omniaque
657 1801 747 1856 studia
766 1801 842 1857 hisce
860 1800 979 1857 minutiis
996 1799 1164 1871 impendisti,
1190 1814 1278 1868 neque
1296 1797 1428 1852 haetenus

72 1874 186 1933 eiticere
208 1878 335 1949 potuisti,
364 1887 394 1936 ut
419 1898 480 1937 cum
499 1881 574 1937 coelo
594 1889 757 1951 congruant,
784 1880 857 1951 quod
875 1888 966 1935 tamen
985 1879 1013 1934 in
1031 1879 1151 1935 minutiis
1168 1894 1246 1935 uemo
1265 1877 1337 1932 dicet
1354 1875 1428 1933 tactu

72 1954 192 2013 difficile.
223 1958 309 2014 hiiror
326 1975 400 2028 sane,
418 1967 446 2015 te
462 1962 580 2031 propriis
593 1961 733 2018 laboribus
751 1971 807 2017 tam
824 1962 916 2032 inepte
928 1957 1048 2015 illudere.
1079 1958 1219 2015 Neminem
1232 1955 1302 2011 enim
1314 1957 1428 2026 reperio,

72 2035 120 2104 qui
145 2036 227 2091 anxie
249 2040 335 2109 magis
354 2042 528 2111 (quamquam
547 2040 691 2101 inutiliterl
716 2039 849 2095 minutula
875 2053 1000 2109 quaeque
1022 2043 1217 2107 prosequatur,
1243 2051 1324 2105 quam
1346 2043 1377 2089 tu
1400 2035 1428 2090 iu

70 2110 187 2168 Tabulis
205 2114 342 2186 Rudolphi
365 2125 393 2174 et
410 2118 644 2188 Ephemeridibus.
681 2120 742 2175 Nou
762 2119 872 2174 dubium
891 2126 946 2188 est,
965 2118 1037 2187 quin,
1056 2116 1080 2171 si
1097 2114 1234 2170 ueteribus
1252 2115 1428 2183 contingeret,

71 2205 212 2260 operosas,
229 2193 282 2249 imo
301 2203 475 2265 portentosas
493 2205 555 2252 tuas
573 2197 744 2266 planetarum
763 2205 791 2253 et
809 2197 949 2267 eclipsium
969 2195 1178 2266 supputationes
1195 2190 1336 2262 inspicere,
1356 2189 1428 2248 elata

70 2284 139 2325 soce
159 2270 337 2328 exclamaturi
355 2275 417 2343 sint,
436 2290 522 2346 apage
541 2276 607 2330 istas
624 2276 766 2331 minutiasl
786 2277 858 2332 absit
876 2277 928 2331 ista
946 2274 1049 2331 inutilis
1068 2272 1225 2327 curiositast
1246 2312 1251 2324 .
1273 2312 1279 2325 .
1301 2312 1309 2325 .
1328 2312 1335 2325 .

177 2350 238 2419 Ego
264 2360 370 2408 tantum
394 2353 471 2410 abest
495 2362 526 2410 ut
551 2363 636 2409 artem
659 2360 779 2411 euertere
801 2360 916 2410 conatus
940 2353 1050 2422 inerim,
1076 2356 1222 2405 utcontra
1244 2346 1427 2416 maximopere

71 2427 183 2497 gavisus
203 2432 262 2499 sim,
281 2433 430 2489 reverendo
448 2434 505 2489 viro
518 2434 686 2503 Lansbergiu
706 2450 739 2489 ea
755 2434 845 2489 media
863 2449 965 2502 easque
982 2431 1148 2504 hypotheses
1160 2444 1221 2485 esse
1234 2426 1348 2495 oblatas,
1367 2426 1427 2497 qui·

70 2504 124 2561 bus
143 2522 235 2562 seram
252 2513 434 2569 astronomiae
452 2515 651 2569 restitutionem
670 2513 796 2570 obtinuit.
832 2514 911 2568 Nunc
930 2514 1005 2568 dicor
1024 2518 1110 2567 artem
1128 2514 1266 2576 evertere,
1285 2505 1426 2575 quiscum

70 2582 147 2654 aliis,
171 2602 221 2655 per
244 2605 312 2657 quos
334 2590 381 2646 illa
404 2608 457 2647 non
482 2592 644 2649 mediocrem
668 2591 794 2647 damnum
817 2591 936 2660 accepit,
962 2607 1016 2645 uon
1035 2588 1184 2646 consentio.
1221 2583 1428 2642 Astronomiaa

71 2664 181 2719 nemine
200 2665 296 2733 majori
314 2668 411 2725 damno
431 2671 529 2726 affecta
546 2678 600 2739 est,
620 2686 700 2738 quam
719 2686 735 2724 a
753 2670 896 2739 Tycham,
914 2669 1138 2737 Lougomontauo
1156 2673 1238 2735 atque
1256 2665 1336 2720 etiam
1355 2680 1371 2718 a
1388 2670 1424 2719 te.

71 2740 169 2797 Omnia
193 2744 263 2798 enim
287 2748 450 2803 indubium
474 2749 609 2817 vocando,
636 2749 753 2818 plurima
779 2747 925 2816 rejiciendo
954 2754 1002 2803 aut
1027 2763 1135 2804 sursum
1161 2746 1341 2812 deorsumque
1365 2758 1425 2797 ser-

70 2819 155 2953 terpfio
177 2820 317 2894 effecistis,
336 2834 367 2881 ut
384 2843 473 2896 neque
491 2833 608 2882 veterem
627 2843 715 2896 neque
733 2825 892 2884 hodiernam
912 2827 1103 2883 astronomiam
1120 2823 1193 2896 apud
1211 2840 1260 2878 uos
1277 2822 1426 2879 babeamus

69 2914 102 2967 pe
132 2906 231 2958 eciam.

181 2980 353 3037 Temeritatis
369 2990 460 3041 notam
479 2987 588 3057 penitus
607 2987 745 3053 abstergo.
775 2985 872 3055 Neque
890 2985 960 3040 enim
978 2986 1054 3042 sanis
1072 2990 1121 3041 aut
1139 2981 1249 3047 frivolis,
1268 2980 1315 3035 sed
1334 2978 1427 3048 palpa-

68 3055 174 3112 bilibus
193 3060 358 3127 argumentis
376 3061 511 3132 Tychouis
530 3063 631 3134 placita
648 3064 760 3134 refello,
779 3072 899 3119 veterum
919 3066 1101 3132 autoritatem,
1121 3066 1250 3131 quantum
1269 3058 1295 3113 in
1315 3075 1357 3113 me
1376 3064 1426 3124 cst,

68 3133 200 3191 restituo.
234 3136 278 3191 Τιι
296 3155 356 3194 cum
375 3144 504 3212 magistro
523 3153 571 3199 tuo
590 3144 717 3214 Tychone
737 3159 790 3197 uon
810 3142 897 3197 solum
915 3144 1119 3198 observationes
1137 3148 1258 3194 retemm
1277 3138 1305 3193 in
1317 3137 1428 3192 dubium

66 3226 162 3281 rocas,
182 3213 231 3268 sed
249 3219 390 3274 temerarie
408 3221 568 3292 plerumque
586 3222 686 3290 rejicis.
717 3220 760 3275 Tu
778 3220 966 3289 obliquitatem
979 3220 1083 3278 zodiaci
1096 3217 1286 3275 Eratosthenis
1299 3223 1327 3271 et
1338 3217 1427 3272 Ptole-

65 3291 142 3347 maei
154 3290 264 3348 dubiam
278 3302 306 3349 et
318 3298 414 3367 procul
426 3298 508 3354 dubio
522 3298 617 3354 falsam
631 3300 738 3363 asseris,
751 3307 782 3353 tu
795 3298 1022 3354 ecceutricitatem
1035 3299 1106 3355 Solis
1120 3304 1215 3354 contre
1227 3294 1428 3351 observationes

65 3368 192 3424 omnium
212 3373 345 3429 artificum
365 3385 534 3433 constantem
552 3378 606 3446 ris,
629 3377 785 3433 distantiam
805 3376 875 3430 Solis
893 3392 910 3430 a
928 3376 1013 3431 Terra
1030 3384 1061 3432 tu
1079 3374 1242 3430 harmonicis
1260 3373 1313 3428 tuis
1333 3388 1427 3443 specu·

64 3446 236 3519 latioribus,
260 3451 426 3511 debilissima
444 3464 517 3512 certe
535 3455 727 3526 probabilitate
746 3455 831 3523 nixis,
858 3454 977 3515 venaris,
1004 3469 1093 3523 neque
1111 3452 1200 3508 adbuc
1218 3454 1309 3506 certus
1327 3467 1369 3520 es,
1393 3466 1428 3506 an

65 3525 184 3597 duplam
201 3530 383 3589 Ptolemaicae
402 3535 577 3604 amplexurus
597 3535 649 3604 sis,
674 3552 710 3590 an
728 3533 851 3603 triplam,
875 3549 909 3589 an
934 3548 997 3589 sero
1016 3529 1222 3601 duodecuplam.
1260 3529 1347 3597 Quam
1363 3543 1428 3584 vero

63 3604 140 3662 baec
159 3608 250 3663 omnia
267 3627 323 3665 non
340 3612 399 3667 sine
417 3613 516 3682 insigni
535 3615 688 3669 temeritato
706 3615 808 3685 passim
827 3613 939 3680 efficias,
958 3614 982 3667 ei
1001 3614 1107 3669 demum
1126 3610 1239 3681 patebit,
1259 3609 1305 3678 qui
1323 3608 1428 3672 viderit,

63 3686 228 3757 hujusmodi
245 3704 262 3743 a
279 3688 312 3742 D.
331 3689 499 3761 hansbergio
518 3692 618 3746 adferri
636 3692 804 3762 hypotheses
822 3707 1013 3761 numerosque,
1031 3692 1129 3762 quibus
1148 3689 1245 3760 positis
1258 3687 1349 3766 ,stelas
1366 3703 1427 3742 mo·

63 3774 149 3823 tuum
167 3766 287 3821 rationes
306 3767 378 3824 bona
397 3771 591 3838 consequentia
609 3772 727 3841 deducit,
747 3772 840 3841 quales
858 3778 964 3826 ueteres
979 3769 1223 3842 deprehenderunt,
1242 3766 1335 3838 quales
1347 3765 1428 3821 hodie

64 3840 218 3916 diligentes
237 3844 440 3903 observationes
459 3848 598 3910 edocent«
638 3852 750 3921 (Rhatta
768 3852 866 3919 verba.)

177 3922 285 3980 Eodem
301 3927 401 3994 fresta,
421 3942 475 3994 qua
492 3933 522 3981 tu
541 3929 567 3983 in
587 3929 690 4000 Opticis
709 3930 912 4001 proportionem
930 3928 1054 3983 diametri
1073 3928 1145 3984 Solis
1163 3941 1301 3997 apogaeae
1319 3922 1354 3980 ad
1372 3923 1427 3979 dia-

63 4010 188 4058 metrum
211 4003 364 4071 perigaeam
382 4012 410 4059 te
429 4008 564 4074 reperisse
582 4007 677 4064 scribis
697 4007 832 4064 utillud
851 4008 897 4077 31,
921 4007 1025 4063 affirmo
1045 4022 1108 4077 ego,
1132 4021 1175 4060 me
1192 4021 1264 4060 nunc
1283 4001 1427 4072 aliquoties

28 4088 31 4093 '
63 4080 209 4137 invenisse
227 4087 259 4136 ut
272 4083 321 4137 125
336 4084 370 4139 ad
383 4083 443 4139 133.
473 4085 510 4138 At
528 4085 622 4140 duram
641 4086 707 4140 mihi
725 4084 850 4156 frontem,
869 4086 923 4142 ie.
943 4087 1127 4157 impudentem
1145 4084 1210 4139 mihi
1228 4083 1331 4152 objicis,
1350 4083 1429 4152 quasi

64 4157 193 4214 scribere
210 4176 265 4214 non
283 4178 392 4231 verear,
421 4178 490 4230 quae
509 4179 563 4217 non
582 4164 732 4219 obseruari.
769 4164 878 4232 Quare?
905 4165 975 4232 Quia
993 4180 1031 4221 sc.
1050 4180 1100 4235 per
1117 4163 1188 4217 hauc
1205 4160 1428 4229 observationem,

64 4242 136 4292 tuae
155 4250 172 4290 e
191 4236 322 4294 diametro
340 4243 509 4313 oppositam,
534 4247 710 4317 praecipuum
730 4252 807 4302 tuum
825 4246 1031 4302 tundamentum
1050 4245 1206 4303 assessis
1223 4243 1430 4300 sectatricitotis

65 4315 154 4386 plane
177 4318 294 4388 sonuit,
320 4329 348 4376 et
371 4322 436 4378 hinc
461 4323 510 4377 tibi
529 4324 617 4380 denuo
637 4325 715 4381 dolor
733 4326 761 4380 iu
780 4326 876 4395 corde,
902 4326 966 4381 binc
983 4326 1047 4382 bilis
1065 4325 1093 4379 in
1111 4322 1223 4378 calamo.
1259 4322 1320 4377 Non
1338 4337 1428 4377 rarum

65 4395 121 4450 tabi
144 4401 200 4462 est,
224 4397 339 4454 aliorum
362 4401 564 4456 obseruationes
587 4402 659 4456 omui
683 4402 788 4456 ratione
812 4403 847 4458 ad
865 4403 1034 4473 propositum
1051 4411 1128 4459 tuum
1146 4406 1263 4470 tuosque
1280 4406 1428 4469 conceptus

67 4471 252 4546 conformare,
271 4484 319 4531 aut
338 4478 360 4533 si
378 4479 406 4534 ld
424 4479 512 4533 minus
532 4480 670 4545 succedat,
689 4479 813 4534 convitiis
832 4479 932 4536 additis
950 4482 1054 4535 animos
1071 4479 1210 4534 hominum
1222 4479 1249 4533 iu
1262 4494 1354 4534 earum
1366 4493 1428 4531 con·

67 4559 187 4608 temtum
206 4555 353 4611 autoritate
371 4562 419 4612 tua
436 4571 646 4626 praeoccupare.
685 4555 870 4623 Quantitatem
895 4557 1018 4614 diametri
1036 4559 1108 4615 Solis
1132 4563 1180 4613 tus
1201 4555 1281 4625 longe
1298 4556 1428 4624 majorem

69 4632 168 4689 statui.
197 4633 416 4690 Fundamentum
435 4637 591 4692 assertionis
603 4650 679 4691 meae
695 4641 736 4689 est
749 4635 902 4691 observatio
916 4635 1028 4705 deliquii
1041 4637 1111 4692 Solis
1124 4651 1194 4690 anno
1207 4635 1284 4691 1001.
1304 4635 1346 4692 24.
1360 4635 1428 4693 Dec.

70 4708 168 4765 habita
186 4726 202 4765 a
220 4713 255 4769 Ι).
273 4715 456 4783 Lansbergiu,
480 4715 558 4783 cujus
577 4722 606 4770 tu
623 4730 657 4768 uc
677 4713 840 4781 mentionem
859 4713 967 4783 quidem
987 4713 1063 4781 iacis,
1082 4728 1170 4782 neque
1188 4711 1216 4765 id
1233 4712 1339 4781 injuris.
1376 4713 1429 4768 Est

70 4789 145 4844 enim
163 4790 233 4848 adeo
252 4793 327 4850 clara
345 4801 371 4849 et
392 4794 511 4859 euidens,
530 4795 653 4850 utnulla
672 4794 779 4850 rationo
797 4808 856 4847 eam
875 4800 997 4848 euertere
1015 4809 1100 4861 queas
1120 4800 1167 4847 sut
1184 4792 1339 4861 intringere.
1374 4791 1428 4847 Pro

109 4878 118 4893 '
150 4898 247 4951 κφιοιι
260 4900 343 4953 upon.
370 4902 423 4944 un.
1178 4888 1217 4943 85
