3284 5520
594 329 808 385 Commentarius
826 326 946 396 Kepleri.
1379 329 1444 398 787

92 503 204 593 Joseae
231 505 310 565 tilius
339 506 403 581 ejus
426 505 558 567 doachaa
589 508 690 584 populi
714 508 873 584 suffragiis,
905 506 1071 567 inconsulto
1093 507 1167 567 sorte
1192 517 1221 568 et
1242 516 1339 587 spreto
1362 509 1443 569 Nece

94 596 123 651 in
144 611 264 669 regnum
279 595 477 667 successisset,
501 594 598 655 Necus
614 606 680 672 post
694 613 809 655 meuses
826 602 842 655 3
868 596 905 653 ab
922 595 1106 671 expeditione
1123 594 1238 656 rediens
1254 605 1283 655 et
1297 596 1444 657 iudaeam

93 684 236 740 transiens
261 683 302 740 uti
326 683 442 753 victam,
467 681 637 743 electionem
660 684 730 742 uori
752 686 829 759 regis
851 690 944 742 ratam
961 682 1067 744 hahere
1083 683 1186 755 noluit,
1210 683 1262 743 sed
1278 702 1312 744 eo
1330 688 1358 742 in
1377 690 1445 744 viu·
1551 666 1564 695 '⁵

94 768 161 828 cula
184 769 325 844 conjecto,
350 785 384 827 eo
408 768 486 845 quod
509 770 618 829 bellum
641 770 828 830 meditantem
853 770 1097 847 deprehendisset,
1122 774 1210 831 ctiam
1234 774 1261 829 iu
1275 773 1444 850 Aegyptum

46 846 50 854 ’
92 855 219 915 abducto
243 851 336 936 (unde
353 873 410 914 nou
425 855 520 931 rediit,
544 856 605 916 Jer.
623 854 700 939 22),
725 858 833 916 tributo
858 875 927 918 vero
949 858 1053 917 incolis
1067 860 1214 935 imposito,
1238 859 1354 919 fratrem
1379 863 1443 936 ejus

92 943 217 1002 Eliahiru
240 941 383 1023 (Jojalrirn
407 960 511 1005 nomen
535 945 625 1024 dedii)
650 943 843 1005 clientelarem
866 963 963 1020 regem
986 949 1152 1021 constituit,
1182 947 1301 1024 dignum
1324 966 1364 1011 sc.
1388 948 1445 1007 hoc

93 1040 202 1109 putans
225 1031 379 1106 majestate
402 1048 465 1090 sua.
1443 1085 1447 1092 ,

196 1118 353 1193 Digressus
378 1129 475 1177 autem
499 1137 514 1178 e
538 1118 623 1196 Syria
645 1120 741 1179 Necus
770 1119 872 1179 ducem
896 1137 961 1178 cum
984 1122 1077 1195 copiis
1100 1119 1137 1178 ad
1161 1119 1233 1179 lines
1257 1130 1286 1180 et
1308 1121 1443 1199 Euphra·

94 1213 152 1264 tem
177 1205 301 1265 tuendos
325 1214 390 1282 post
414 1223 445 1264 se
468 1208 599 1282 reliquit,
630 1215 662 1265 ut
685 1206 791 1282 colligo
816 1225 851 1265 es
873 1205 934 1266 der.
961 1213 1011 1266 46.
1057 1207 1130 1266 Cum
1154 1210 1242 1283 igitur
1263 1208 1445 1268 Nahulassar

93 1291 216 1364 videret,
240 1301 398 1352 extremam
422 1296 500 1352 vitae
523 1312 594 1353 suae
618 1304 729 1370 partem
753 1295 895 1353 infelicem
920 1312 992 1366 esse,
1018 1302 1049 1352 ut
1072 1298 1121 1371 qui
1138 1294 1249 1354 Necum
1272 1312 1323 1373 pro
1346 1298 1444 1372 digni·

94 1387 155 1439 tate
177 1398 231 1440 sua
254 1380 354 1439 ulcisci
378 1397 435 1439 non
460 1392 575 1459 posset,
608 1381 730 1441 collecto
760 1400 811 1457 per
839 1384 993 1440 triennium
1017 1384 1144 1441 exercitu
1170 1383 1260 1441 tilium
1283 1383 1444 1444 Nahucad·

92 1485 241 1527 nassarem
264 1467 409 1545 praeficit;
434 1471 496 1544 ipse
520 1468 557 1527 ad
581 1471 709 1544 quieteur
733 1471 922 1546 compositus,
945 1468 1033 1545 paulo
1050 1478 1117 1545 post
1134 1473 1223 1528 vitam
1238 1470 1311 1530 finit.
1351 1472 1445 1531 Filius

91 1556 175 1614 initio
198 1557 306 1629 statim,
329 1555 425 1614 adhuc
449 1558 518 1615 rivo
541 1566 631 1636 patre,
655 1557 802 1634 praesidia
818 1556 887 1616 Neci
912 1555 949 1614 ad
967 1548 1149 1632 Euphratem
1167 1558 1250 1632 lugat
1273 1556 1348 1629 (Jer.
1368 1559 1444 1632 lb),

92 1641 295 1719 Jerosolymas
318 1641 465 1703 deditione
486 1646 573 1721 capit,
597 1642 741 1703 Blialsimo
758 1646 898 1704 tributum
915 1645 1046 1721 imperat,
1070 1644 1186 1720 regulos
1204 1647 1444 1718 Ammonitarum‚

92 1729 300 1801 Moabitarum,
323 1728 539 1803 Idumaeorum,
562 1730 750 1802 Phoeniciae,
774 1730 894 1791 clientes
916 1741 1005 1790 autea
1028 1732 1176 1810 Aegyptii,
1200 1734 1229 1789 in
1253 1732 1338 1791 tidem
1362 1752 1445 1792 suam

92 1817 204 1893 adigit,
230 1827 417 1877 contumaces
440 1826 589 1895 expugnat
609 1816 682 1899 (Jer.
708 1825 756 1881 25.
781 1825 831 1878 26.
857 1825 903 1878 46.
932 1823 970 1878 47
996 1817 1073 1894 etc).
1117 1820 1251 1894 Denique
1275 1820 1443 1898 Aegyptum

92 1906 239 1981 pervenit,
271 1906 357 1964 urbes
385 1908 536 1981 primarias
566 1913 665 1965 vastat
687 1901 764 1987 (der.
790 1900 873 1985 25.),
903 1907 1056 1981 ipsumque
1079 1906 1153 1965 adeo
1176 1906 1287 1966 Necum
1309 1908 1447 1967 interficit

93 1991 170 2066 (Jer.
195 1996 268 2065 46),
292 1993 356 2067 ejus
378 1992 438 2052 filio
461 1993 579 2052 Psamni
604 1992 649 2051 vel
674 1993 880 2052 Psaruueticho
903 1995 1023 2068 inperio
1047 1996 1221 2069 commiss0;
1245 1996 1444 2072 plurimosque

94 2080 223 2156 undique
245 2082 395 2156 captivos,
420 2088 494 2140 teste
516 2081 628 2140 Beroso
650 2088 680 2138 et
705 2080 836 2151 Daniele,
861 2080 1044 2157 Babylonem
1067 2080 1203 2154 abducit,
1228 2083 1290 2157 ipsa
1313 2082 1444 2141 noudum

93 2176 197 2226 exacto
220 2184 297 2227 arruo
320 2169 349 2225 in
373 2170 472 2227 urbem
495 2167 571 2228 redit
593 2184 772 2242 regnumque
796 2170 971 2244 auspicatur,
996 2171 1066 2244 quia
1089 2176 1201 2244 patrem
1216 2168 1349 2228 audierat
1364 2187 1443 2229 mor·

94 2264 185 2314 tuum.
230 2255 357 2313 Berosus
388 2273 422 2314 ex
446 2255 660 2314 Chaldaeorum
688 2255 844 2314 annalibus
872 2254 980 2314 bellum
1010 2256 1067 2313 hoc
1094 2264 1263 2332 susceptum
1286 2274 1351 2315 esse
1374 2257 1446 2316 dicit

94 2351 196 2402 contra
217 2341 339 2401 rebelles
362 2341 481 2420 Syriae,
511 2342 688 2402 Phoeniciae
712 2351 741 2400 et
762 2342 893 2419 Aegypti
915 2342 1073 2417 praesides.
1119 2342 1155 2400 Id
1176 2343 1213 2402 dc
1236 2341 1354 2403 Judaeo
1377 2347 1445 2420 qui·

94 2429 160 2489 dem
183 2447 218 2488 ex
241 2437 323 2504 parte
348 2447 447 2488 verum
465 2438 518 2502 est,
541 2430 626 2505 cujus
640 2430 766 2505 majores
780 2427 947 2506 Babylonio
963 2431 1133 2501 servierant,
1157 2429 1194 2489 de
1210 2430 1358 2508 Aegyptio
1375 2448 1445 2491 vero

93 2517 208 2589 salsum,
232 2517 376 2575 tribuente
399 2519 455 2577 sibi
479 2517 646 2576 diuturnum
662 2517 790 2594 Aegypti
813 2518 964 2593 imperium
987 2520 1154 2592 arrogantia
1169 2520 1259 2592 regia.
1296 2519 1333 2576 ht
1347 2518 1445 2578 Hero·

94 2602 180 2663 dotus
203 2603 322 2679 quidem
345 2604 422 2663 huuc
443 2604 515 2664 Neci
540 2607 648 2664 exitum
670 2613 764 2675 tacet,
794 2604 846 2663 sed
871 2604 997 2664 Berosus
1020 2622 1086 2664 cum
1108 2604 1139 2665 S.
1163 2603 1270 2663 biteris
1292 2614 1443 2666 testantur.

197 2692 266 2750 Fuit
289 2693 362 2750 luter
385 2695 518 2767 captivos
540 2691 674 2752 Judaeos
698 2688 804 2750 Daniel
828 2709 893 2750 cum
915 2694 1017 2763 sociis,
1042 2709 1166 2768 cumque
1189 2692 1280 2751 altero
1304 2711 1381 2753 anuo
1405 2695 1443 2752 ab

93 2777 150 2838 hac
172 2777 358 2855 expeditione
380 2778 651 2852 Nabucadnassarl,
676 2780 902 2855 cogitationibus
925 2781 1074 2837 altissimis
1098 2780 1136 2838 ob
1159 2788 1256 2837 tauma
1279 2798 1325 2839 res
1347 2791 1445 2858 gestas

93 2865 234 2939 districto,
257 2868 402 2925 somnium
425 2867 583 2941 offerretur,
608 2867 664 2925 hoc
679 2870 705 2925 ei
722 2866 829 2925 Daniel
851 2869 996 2926 recensuit
1018 2877 1048 2924 et
1070 2867 1237 2943 explicarit.
1276 2866 1338 2927 Nec
1361 2871 1445 2944 quic·

93 2970 183 3029 quam
203 2953 291 3029 jurat
311 2953 396 3027 alios,
421 2956 470 3030 qui
494 2953 550 3013 hoc
571 2957 717 3013 somnium
736 2957 819 3013 arinis
836 2960 876 3013 22
899 2956 1044 3030 posterius
1060 2955 1178 3026 iaciunt,
1202 2956 1257 3011 nisi
1273 2955 1347 3014 torte
1363 2954 1445 3026 illud,

94 3041 174 3116 quod
198 3057 264 3100 cum
286 3043 409 3100 triennio
424 3044 574 3100 institutus
589 3042 696 3101 Daniel
712 3045 831 3117 regique
847 3044 1024 3100 examinanti
1040 3041 1157 3101 abunde
1171 3042 1348 3102 satisfecisse
1364 3042 1446 3101 dica·

92 3136 148 3199 tur,
172 3137 277 3205 postea
298 3127 386 3188 modo
409 3131 554 3188 somnium
569 3136 709 3204 sequatur
723 3131 818 3204 eapite
836 3135 864 3188 2.
889 3128 997 3187 Verum
1021 3146 1078 3187 non
1101 3138 1234 3188 servatur
1257 3127 1327 3188 ordo
1350 3130 1446 3189 histo·

94 3217 156 3275 riae
178 3219 208 3273 in
224 3215 357 3291 Daniele,
381 3224 449 3275 sunt
463 3233 492 3277 n.
509 3217 593 3292 quasi
616 3216 786 3292 fragmenta,
809 3232 900 3292 quare
916 3216 971 3274 hoc
986 3225 1101 3275 nostrae
1118 3218 1279 3275 sententiae
1294 3217 1334 3275 nil
1352 3219 1445 3278 obest.

198 3301 318 3362 Joakim
334 3320 392 3363 non
407 3303 533 3380 amplius
548 3305 671 3363 triennio
686 3306 716 3360 in
732 3303 789 3362 lide
804 3302 961 3379 Babylonii
978 3306 1143 3380 permansit,
1161 3305 1233 3362 inita
1248 3321 1313 3364 cum
1325 3304 1446 3363 Psamui

94 3389 244 3467 Aegyptio
267 3394 490 3468 conspiratione.
536 3388 620 3450 Unde
644 3391 762 3463 iactum,
786 3399 819 3449 ut
841 3390 1023 3466 Babylonius
1047 3391 1266 3449 tumultuarium
1290 3395 1446 3451 exercitum

95 3495 131 3536 ex
155 3479 267 3550 vicinis,
292 3481 343 3554 qui
365 3482 394 3537 iu
410 3478 467 3538 lide
483 3488 659 3553 manserant,
682 3479 876 3537 conscriberet
890 3487 919 3536 et
934 3476 1081 3537 Judaeum
1098 3479 1310 3537 incursionibus
1325 3489 1447 3541 vexarat

95 3564 137 3641 (2.
155 3564 227 3641 Bag.
245 3568 323 3639 ab).
361 3567 497 3642 Denique
520 3581 585 3625 curn
607 3584 654 3626 res
672 3567 811 3626 momenti
828 3564 953 3639 alicujus
968 3583 1033 3624 esse
1048 3564 1202 3638 rideretur,
1225 3583 1275 3625 rex
1290 3583 1341 3643 por
1356 3584 1446 3626 unum

96 3658 184 3728 atque
207 3651 331 3713 alterum
355 3671 463 3713 anuum
480 3657 608 3713 exercitu
624 3662 802 3729 comparato,
824 3652 953 3712 secundo
969 3653 1061 3712 morit
1076 3654 1105 3710 in
1122 3651 1279 3727 Judaeam,
1301 3662 1446 3732 captoque

94 3738 228 3815 dejalrim
251 3748 281 3799 et
303 3743 332 3798 in
349 3741 544 3818 Babyloniam
567 3743 657 3799 misso
679 3741 741 3820 (uhi
763 3750 793 3800 et
815 3743 920 3799 misere
943 3747 1073 3798 mortuus
1096 3740 1280 3817 cadaverque
1302 3741 1358 3802 sub
1377 3758 1446 3801 coe

94 3826 154 3886 lum
178 3831 343 3904 expositum
358 3828 422 3901 luit,
445 3827 507 3888 Jer.
525 3824 597 3906 22),
624 3829 791 3904 Aegyptum
815 3844 908 3903 usque
927 3829 1058 3902 pervenit
1076 3835 1105 3886 et
1122 3846 1236 3888 omnem
1252 3826 1332 3888 illam
1348 3831 1447 3905 regio·

95 3931 162 3973 nem
186 3917 261 3974 iuter
277 3915 453 3992 Euphratem
476 3924 505 3974 et
519 3914 628 3988 Nilum,
653 3915 800 3992 Aegyptio
822 3915 978 3986 ademtam,
1001 3914 1154 3992 praesidiis
1176 3917 1310 3974 munivit
1349 3914 1447 3991 Quare

96 4004 139 4061 ita
154 4002 240 4078 tregit
256 4003 385 4080 Aegypti
398 4005 570 4080 potentiam,
587 4010 618 4060 ut
630 4019 778 4078 nunquam
791 4019 822 4061 sc
835 4011 939 4078 postea
951 4001 1100 4079 colligeret
1111 4003 1234 4081 amplius
1246 4003 1286 4082 (2.
1298 4002 1369 4079 Reg.
1383 4001 1446 4073 24).

94 4088 247 4165 Jojalrimo
268 4091 420 4149 substituit
443 4091 535 4148 filium
549 4088 734 4162 Jechoniam,
758 4091 818 4165 qui,
842 4092 892 4148 vix
914 4088 1044 4164 digresso
1058 4106 1137 4166 rege,
1161 4093 1267 4166 etipse
1281 4090 1447 4150 rebellavit

96 4176 183 4235 Anno
207 4179 296 4254 igitur
318 4186 422 4238 exacto
445 4176 674 4237 Nebucadneaar
688 4180 794 4235 irarum
810 4176 914 4252 plenus
928 4179 1013 4236 tertio
1029 4181 1186 4236 exercitum
1202 4179 1290 4236 mittit
1304 4178 1342 4237 ad
1358 4178 1447 4238 Jero·

93 4264 220 4342 solyma,
242 4268 306 4342 ipse
327 4274 446 4325 secutus
470 4264 583 4341 aliquot
605 4276 673 4342 post
695 4263 807 4336 diebus,
831 4263 1006 4324 Jechoniam
1030 4264 1177 4324 deditione
1200 4267 1293 4342 cepit,
1318 4264 1447 4342 quodsi

93 4354 213 4431 proluit,
230 4359 260 4412 et
274 4353 376 4413 urbem
391 4360 482 4412 totam
498 4352 610 4423 incolis,
634 4351 773 4428 templum
789 4354 966 4411 omameutis
982 4361 1012 4410 et
1026 4352 1163 4411 theseum
1177 4351 1325 4431 spoliavit,
1349 4368 1448 4430 regem

95 4441 250 4500 constituit
270 4439 435 4515 sedeciam,
459 4441 575 4500 metium
590 4439 694 4499 Josiae
716 4438 824 4498 fitium:
847 4447 930 4498 tunm
951 4439 1006 4498 luit
1028 4440 1092 4516 ejus
1114 4443 1144 4498 in
1158 4439 1274 4501 Josiam
1289 4440 1446 4516 gratitudo.

94 4524 154 4593 (ΝΠ
171 4522 241 4592 aa.)
