3284 5520
394 1576 743 1694 TYCHONlS
788 1573 1359 1690 HYPERASPlSTES.

826 1866 929 1880 ννννννν

627 2065 1124 2152 Praefatio

308 2275 335 2329 1.
368 2269 706 2348 Anti-Tychonem
729 2271 874 2348 Scipionis
891 2271 1091 2344 Claramontii,
1116 2270 1230 2347 Equitis
1253 2275 1283 2328 ct
1302 2268 1441 2327 Doctoris
1464 2267 1558 2344 peril·

200 2357 314 2430 lustris,
343 2355 450 2416 librum
479 2363 509 2417 et
534 2357 680 2435 prolixum
707 2374 761 2434 pro
791 2375 839 2430 re,
870 2365 900 2419 et
928 2356 1128 2434 splendidum,
1157 2365 1225 2416 ante
1248 2363 1306 2415 tres
1328 2370 1421 2414 annos
1445 2355 1557 2413 editum

200 2444 341 2518 Venetiis,
365 2443 477 2504 tardius
501 2443 620 2521 quidem
643 2463 731 2522 quam
753 2446 859 2505 vellem
882 2453 912 2505 et
929 2444 1078 2505 auditione
1094 2452 1124 2504 et
1139 2445 1232 2504 oculis
1248 2444 1400 2519 usurpavi,
1423 2449 1557 2518 tempore

200 2539 298 2592 tamen
323 2533 581 2608 opportunissimo,
606 2548 687 2603 cum,
711 2532 854 2592 absolutis
878 2532 995 2592 tandem
1017 2531 1140 2591 Tabulis
1163 2529 1369 2607 Rudolphinis,
1395 2528 1431 2588 do
1455 2546 1558 2588 earum

199 2618 328 2679 editione
351 2618 389 2677 ad
411 2617 497 2679 Ferd.
520 2618 560 2677 ΙΙ.
584 2617 659 2695 Imp.
684 2619 850 2697 Augustum
873 2620 1045 2693 retulissem,
1068 2620 1224 2679 vacatione
1246 2619 1361 2676 interim
1385 2615 1478 2675 oculis
1501 2633 1556 2676 eo·

199 2722 322 2783 rumque
345 2705 445 2765 morbo
468 2713 553 2782 parta
575 2722 593 2764 a
614 2704 712 2765 studio
734 2709 919 2784 gravissimo,
943 2709 1063 2783 otioque
1087 2705 1156 2765 dato
1179 2712 1208 2766 et
1230 2703 1425 2782 cognoscendi
1448 2703 1558 2764 librum

200 2810 290 2872 opera
312 2793 429 2853 lectoris
453 2801 482 2853 et
505 2791 633 2852 dictandi
656 2793 728 2870 quid
750 2813 838 2872 super
860 2811 896 2854 eo
919 2793 1075 2854 videretur.

305 2899 335 2956 2.
366 2895 479 2972 Quodsi
502 2896 651 2975 Tychonis
673 2897 787 2971 Brehe,
818 2900 949 2975 magistri
979 2896 1126 2975 quondam
1150 2898 1223 2969 mei,
1256 2901 1354 2974 partes
1376 2896 1556 2972 susciperem

201 2983 400 3045 defendendas
422 2986 451 3042 in
476 3001 566 3044 causa
588 2985 676 3044 eiiam
700 2985 825 3062 perdita,
847 2985 934 3046 credo
957 3003 1015 3045 non
1038 2987 1155 3044 veniam
1177 2990 1289 3044 tantum
1306 2982 1477 3054 defensioni,
1502 2984 1557 3044 sed

198 3071 316 3131 laudem
346 3073 464 3149 insuper
494 3071 590 3129 cilicio
620 3087 679 3130 non
710 3071 800 3132 icisse
829 3072 1002 3133 defuturam.
1048 3071 1132 3131 Nunc
1154 3079 1311 3147 postquam
1335 3078 1411 3129 totos
1434 3071 1557 3145 triginta

200 3175 294 3218 annos
317 3157 406 3234 hujus
427 3159 644 3234 possessionem
667 3161 825 3229 scientiae,
855 3168 985 3220 cometas
1013 3177 1102 3236 supra
1124 3159 1239 3218 Lunam
1261 3159 1403 3235 spectari,
1432 3164 1556 3217 accurris

200 3255 230 3306 et
258 3245 484 3321 imperturbatus
514 3247 698 3319 continuari,
728 3247 849 3324 Jamque
880 3254 909 3307 et
939 3249 1118 3325 posteritati,
1149 3249 1175 3305 si
1198 3263 1257 3323 qua
1280 3262 1399 3322 operum
1422 3262 1555 3304 meorum

200 3350 271 3393 cura
301 3334 461 3406 tenebitur,
494 3335 709 3410 possessionem
738 3333 815 3394 hanc
843 3335 874 3392 in
895 3335 1084 3395 haereditatis
1106 3343 1217 3409 partem
1240 3349 1394 3392 accensere
1418 3330 1556 3392 decrevi:

199 3437 267 3481 ecce
291 3437 326 3479 ex
350 3422 501 3497 inopinato
525 3422 614 3480 oritur
637 3423 681 3479 vir
704 3420 816 3494 doctus,
838 3425 1015 3497 geometriae
1037 3422 1157 3499 peritus,
1181 3424 1210 3479 in
1234 3419 1365 3480 doctrina
1389 3419 1556 3497 triangulo·

200 3524 262 3566 rum
287 3515 520 3580 consummatus,
544 3509 573 3565 io
598 3506 729 3567 doctrine
751 3508 960 3584 parallaxium,
994 3526 1069 3585 quae
1092 3511 1149 3568 mei
1168 3509 1244 3583 juris
1266 3507 1457 3567 fundamenta
1479 3524 1555 3567 con-

199 3596 288 3666 tinet,
321 3609 379 3652 non
407 3601 441 3653 ut
470 3593 618 3670 quondam
642 3594 787 3654 Antonius
811 3596 962 3656 Fabricius
984 3596 1247 3672 Montepolitienus
1277 3593 1425 3671 pueriliter
1453 3593 1553 3653 hallu·

199 3683 300 3739 cinans
328 3678 427 3760 (quem
458 3697 512 3756 ego
542 3687 690 3741 auctorem
717 3690 785 3742 ante
814 3701 906 3743 annos
935 3685 970 3743 18
992 3684 1067 3743 libro
1090 3682 1126 3742 de
1149 3681 1242 3742 Stella
1264 3682 1351 3742 Nova
1373 3679 1555 3756 Serpentarii

199 3773 450 3840 pelliparii,
482 3785 536 3844 pro
567 3770 676 3828 meritis
703 3772 765 3828 suis
795 3769 922 3850 excepi),
955 3771 1006 3830 sed
1030 3777 1121 3829 totam
1144 3769 1225 3829 illem
1248 3768 1396 3829 doctrinae
1419 3769 1554 3829 sideralis

197 3861 402 3934 partemioto
431 3857 527 3930 operis
555 3857 600 3914 sui
630 3856 1271 3934 primolibroaccuratissimepertractans.
1318 3855 1388 3928 Hic,
1421 3857 1553 3932 inquam,

197 3949 241 4001 tot
264 3938 453 4018 praejudiciis
476 3949 616 4021 armatus,
639 3950 683 4002 tot
706 3942 848 4004 clientelis
870 3945 993 4021 pollens,
1019 3944 1099 4004 litem
1118 3943 1189 4003 mihi
1206 3943 1337 4017 intendit,
1362 3943 1397 4001 de
1413 3942 1470 4002 hac
1483 3961 1554 4005 mea

196 4031 383 4106 possessione
406 4045 452 4087 me
475 4028 651 4105 dejecturus.
683 4030 840 4091 Enimvero
866 4041 895 4091 et
917 4035 1128 4105 universorum,
1152 4033 1202 4107 qui
1225 4048 1291 4090 mea
1313 4030 1454 4107 legerunt,
1479 4049 1553 4110 pro·

197 4117 301 4189 iectus,
325 4123 353 4175 et
375 4117 509 4190 privatae
531 4134 614 4176 meae
637 4119 860 4178 existimationis
884 4121 1023 4179 interesse
1045 4127 1129 4197 puto,
1151 4126 1184 4177 ut
1207 4118 1335 4194 vigilem,
1358 4125 1391 4177 ut
1406 4119 1553 4194 inquiram

198 4201 432 4280 diligentissime,
466 4221 534 4261 num
559 4203 628 4280 quid
652 4221 765 4277 eorum,
790 4223 866 4282 quae
886 4207 1006 4283 juvenis
1030 4205 1135 4279 didici,
1168 4207 1213 4262 vir
1236 4205 1338 4278 docui,
1364 4206 1427 4281 jam
1451 4212 1551 4267 aetate

197 4291 338 4351 inclinata
364 4288 512 4351 dediscere
541 4299 711 4368 ceterosque
740 4291 882 4354 dedocere
911 4293 1041 4353 debeam.
1088 4293 1155 4353 Mos
1178 4292 1225 4352 hic
1248 4292 1393 4368 gerendus
1416 4299 1461 4351 est
1484 4296 1550 4354 viro

196 4376 362 4459 perillustri,
385 4376 423 4435 ad
446 4380 578 4437 veritatis
600 4379 731 4439 studium
752 4382 880 4452 vocanti,
904 4398 958 4440 nec
981 4388 1041 4440 tam
1063 4399 1100 4441 ue
1124 4388 1226 4440 auctor
1248 4384 1388 4457 magistro
1403 4396 1470 4439 meo
1484 4379 1551 4459 Ty-

197 4463 284 4523 choni
306 4463 380 4523 lalsa
402 4466 522 4524 crimina
545 4465 717 4542 ingerendo,
750 4485 839 4544 quam
860 4485 897 4528 ne
920 4470 983 4546 ipse
1006 4468 1091 4538 mihi,
1122 4484 1232 4527 encres
1256 4467 1387 4528 detectos
1409 4467 1550 4544 fovendo,

196 4551 331 4626 injuriam
354 4551 460 4611 inciam
483 4551 655 4612 cavendum.

301 4656 330 4713 3.
372 4653 546 4732 Quanquam
568 4657 642 4716 haec
665 4659 776 4733 optime
799 4658 960 4719 ciliciorum
983 4659 1150 4719 discrimina
1172 4675 1229 4717 non
1253 4657 1469 4719 Claramoniius
1493 4660 1549 4721 de-

196 4757 275 4812 mum
298 4757 344 4811 ure
366 4740 470 4820 docet3
488 4743 553 4823 jam
575 4742 685 4804 dudum
708 4762 774 4808 cum
795 4749 825 4806 in
848 4747 915 4810 eliis
937 4745 1107 4826 disciplinae
1129 4746 1271 4825 partibus,
1294 4754 1356 4805 tum
1376 4746 1456 4824 quod
1471 4746 1551 4811 hanc
