3284 5520
703 338 747 394 Da
765 338 882 396 dometis
899 337 986 396 libelli
1003 339 1052 394 111.

705 542 896 613 Tbeorema
924 539 1048 613 XXVll.

303 671 443 734 Cometaa
466 673 533 736 loca
555 677 729 752 apparentia
750 679 781 735 in
804 695 863 736 uno
887 676 996 738 directo
1020 682 1048 736 ct
1071 674 1201 752 perlecto
1224 670 1334 735 circulo
1356 689 1464 750 magno
1487 690 1558 750 pos-

198 769 267 819 sunt
290 761 417 821 ordinari
438 762 519 823 hisce
542 762 651 822 modis:
677 764 725 824 val
748 766 824 824 euim
849 782 915 824 cum
938 770 1053 824 cometa
1075 767 1103 821 in
1127 763 1216 839 plano
1240 761 1392 839 eclipticas
1414 772 1557 832 versatur,

198 855 280 906 stans
311 849 497 925 trajiciensve
527 850 603 909 iutra
632 851 680 911 vel
709 859 790 911 extra
819 853 943 911 orbitam
972 850 1116 925 Telluris3
1147 848 1195 910 vel
1226 866 1292 908 curu
1323 851 1352 907 in
1382 865 1558 925 quacunque

200 933 274 995 coeli
296 935 387 1013 plaga
410 938 534 1013 trajicit,
565 946 679 997 tantum
703 948 831 1000 remotus
854 957 872 998 a
894 938 999 1012 Terra,
1032 947 1065 996 ut
1087 939 1151 1013 ejus
1175 937 1269 996 orbita
1292 937 1331 995 sit
1353 933 1390 994 ad
1414 942 1559 995 cometam

198 1023 394 1099 insensibilis,
417 1022 465 1083 vel
488 1041 553 1082 cum
577 1033 660 1086 tanta
683 1034 728 1085 ast
749 1028 907 1103 pernicitas
930 1026 1109 1102 trajectionis
1125 1032 1266 1097 somene,
1290 1022 1471 1098 ultrajectin
1487 1020 1559 1080 Tel-

198 1109 269 1169 luris
294 1109 332 1169 ad
356 1119 488 1171 cometae
512 1112 714 1188 traJectionem
737 1112 847 1173 collata
869 1131 926 1172 nou
943 1115 981 1172 sit
996 1112 1083 1173 valdc
1099 1112 1260 1186 sensibilis;
1285 1109 1333 1170 vel
1348 1127 1415 1169 curn
1431 1118 1460 1169 et
1477 1112 1560 1167 visus

198 1204 228 1256 ει
255 1204 382 1272 cometa,
414 1201 502 1258 etiam
533 1203 760 1276 proportionalis
791 1204 865 1260 inter
887 1218 919 1260 se
942 1201 1181 1277 trajectionibus,
1212 1198 1341 1258 seruntur
1364 1198 1453 1256 etiarn
1477 1204 1561 1257 extra

200 1283 355 1360 eclipticas
377 1286 507 1362 planum,
533 1288 621 1347 etiam
645 1289 736 1347 ricini
759 1290 895 1363 invicem,
917 1286 966 1347 hic
983 1288 1102 1363 quidem
1117 1304 1168 1363 per
1183 1293 1302 1358 rectam,
1326 1283 1376 1342 ilie
1391 1303 1444 1360 per
1459 1301 1561 1342 arcum

199 1372 312 1433 orbitae
334 1389 393 1431 uon
416 1373 509 1432 multo
534 1373 713 1435 differentem
735 1393 756 1434 a
775 1387 871 1449 recta,
900 1378 929 1432 in
953 1378 1114 1435 somniuae
1136 1373 1317 1449 traiectionis
1340 1371 1462 1448 planum
1485 1373 1563 1429 iuci-

198 1459 304 1536 dente,
333 1461 382 1519 rei
411 1459 536 1537 denique
560 1469 657 1539 potest
679 1465 768 1523 etiarn
790 1462 865 1522 haec
888 1462 1026 1522 identitas
1048 1460 1128 1538 plani
1152 1462 1276 1531 remitti,
1306 1462 1332 1518 si
1356 1468 1466 1518 certum
1489 1476 1563 1517 suc-

198 1544 285 1606 cedat
306 1553 567 1624 temperamentum
589 1549 769 1626 traiectionis
784 1558 924 1623 cornetae,
948 1557 1135 1629 comparatae
1150 1548 1188 1606 ad
1203 1547 1404 1623 trajectionem
1421 1544 1561 1606 Telluris.

302 1632 386 1696 Haec
409 1634 564 1696 difficulter
585 1639 615 1695 iu
637 1637 727 1714 plano
751 1635 995 1711 demonstrantur,
1019 1636 1146 1696 sufficiat
1167 1636 1325 1694 monuisse.

695 1785 887 1855 Tbeorenra
914 1782 1055 1854 XXillll.

301 1896 403 1956 Dacto
422 1915 483 1972 par
506 1901 715 1970 trajectorium
738 1907 869 1959 somnae
891 1901 987 1974 plano
1010 1901 1044 1957 in
1066 1899 1197 1958 orbitarn
1218 1896 1338 1971 Terrae,
1361 1900 1403 1955 sic
1424 1906 1461 1956 ut
1482 1898 1564 1957 illud

196 1982 329 2056 planam
351 1985 432 2043 bunc
454 1986 587 2044 orbitarn
608 1995 683 2046 secet
704 1987 821 2046 dandas
843 1988 923 2061 lucia
947 1978 1138 2063 qnos'Terra
1160 1989 1194 2043 in
1209 1984 1326 2046 duobus
1341 1984 1445 2044 diebm
1459 1985 1563 2044 dara-

198 2072 288 2128 tionis
317 2080 448 2131 cometas
476 2072 605 2146 obtinet,
636 2078 670 2132 in
700 2073 903 2150 quodcunque
924 2075 1006 2132 latas
1027 2074 1119 2146 lth'ar
1140 2073 1231 2148 plani
1253 2072 1473 2132 declinaverint
1492 2074 1564 2132 loca

202 2154 315 2216 Terrae
337 2159 458 2234 reliqua
480 2177 536 2234 prr
557 2160 732 2220 durationis
754 2168 884 2237 tempas,
915 2165 949 2219 in
971 2161 1100 2236 plapam
1128 2163 1317 2219 contrariam
1341 2161 1406 2219 loca
1429 2167 1564 2220 amatae

198 2245 414 2319 respondentia
436 2264 549 2306 neceam
572 2255 613 2306 est
635 2251 717 2308 scire
739 2268 759 2306 a
781 2248 944 2308 directione
967 2248 1075 2308 circad
1096 2250 1215 2326 mapni,
1237 2247 1320 2306 ducti
1340 2266 1396 2324 per
1417 2248 1480 2307 duo
1493 2249 1563 2308 loca

196 2333 298 2407 primo
321 2333 407 2392 dietis
428 2334 531 2393 dabar
552 2335 775 2411 respondentia.

303 2418 442 2497 Sequitur
465 2440 500 2481 ex
523 2425 621 2497 priori.
659 2421 691 2481 Si
715 2425 791 2481 enim
815 2439 899 2481 arcus
924 2423 1035 2482 orbitae
1058 2421 1166 2481 Terrae
1188 2423 1329 2480 rescissus
1352 2439 1371 2479 a
1393 2420 1446 2481 tali
1469 2420 1561 2498 plano

200 2514 277 2565 essct
299 2505 379 2567 linea
400 2516 490 2583 recta,
513 2510 644 2568 incidens
668 2512 697 2567 in
721 2510 798 2569 idem
821 2509 951 2586 planum,
977 2517 1091 2568 cometa
1115 2508 1264 2569 videretur
1285 2526 1401 2586 semper
1422 2509 1478 2567 sub
1501 2510 1562 2568 cir-

199 2592 265 2652 culo
289 2611 412 2672 magno:
443 2599 473 2654 in
503 2606 645 2677 quantum
668 2598 757 2673 igitur
777 2600 840 2659 exit
862 2597 953 2656 Terra
975 2598 1013 2656 ab
1035 2597 1092 2655 boc
1113 2596 1203 2673 plano
1226 2601 1256 2655 ει
1278 2597 1308 2653 in
1332 2604 1473 2671 quantum
1497 2595 1562 2655 dis·

201 2683 295 2740 cessio
319 2685 376 2742 ista
398 2682 547 2743 sensibilis
570 2694 615 2744 est
637 2683 675 2744 ad
699 2684 868 2743 distantiam
884 2693 1026 2759 cometae,
1050 2687 1077 2741 in
1094 2691 1209 2743 tantum
1223 2685 1311 2743 etiam
1327 2683 1451 2743 sentitur
1465 2683 1561 2744 tlexus

202 2769 314 2829 itineris
337 2770 463 2831 visibilis
486 2782 618 2834 cometae
642 2774 671 2829 in
694 2770 814 2849 plagam
837 2774 1021 2832 contrariam.

704 2917 896 2989 theorema
924 2916 1037 2988 XXIX.

303 3031 339 3091 Si
359 3051 416 3107 per
438 3036 646 3106 traJ'cctoriam
669 3041 800 3094 cornetae
822 3041 849 3091 et
870 3051 927 3107 per
949 3050 1049 3093 anam
1070 3031 1197 3090 Telluris
1220 3032 1320 3089 locsmr
1340 3030 1474 3090 ducatur
1484 3029 1560 3105 pla-

198 3135 292 3192 num,
316 3136 420 3178 secans
442 3139 552 3178 arcam
575 3122 691 3180 orbitae
720 3121 862 3197 Tallara,
884 3121 1051 3197 cantatam
1076 3127 1208 3196 tempore
1231 3118 1419 3191 durationis,
1443 3119 1561 3194 napata

198 3213 278 3264 recto
301 3214 357 3266 aut
379 3225 444 3266 non
466 3209 598 3266 maltam
622 3209 693 3283 alio,
716 3226 772 3267 nec
785 3210 855 3285 plna
869 3225 964 3284 qnam
987 3225 1051 3267 ano
1074 3208 1153 3267 loco:
1177 3207 1231 3266 troc
1253 3223 1326 3264 casa
1347 3208 1404 3265 iter
1425 3213 1561 3266 camera

85 3294 87 3298 “
200 3292 316 3352 visibile
337 3298 425 3355 varie
447 3302 617 3355 tortuosum
640 3296 716 3373 effici
735 3303 843 3370 potest.

141 3446 146 3457 ‚
255 3439 259 3448 ,
301 3381 376 3441 Nam
400 3400 451 3459 per
466 3382 508 3442 th.
525 3378 661 3443 XXVII.
685 3389 717 3442 ut
738 3383 795 3442 hoc
818 3385 872 3442 iter
894 3390 1037 3458 appareat
1060 3379 1185 3440 circulus
1208 3398 1341 3457 magnus,
1364 3379 1560 3455 requireretur

199 3466 228 3524 in
251 3466 308 3527 hoc
331 3484 401 3529 casu
425 3477 503 3530 certa
527 3472 755 3547 contemperatio
779 3471 918 3545 traiectus
941 3471 1110 3544 utriusque3
1136 3471 1218 3543 atqui
1241 3477 1364 3544 negatur
1381 3468 1467 3525 uobis
1485 3467 1560 3526 baec

199 3557 446 3631 contemperatio,
479 3575 545 3617 cum
567 3561 595 3615 in
619 3558 792 3633 trajectione
815 3556 942 3616 Telluris
964 3556 1099 3615 modulus
1122 3563 1235 3627 status,
1259 3559 1310 3614 via
1332 3554 1497 3627 circularis,
1528 3557 1559 3611 tn

149 3637 154 3647 '
199 3641 371 3717 trajectione
394 3654 526 3705 cometae
550 3654 690 3722 perpetua
713 3645 927 3724 aequabilitas,
948 3652 1000 3704 aut
1022 3649 1195 3720 perpetuum
1220 3650 1249 3703 at
1272 3642 1469 3701 ordinatum
1461 3657 1559 3700 rucrc-

105 3746 108 3751 ·
199 3737 331 3788 mentum
352 3732 399 3790 sit.
438 3732 542 3809 Itaque
565 3749 684 3793 necesse
708 3740 761 3807 est,
785 3740 929 3792 cometam
952 3748 1029 3790 nuuc
1052 3730 1163 3789 tardius
1185 3723 1326 3805 trajicere,
1351 3747 1439 3805 quarn
1454 3735 1487 3835 ut
1502 3728 1558 3787 sub

199 3815 303 3876 eodem
327 3818 435 3878 circulo
458 3837 566 3897 magno
589 3819 682 3880 videri
705 3823 808 3897 possit,
830 3837 907 3879 nuuc
930 3817 1071 3878 velocius.

717 3968 907 4039 theorema
933 3964 1031 4037 XXX.

303 4081 410 4141 Pasira
440 4084 615 4155 trajectione
643 4098 717 4142 uera
746 4090 878 4142 cometae
905 4083 952 4141 oet
981 4081 1137 4158 aequabili
1158 4084 1205 4142 cel
1227 4080 1367 4142 ordinate
1389 4080 1556 4157 inaequali,

195 4173 292 4241 porat
322 4169 455 4228 diurnas
481 4177 583 4228 motae
610 4171 812 4246 lonpitadinis
839 4178 971 4232 wmarus
994 4187 1147 4245 apparere
1168 4171 1353 4231 inordinatis
1375 4177 1403 4228 et
1424 4170 1559 4245 cantaria

196 4255 310 4329 lepidas
332 4272 464 4339 aessens
486 4257 534 4315 uel
555 4256 731 4317 decreram.

300 4343 335 4402 In
359 4344 508 4405 schemate
534 4346 568 4418 9,
599 4344 679 4421 quod
701 4346 811 4405 tactum
834 4351 880 4404 est
902 4361 954 4421 pro
978 4351 1092 4404 cometa
1115 4347 1183 4403 anui
1208 4350 1310 4418 1618,
1342 4341 1437 4402 diurni
1458 4352 1558 4401 motus

199 4430 391 4508 longitudinis
415 4438 556 4492 'commas
586 4432 702 4492 luerunt
725 4451 744 4492 a
765 4450 812 4492 rue
842 4435 871 4491 in
900 4431 1031 4491 ordinem
1055 4431 1200 4508 quendam
1223 4432 1357 4508 perpetui
1380 4430 1558 4490 decrementi

199 4518 341 4595 dispositi,
366 4521 437 4597 qnia
460 4512 682 4580 observationes
704 4537 763 4580 nou
787 4527 870 4589 erant
884 4526 1048 4578 accuratae.
1084 4519 1220 4579 Visoriae
1234 4521 1322 4595 igitur
1338 4517 1397 4591 BF,
1414 4517 1470 4589 Es,
1487 4515 1556 4590 GH,

125 4610 129 4617 ’
199 4623 323 4685 quarum
345 4608 450 4667 ultima
472 4605 538 4680 DQ,
562 4608 722 4668 nonnullae
737 4614 874 4668 secantur
889 4624 907 4665 a
922 4608 1096 4667 seinvicem
1111 4606 1283 4665 inordinate.
1314 4604 1369 4676 sta,
1392 4612 1425 4665 ut
1440 4611 1557 4664 cometa

195 4710 248 4769 per
270 4711 372 4752 earum
395 4710 483 4755 uuam
506 4695 649 4770 trajiciat,
680 4703 753 4772 puta
774 4712 826 4770 per
847 4694 934 4752 PlK:
966 4692 1018 4752 ilia
1046 4711 1097 4770 per
1123 4693 1201 4753 hauc
1222 4710 1327 4753 meam·
1342 4691 1557 4751 ordinationem

198 4787 295 4840 motus
318 4785 487 4858 apparentis
510 4790 598 4860 nacta
620 4789 665 4842 est
686 4785 836 4862 portiones
859 4782 979 4841 contuse
1003 4781 1187 4858 inaequales,
1211 4797 1319 4858 parvas
1341 4781 1419 4839 circa
1439 4779 1464 4854 I,
1488 4779 1557 4838 lon-
