3284 5520
748 334 837 406 caput
854 335 906 394 111·
1436 335 1501 407 040

249 515 389 577 Vicissim
420 513 489 574 dato
519 519 586 574 sinu
614 513 785 591 scrupuloso
816 513 1020 591 indagabimus
1043 516 1130 575 etiam
1153 514 1217 590 ejus
1239 532 1356 589 arcum,
1390 519 1503 578 sicum

140 605 209 663 sinn
231 603 359 664 rotundo
375 601 520 663 chiliadis
542 605 672 680 proxime
695 604 805 660 minore
829 619 917 678 quam
940 610 985 662 est
1007 606 1182 681 propositus,
1206 602 1262 661 hoo
1284 611 1329 663 est
1351 620 1417 663 eum
1439 605 1504 681 ejus

142 691 237 750 tribus
261 693 361 770 primis
376 690 477 766 figuris
500 707 535 748 ex
550 698 671 766 septem,
696 706 886 765 excerpamus
908 706 1017 763 areum,
1041 688 1145 748 deinde
1169 689 1205 748 de
1228 688 1389 750 differentia
1411 694 1502 751 luter·

141 775 222 853 iecta
235 781 314 838 inter
337 777 410 837 duos
425 794 509 837 arcus
532 778 678 855 proximos
701 792 850 835 sumamus
874 786 986 855 partem
1006 776 1253 855 proportionalem
1275 778 1502 855 scrupulositati,

145 881 233 942 qnam
259 872 279 926 4
303 864 423 925 ultimae
445 866 527 923 sinus
540 863 612 922 *dati
634 863 745 939 figurae
768 863 1008 941 complectuntur.

247 951 308 1012 Hic
337 971 403 1012 oum
432 953 608 1011 misceantur
637 953 749 1010 numeri
780 950 963 1010 diversorum
991 968 1146 1027 generum,
1182 950 1266 1011 facile
1299 952 1503 1029 compendium

146 1039 269 1118 aliquod
296 1042 427 1100 invenies
456 1056 492 1097 ex
514 1046 542 1097 te
566 1040 645 1115 ipso,
679 1038 703 1095 si
727 1037 821 1096 bonus
844 1055 875 1098 es
898 1038 1097 1097 arithmeticus
1121 1040 1296 1114 ingenioque
1319 1039 1423 1116 polles.
1468 1040 1501 1100 Si

145 1145 214 1188 sero
237 1129 335 1187 nescis
359 1124 578 1204 compendium,
612 1132 692 1183 utere
716 1132 830 1197 nostro,
865 1124 944 1201 quod
974 1125 1042 1184 huic
1064 1127 1105 1184 rei
1129 1128 1304 1184 serviturum
1334 1129 1362 1183 in
1385 1143 1448 1204 cap.
1474 1135 1502 1187 9.

144 1232 224 1275 num.
252 1222 281 1274 t.
306 1219 386 1274 018.
410 1214 549 1288 rejectum
572 1222 625 1271 est.
671 1211 736 1270 Nou
760 1210 877 1286 quidem
901 1215 956 1271 erit
976 1213 1163 1271 exactissima
1187 1211 1234 1272 vel
1259 1230 1318 1271 nna
1340 1214 1388 1273 vel
1411 1215 1504 1274 altera

143 1304 289 1382 operatio,
314 1303 484 1379 praesertim
507 1303 535 1357 in
558 1299 615 1358 fine
638 1298 818 1376 quadrantis,
842 1301 912 1375 quia
934 1298 1096 1359 differentia
1119 1307 1187 1359 1000
1210 1299 1242 1359 fit
1264 1300 1362 1360 subito
1386 1319 1502 1378 magna.

142 1389 253 1466 Itaque
276 1388 471 1466 conduceret,
501 1385 600 1446 decem
629 1386 746 1445 ultimas
770 1385 945 1445 differentias
968 1388 997 1444 in
1027 1386 1117 1446 denas
1144 1385 1331 1447 subdividere
1363 1391 1504 1449 0110101-

140 1479 250 1557 positis
274 1476 405 1548 sinubus,
436 1491 528 1551 nsque
557 1473 595 1532 ad
623 1483 757 1547 quartam
784 1473 907 1549 figuram
935 1473 1126 1552 scrupulosis,
1160 1491 1229 1533 suos
1251 1473 1310 1533 illis
1333 1492 1368 1533 err
1392 1493 1503 1536 esnone

141 1564 319 1641 quadrantis
341 1563 491 1639 assignare
507 1577 600 1635 arcus,
623 1560 703 1637 quod
727 1559 851 1637 quilibet
872 1563 987 1639 privata
1010 1578 1099 1638 opera
1121 1563 1236 1638 poterit.
1275 1561 1410 1641 Exceptis
1433 1580 1503 1624 vero

137 1652 247 1712 decem
278 1650 389 1710 ultimis
417 1649 585 1709 differentiis
614 1665 665 1725 per
696 1648 840 1724 reliquum
871 1647 1041 1725 quadrantis
1072 1651 1274 1727 perveniemus
1306 1651 1336 1706 10
1368 1653 1503 1711 notitiam

139 1741 265 1799 sinuum
289 1737 327 1798 sd
349 1743 366 1797 5
390 1736 496 1796 saltem
518 1735 627 1812 figuras
649 1737 882 1795 continuatorum
904 1752 962 1794 non
985 1734 1077 1795 multo
1100 1738 1246 1809 incertius,
1270 1735 1385 1797 facilins
1404 1739 1503 1813 etiam,

139 1844 236 1904 qnam
271 1843 322 1903 per
354 1840 495 1884 canomm
526 1825 656 1894 sinuum,
688 1821 725 1883 ad
759 1824 875 1899 singula
906 1821 1043 1900 scrupula
1075 1824 1168 1900 prima
1201 1831 1399 1883 extensurum:
1433 1829 1503 1903 qula

137 1914 279 1974 laborem
303 1910 486 1989 quaerendae
503 1911 603 1989 partis,
628 1927 704 1986 quae
726 1911 765 1969 sit
786 1910 1013 1989 proportionalis
1036 1909 1261 1970 adhaerentibus
1284 1912 1428 1986 secundis,
1451 1931 1504 1991 per

140 2000 355 2079 Logaritbmos
384 2000 591 2069 sublevamus,
623 2005 656 2056 01
685 1998 780 2072 capite
805 2003 834 2059 9.
863 1997 1022 2058 doceberis.
1068 1995 1222 2074 Quomodo
1253 2001 1341 2058 etism
1369 2008 1503 2062 secantes

138 2106 269 2151 uenum
291 2084 507 2163 quodammodo
530 2085 630 2144 haberi
654 2102 689 2144 ex
711 2084 768 2144 hsc
782 2084 916 2144 chiliade
939 2087 1061 2161 possint,
1086 2086 1160 2145 inira
1183 2087 1335 2163 apparebit
1358 2091 1454 2164 capite
1473 2094 1502 2149 8.

252 2173 323 2235 Jam
346 2190 484 2252 quorsum
499 2174 556 2232 sint
571 2173 656 2232 nobis
671 2172 758 2230 utiles
781 2175 861 2233 sinus
877 2190 1005 2245 arcuum,
1030 2171 1059 2231 id
1074 2190 1131 2232 uon
1148 2181 1193 2233 est
1206 2173 1295 2248 hujus
1316 2174 1374 2234 loci
1390 2176 1504 2251 docere,

140 2264 201 2324 nbi
223 2265 322 2323 omnia
343 2279 395 2339 per
416 2260 623 2338 Logaritbmos
644 2258 817 2335 perficimus.
858 2259 1010 2319 Adeantur
1032 2259 1107 2334 libri,
1131 2263 1181 2336 qui
1205 2260 1323 2321 tradunt
1344 2262 1503 2324 (1001110010

138 2350 362 2433 triangulorum
383 2366 435 2425 per
455 2355 551 2410 rectos
574 2346 753 2423 quadrantis.

698 2561 876 2633 CAPUT
904 2562 957 2634 lll.

148 2694 198 2778 lle
221 2696 457 2801 conparatione
484 2694 648 2776 columnae
675 2694 833 2777 secundae
859 2695 985 2775 sinuum
1014 2717 1083 2774 curu
1110 2694 1202 2775 tertia
1223 2694 1503 2799 quadrivieenaria,

531 2798 578 2881 vel
606 2824 676 2881 cum
704 2800 813 2905 quinta
838 2799 1125 2903 sexagesimorum.

255 2959 305 3018 Fit
326 2957 485 3033 interdum,
507 2959 550 3017 sic
572 2960 705 3035 exigente
727 2965 811 3034 parte
833 2957 1045 3032 arithmeticae,
1069 2974 1146 3034 quae
1167 2956 1303 3034 logistica
1326 2958 1444 3032 dicitur,
1474 2965 1507 3019 ut

157 3046 368 3106 semidiameter
383 3045 483 3106 circuli
497 3044 583 3105 aliter
606 3044 701 3104 divisa
717 3045 861 3117 offeratur,
885 3063 972 3121 quam
989 3048 1017 3102 in
1034 3055 1132 3121 partes
1147 3045 1290 3118 denarias,
1315 3049 1505 3120 centenarias,

154 3133 331 3194 millenarias
353 3140 408 3193 etc.
452 3132 544 3193 Verbi
575 3150 665 3192 causa
695 3131 835 3191 diameter
864 3131 941 3192 Solis
970 3132 1019 3191 vel
1043 3131 1145 3193 Lunae
1177 3131 1336 3192 deficientis
1367 3132 1507 3193 dividitur

157 3220 184 3278 in
210 3228 312 3299 partes
342 3226 397 3294 12,
432 3238 505 3297 quas
536 3219 643 3297 digitos
673 3219 863 3298 appellamus.
910 3219 1023 3295 Quodsi
1051 3223 1139 3295 igitur
1169 3219 1252 3279 detur
1281 3221 1382 3296 aliqua
1410 3222 1505 3298 portio

158 3306 285 3368 diametri
315 3309 346 3366 iu
377 3309 524 3386 partibus,
555 3307 686 3385 qualium
714 3315 758 3366 est
779 3304 994 3366 semidiameter
1020 3312 1161 3380 100000,
1194 3325 1230 3367 00
1253 3310 1348 3384 portio
1371 3311 1506 3384 quaesita

156 3395 225 3457 iuter
255 3395 409 3455 absolutos
448 3397 546 3455 statim
583 3401 724 3453 monstrat
751 3411 767 3452 0
797 3396 915 3469 regione
946 3394 1001 3452 sub
1030 3393 1282 3470 quadrivicenaria
1311 3395 1505 3473 quadruplum

155 3499 305 3544 numerum
327 3482 493 3561 digitorum,
517 3499 591 3558 quos
615 3480 695 3540 valet
716 3480 767 3540 illa
789 3483 894 3558 portio.

256 3568 297 3632 Ut
323 3573 348 3630 si
377 3569 494 3630 deficiat
522 3578 605 3629 sexta
632 3586 698 3646 pars
725 3568 761 3628 de
789 3570 855 3646 ipsa
883 3569 1113 3629 circumferentia
1142 3567 1244 3628 Lunae
1277 3569 1314 3628 ad
1345 3568 1504 3646 sciendum,

154 3665 223 3737 quot
247 3657 332 3735 digiti
361 3659 509 3734 supersint
535 3660 565 3714 in
595 3657 717 3728 lumino,
751 3658 848 3732 posito
872 3655 950 3732 quod
974 3656 1077 3715 umbra
1098 3653 1206 3716 Terras
1229 3664 1310 3716 secet
1332 3656 1504 3716 diametrum

154 3754 185 3805 nt
209 3756 293 3805 reeta
326 3744 404 3805 linea
431 3743 469 3803 sd
501 3751 596 3805 rectos
626 3744 764 3819 angulos:
796 3753 952 3822 supersunt
980 3746 1068 3819 igitur
1095 3744 1123 3799 10
1153 3743 1263 3803 lumine
1295 3750 1357 3804 300
1387 3744 1504 3820 gradus.

153 3830 264 3892 Homm
289 3830 441 3891 dimidium
465 3828 610 3905 0011500,
635 3831 691 3891 hoc
712 3843 757 3891 est
773 3827 830 3891 900
853 3828 961 3890 01600.
1000 3830 1102 3890 Partes
1118 3832 1206 3906 igitur
1228 3831 1360 3893 diametri
1383 3848 1506 3908 respon-

154 3917 254 3981 dentes
285 3926 370 3979 eruut
399 3924 524 3980 100000
553 3923 720 3981 0186603.
765 3919 821 3977 llla
850 3920 880 3976 in
910 3917 1163 3995 quadrivicenaria
1192 3919 1320 3978 ostendit
1343 3917 1415 3993 240,
1449 3922 1506 3978 1010

156 4005 209 4067 100
233 4006 286 4068 410
309 4007 363 4081 20,
399 4024 513 4067 summa
542 4004 598 4066 440
622 4008 672 4066 410
696 4009 746 4065 20.
790 4004 868 4064 Η100
899 4013 1004 4083 quarta
1030 4022 1098 4081 pars
1129 4013 1174 4065 est
1199 4004 1254 4065 11⁰
1279 4009 1329 4065 11¹
1353 4007 1423 4065 450.
1468 4006 1506 4065 Ε1

156 4100 196 4157 iot
216 4104 288 4173 sunt
310 4094 394 4172 digiti
416 4095 530 4154 rescissi
554 4091 590 4152 de
613 4092 762 4152 diametro.

256 4182 395 4242 Vicissim
418 4183 443 4240 si
466 4179 583 4239 deficiat
605 4180 729 4256 digitus,
754 4178 824 4256 quid
846 4181 871 4236 is
894 4179 974 4238 valet
996 4181 1026 4237 in
1049 4178 1239 4253 dimensione,
1263 4178 1393 4254 qualium
1415 4180 1506 4239 semi·

161 4266 306 4342 diameter,
337 4268 393 4328 hoc
423 4274 467 4327 est
496 4275 513 4327 6
545 4266 645 4343 digiti,
676 4276 744 4326 0001
772 4265 920 4326 1000001
957 4264 1034 4343 Quia
1063 4268 1152 4342 igitur
1181 4272 1221 4325 24
1251 4283 1388 4326 numerus
1418 4266 1506 4342 hujus

162 4357 306 4417 columnae
328 4357 472 4415 maximos
495 4363 539 4415 est
557 4354 751 4432 quadruplum
775 4353 811 4413 de
828 4359 855 4428 6,
879 4371 960 4412 sume
977 4356 1065 4414 etiam
1088 4353 1283 4430 quadruplum
1303 4354 1385 4431 digiti
1409 4357 1505 4428 unius,

163 4441 186 4502 ii
211 4454 257 4506 est
290 4450 318 4505 4.
369 4442 436 4503 Ηο0
474 4458 543 4502 uero
575 4445 738 4519 quaesitum
769 4444 800 4499 in
833 4440 1101 4518 quadrivicenaria,
1137 4441 1221 4500 offert
1250 4442 1325 4501 inter
1355 4441 1506 4502 absolutos

166 4535 314 4592 inhibito
338 4530 459 4590 circiter.

256 4615 370 4679 Eodem
384 4617 473 4677 modo
488 4617 522 4675 111
537 4616 691 4691 interdum,
717 4625 749 4676 nt
763 4616 979 4676 semidiameter
995 4610 1094 4676 vslea't
1108 4615 1276 4674 auctoribus
1292 4632 1350 4674 000
1369 4621 1505 4692 100000,

167 4704 206 4764 red
228 4705 295 4782 60⁴,
327 4712 361 4765 nt
389 4704 465 4766 solet
487 4704 677 4766 Ptolomaeus
706 4712 736 4764 et
763 4704 894 4781 plerique
922 4711 1153 4762 astronomorum
1184 4703 1213 4759 in
1237 4701 1412 4763 indicatione
1435 4721 1506 4782 pro·

168 4796 296 4868 00111οο10
323 4794 448 4857 orbium.
492 4792 518 4854 li
544 4802 677 4854 auctores
703 4794 727 4852 si
757 4793 918 4869 exprimant
940 4794 970 4851 iu
991 4790 1047 4853 hac
1070 4791 1251 4852 dimensione
1273 4792 1355 4853 sinus
1376 4808 1506 4870 arcuum,
