3284 5520
471 323 645 402 spicilegium
662 345 698 388 ex
716 331 889 390 Tmtinatore
907 328 1030 387 Gelileel.
1364 331 1427 400 277

72 510 126 572 laei
153 514 228 573 lte.
256 510 325 588 lid,
354 511 404 572 ubl
429 508 546 586 Sarsio,
579 512 785 574 anctoritatem
814 510 964 590 l'ychonis
994 528 1082 590 super
1111 509 1266 570 altitudine
1299 518 1430 574 cometae

69 598 222 679 alleganti,
245 598 403 677 re'spondet
426 598 579 660 Galilaeae
601 601 631 659 in
653 618 719 661 eum
742 602 801 660 iere
824 598 952 673 modum,
977 615 1036 676 quo
1059 605 1088 659 et
1111 598 1341 659 Olaramontius:
1365 598 1429 677 'l'y-

67 686 195 747 ebonem
224 694 394 765 ceterosque
421 689 548 748 nominis
575 687 699 764 alicujus
723 696 906 748 astronomos
930 688 1005 745 inter
1027 703 1058 746 so
1082 686 1331 746 differentissimos
1355 703 1430 749 csse.

65 774 102 834 Et
124 777 222 834 utitur
236 773 419 836 dilemmate:
444 778 470 836 si
486 791 572 836 verse
589 776 811 835 observationes
828 791 937 848 omnes,
961 782 1075 834 cometa
1089 773 1138 834 fiet
1153 777 1325 851 apparentia
1342 792 1429 850 vaga,

62 863 88 922 sl
113 862 224 935 falsae,
248 877 347 923 carent
369 865 552 923 auctoritate.
591 862 638 921 Ad
661 862 912 924 determinandum
934 879 1037 921 verum
1060 868 1192 921 cometae
1214 861 1310 921 locum
1333 879 1349 921 e
1373 861 1431 920 dil-

62 950 274 1010 t'erentissimis
291 951 546 1010 observationibus
561 948 627 1009 illas
643 968 661 1008 a
676 951 816 1030 Tyclroue
833 951 911 1027 eligi,
933 966 1008 1025 quae
1025 949 1190 1008 conducant
1206 950 1270 1025 ejus
1286 951 1430 1008 instituto.

175 1036 242 1096 Etsi
265 1036 303 1097 ad
325 1037 379 1098 bas
394 1040 580 1115 exceptiones
596 1039 675 1115 ipsas
690 1040 762 1098 satis
778 1045 823 1098 est
838 1039 875 1097 ab
891 1036 1104 1113 Hyperaspisto
1120 1053 1301 1113 responsum,
1325 1045 1431 1114 postu·

59 1124 109 1183 lat
141 1133 242 1184 tamen
274 1127 434 1186 auctoritas
458 1124 600 1199 Galilaei,
634 1131 665 1184 ut
694 1125 852 1185 lectoribus
875 1126 962 1184 etiam
985 1124 1096 1200 aliquid
1121 1124 1241 1183 dicatur.
1287 1123 1430 1183 Nimirum

63 1209 231 1273 Galilaeae
259 1211 307 1272 hic
335 1211 465 1273 defendit
492 1212 624 1274 libellum
652 1228 710 1272 non
732 1231 834 1285 suum,
866 1209 918 1271 sed
942 1210 1114 1282 Guiduccii,
1144 1213 1197 1288 qui
1220 1213 1274 1270 etsi
1297 1210 1430 1271 multae

61 1297 212 1361 Galilaso
234 1299 342 1375 babet,
374 1299 424 1360 illa
451 1309 548 1360 tamen
571 1309 677 1376 suopte
696 1300 808 1376 judicio
830 1300 985 1377 proposuit
1007 1307 1036 1358 et
1058 1301 1204 1358 tractavit.
1249 1297 1319 1359 Jam
1343 1296 1430 1358 Gali·

63 1388 156 1448 laeus
191 1385 269 1447 illius
300 1387 434 1448 delcusor
462 1386 532 1465 quid
561 1387 650 1447 iaciat
672 1386 767 1462 aliud,
800 1405 888 1465 quam
912 1396 945 1446 ut
967 1384 1122 1446 Gniduccii
1145 1387 1280 1462 vestigiis
1303 1388 1431 1462 insistat,

63 1485 102 1534 nt
125 1493 165 1534 ea
190 1474 276 1547 dicat,
299 1492 376 1552 quae
391 1474 587 1535 Guiduccium
608 1475 752 1535 dicturum
775 1483 1003 1535 consentaneum
1026 1473 1109 1533 erat?
1132 1472 1216 1532 Certe
1241 1471 1319 1549 quod
1344 1472 1431 1532 Gali·

63 1562 171 1623 laenm
196 1563 291 1639 ipsum
314 1565 426 1637 attinet,
450 1564 476 1622 is
499 1561 778 1623 demonstrationum
797 1564 1039 1638 geometricorum
1054 1569 1205 1636 signarus
1220 1569 1265 1620 est
1280 1561 1428 1636 etiautor,

63 1652 94 1708 si
119 1653 278 1725 quisquam
303 1648 387 1724 alius,
408 1651 493 1709 novit
516 1648 602 1724 idem,
626 1649 696 1727 qnid
720 1651 828 1710 distent
849 1667 918 1710 aera
936 1649 1045 1726 lupinis
1072 1646 1200 1726 quidque
1225 1649 1339 1708 intersit
1355 1650 1428 1708 inter

64 1735 225 1815 Tycbonis
250 1738 278 1793 irr
303 1738 486 1798 observando
510 1736 691 1814 diligentiam
713 1737 912 1798 incredibilem
935 1739 1067 1813 interque
1090 1743 1250 1796 ceterorum
1265 1736 1428 1811 plerorum-

69 1841 132 1902 que
155 1826 346 1901 supinitatem
367 1825 538 1903 popularem
561 1827 591 1883 in
609 1825 666 1886 hoc
682 1827 819 1885 exercitio
836 1827 964 1884 omnium
981 1823 1161 1884 difficillimo.
1200 1823 1266 1881 Non
1284 1833 1327 1882 est
1343 1825 1430 1898 igitur

66 1910 228 1984 credibile,
253 1914 348 1988 ipsum
370 1913 413 1972 sie
434 1913 571 1972 salsitatis
595 1930 716 1988 arguere
740 1915 868 1971 omnium
892 1913 1009 1972 omnino
1032 1911 1303 1970 mathematicorum
1328 1912 1430 1970 obser-

69 2000 220 2072 uationes,
244 2008 276 2057 ut
299 2001 328 2057 in
352 2000 397 2059 his
421 2003 508 2060 etiam
525 2001 616 2077 ipsius
631 1999 781 2078 Tychonis
797 1999 1088 2077 comprehendantur.
1125 1997 1236 2074 Quodsi
1253 2016 1311 2057 aon
1329 2015 1429 2057 omncs

63 2086 148 2160 aaut,
173 2088 240 2162 quis
255 2085 396 2163 'l'yobone
418 2090 515 2164 potior
537 2086 680 2147 habeatur
702 2106 719 2147 a
743 2086 887 2160 Galilaea,
911 2104 970 2147 non
993 2087 1128 2164 equidem
1152 2085 1250 2145 video.
1290 2085 1351 2145 Nec
1374 2086 1430 2145 hoc

67 2174 160 2247 dicet,
185 2176 209 2231 si
233 2175 426 2251 complurium
451 2177 672 2234 observationes
695 2178 753 2234 siut
774 2175 876 2250 salsae,
899 2182 1055 2252 propterea
1078 2175 1207 2233 omnium
1231 2180 1260 2233 et
1282 2176 1324 2232 sic
1340 2175 1430 2231 etiam

63 2260 222 2341 'lycbonis
252 2264 455 2322 auctoritatem
484 2280 548 2322 esse
571 2261 692 2322 nullam.
737 2262 768 2322 Si
799 2280 953 2341 personam
974 2261 1083 2321 nudam
1105 2263 1293 2336 respicimus,
1324 2260 1427 2338 Tycho

67 2366 147 2408 nnus
172 2348 312 2408 smaltis
337 2358 382 2409 est
411 2367 505 2427 eoque
533 2353 649 2409 nomine
673 2350 792 2409 habebit
815 2350 878 2425 ejus
902 2352 1061 2408 auctoritas
1085 2347 1196 2424 aliquid
1219 2348 1288 2406 mali
1312 2357 1430 2425 propter

71 2438 204 2496 uicinum
227 2435 345 2511 malum,
370 2440 414 2497 siu
438 2445 537 2497 antem
560 2439 719 2496 auotoritas
741 2438 870 2497 moribus
895 2445 923 2497 et
946 2438 1170 2496 circumstantiis
1194 2438 1284 2494 totius
1299 2435 1429 2494 exercitii

70 2533 102 2584 et
118 2523 309 2584 diuturnitate
325 2524 472 2596 coalescit,
493 2527 558 2603 quis
575 2525 649 2584 adeo
667 2524 816 2585 confidens
832 2533 884 2599 est,
909 2527 958 2602 qui
974 2524 1022 2582 hic
1036 2523 1308 2583 matbematicorum
1323 2540 1427 2599 quem-

72 2628 161 2688 quam
186 2628 251 2670 cnm
275 2611 416 2689 Tychoue
440 2612 512 2672 volit
533 2612 733 2672 contendere?
764 2612 867 2690 Neque
897 2611 1116 2671 tundamentum
1141 2610 1189 2669 ille
1214 2610 1359 2687 dogmatis
1382 2611 1427 2670 sui

72 2698 108 2759 de
135 2697 202 2758 ioco
233 2706 411 2759 cometarum
440 2698 559 2760 coelesti
582 2702 713 2778 reposuit
736 2702 763 2757 in
790 2701 1045 2759 observationibus
1068 2698 1208 2769 aliorum,
1240 2698 1291 2757 sed
1315 2700 1344 2755 in
1367 2701 1428 2758 suis

72 2787 204 2865 propriis,
229 2803 284 2845 neo
307 2802 372 2845 cum
395 2795 508 2848 cetoros
528 2788 615 2864 juxta
638 2795 822 2847 contemnere
838 2787 938 2861 nollet,
964 2787 1185 2846 observationes
1199 2802 1300 2845 eorum
1315 2803 1333 2844 a
1349 2784 1427 2844 nudo

73 2889 217 2934 consensu
240 2891 305 2932 cum
328 2876 391 2933 suis
413 2875 515 2952 clegit,
547 2875 599 2934 sed
623 2875 724 2935 iisdem
747 2893 797 2934 cas
819 2877 897 2935 notis
920 2876 1105 2946 aestimarit,
1136 2874 1243 2950 quibus
1266 2891 1336 2932 suas
1357 2890 1428 2949 pro·

73 2963 150 3039 prias
173 2977 192 3020 a
213 2961 388 3037 promiscuis
410 2969 571 3023 ceterorum
595 2962 775 3037 distinxerat.
821 2962 934 3037 Quibus
958 2961 1163 3033 consideratis,
1196 2978 1280 3037 spero
1304 2961 1427 3020 lectores
1480 3037 1484 3044 Ι

74 3066 136 3110 esse
154 3048 357 3125 judicaturos,
387 3066 446 3108 uon
475 3052 520 3115 n‘c,
540 3053 689 3127 excepisse
713 3048 879 3110 Galilaeum
904 3057 1003 3109 contra
1026 3048 1225 3109 adversarium
1249 3065 1333 3106 suum
1356 3047 1428 3107 Sar·

74 3139 156 3212 aium,
181 3134 331 3213 'l'ycbonis
354 3138 527 3198 anctoritate
550 3155 616 3198 sese
637 3138 802 3198 efferentem
819 3136 1002 3210 invidiosius,
1027 3144 1059 3195 ut
1073 3136 1103 3195 id
1118 3137 1174 3214 ipsi
1190 3138 1278 3196 ctiam
1294 3135 1428 3214 Tychoni

74 3226 194 3285 seorsim
217 3225 246 3280 in
270 3230 442 3300 argumento
464 3228 580 3304 proprio
604 3225 697 3285 fraudi
721 3242 784 3285 esse
809 3225 934 3285 voluerit
956 3232 1008 3284 aut
1031 3241 1095 3284 csse
1118 3240 1205 3301 posse
1227 3225 1398 3299 speraverit

180 3312 229 3369 16.
276 3310 339 3370 Fol.
365 3313 436 3371 129.
471 3330 585 3373 rursum
614 3314 728 3386 Sarsio,
769 3311 895 3372 Galilaei
929 3314 1148 3388 antagonistae,
1185 3313 1362 3369 insusurrat
1392 3313 1427 3369 ia

75 3414 179 3456 aaron
203 3397 308 3458 timide
329 3401 429 3460 nescio
453 3402 518 3476 quis
540 3398 702 3478 pellaculus
726 3409 836 3459 motum
852 3399 969 3473 Terrae,
994 3417 1053 3476 quo
1076 3398 1204 3458 admisso
1224 3399 1336 3456 nonsit
1352 3413 1426 3473 opus

72 3486 196 3562 promtis
220 3486 340 3545 orbibus
363 3485 475 3560 solidis,
499 3496 609 3547 rectum
634 3490 754 3547 cometis
777 3488 943 3547 adscribere
966 3495 1085 3545 motum.
1121 3484 1147 3546 Ο
1169 3486 1331 3561 improbam
1354 3501 1427 3561 sug·

75 3574 246 3647 gestionem,
269 3574 294 3630 si
317 3572 401 3646 ialsa,
424 3582 593 3651 suspectum
617 3592 687 3635 vero
711 3575 884 3634 clandestini
900 3575 1013 3634 consilii
1030 3573 1264 3646 auscultatorem,
1288 3574 1313 3631 si
1329 3574 1427 3632 tacitis

73 3658 147 3719 bisce
170 3663 308 3719 meursio
329 3668 431 3739 potent
454 3662 518 3739 ejus
541 3680 642 3736 eures3
666 3679 684 3721 o
709 3679 777 3722 vero
802 3681 869 3722 vere
892 3663 1033 3722 timidum
1057 3661 1264 3734 tenebrionem,
1288 3661 1322 3731 si,
1346 3657 1427 3736 quod

75 3746 148 3806 medi
172 3762 228 3824 par
250 3755 309 3819 est,
332 3764 404 3807 vera
426 3765 458 3808 se
481 3756 566 3827 putat
587 3767 743 3827 suggerere
766 3749 882 3824 Sarsio;
907 3748 1088 3809 versutulunr
1112 3748 1253 3824 denique,
1277 3750 1327 3823 qai
1351 3764 1427 3823 quae

76 3831 202 3907 dissona,
227 3850 303 3909 quae
326 3835 445 3895 auribus
469 3853 572 3913 aspero
595 3839 655 3898 iore
678 3837 832 3914 praevidit,
855 3839 1001 3897 submissa
1024 3853 1097 3896 voce
1121 3836 1227 3908 dictat,
1252 3843 1316 3894 tuta
1339 3852 1427 3911 prse-

75 3920 183 3997 lercns3
214 3920 265 3980 iol.
293 3928 364 3983 137.
393 3923 549 3984 credideris
571 3923 653 3984 illum
677 3927 878 3984 internarium
902 3925 1041 3985 excubias
1064 3923 1102 3983 ad
1126 3923 1286 3982 destinatas
1309 3922 1428 3982 tendere

77 4008 147 4070 iores
172 4010 313 4073 veritatis.
338 4008 411 4069 adeo
436 4020 464 4070 et
488 4002 610 4088 cupidus
634 4020 680 4073 est
701 4031 738 4072 ne
761 4012 871 4072 loribus
894 4021 1034 4083 arceatur,
1061 4020 1090 4070 et
1112 4019 1215 4071 cautus
1239 4027 1275 4068 ne
1291 4008 1428 4068 mordea-

78 4101 124 4155 tur.
171 4094 253 4156 Nihil
277 4103 321 4155 est
345 4114 419 4173 opus
441 4098 630 4159 fluctuatione
654 4101 724 4173 isia,
749 4099 845 4173 Sami,
869 4101 973 4159 sinon
998 4100 1095 4177 placet
1117 4097 1224 4157 Terrae
1247 4104 1352 4168 motus,
1377 4096 1429 4172 qui

80 4198 155 4242 suam
179 4185 381 4260 apparentiam
406 4184 579 4259 admisceat,
604 4196 636 4244 ut
659 4185 782 4264 planetis
806 4187 954 4259 omnibus,
978 4187 1154 4246 eccentricas
1178 4184 1289 4244 orbitas
1313 4190 1430 4243 metan-

79 4270 165 4345 tibus,
197 4272 242 4330 sic
264 4273 353 4330 stiam
376 4274 513 4347 cometis,
543 4282 622 4334 recto
645 4276 754 4351 impetu
778 4275 944 4335 ruentibus:
974 4275 1044 4333 licet
1072 4275 1160 4349 igitur
1187 4272 1241 4331 tibi
1269 4271 1332 4347 ejus
1361 4271 1428 4329 loco

80 4366 183 4417 uotum
207 4356 317 4418 realem
340 4363 599 4433 concomitantiae,
630 4363 667 4420 ab
691 4363 771 4438 ipso,
803 4380 889 4436 quem
913 4362 961 4420 hic
983 4362 1128 4436 sequeris,
1152 4357 1294 4436 'lycbone
1316 4375 1428 4434 suppe-

82 4441 207 4518 ditatum,
230 4446 273 4504 sic
296 4445 456 4507 admiscere
478 4457 557 4509 recto
583 4456 714 4509 cometae
737 4452 838 4521 motui,
861 4451 938 4507 sicut
959 4448 1036 4508 idem
1060 4454 1155 4506 motus
1172 4445 1259 4506 realis
1275 4445 1430 4504 admisceri

82 4530 242 4606 perhibetur
266 4532 454 4594 circularibus
476 4535 660 4612 planetarum
684 4538 827 4608 motibus3
857 4535 990 4595 nullate
1014 4535 1173 4595 necessitas
1196 4541 1293 4609 urget,
1317 4535 1343 4591 si
1365 4531 1429 4609 ‘ly-

84 4617 178 4678 cbonis
200 4626 331 4696 systema
352 4623 470 4698 probas,
493 4631 602 4682 rectum
627 4625 747 4684 cometis
770 4627 845 4682 intra
859 4626 1027 4701 systematis
1041 4623 1149 4681 limites
1165 4619 1292 4679 adimere
1308 4629 1429 4694 motum,

84 4707 227 4783 assignare
250 4706 429 4767 circularem.
466 4710 644 4770 Factitatum
667 4710 696 4768 id
720 4710 802 4770 vides
825 4713 862 4771 ab
879 4710 1090 4789 Hyperaspiste
1111 4724 1176 4768 meo
1192 4710 1221 4765 in
1237 4709 1359 4768 cometis
1376 4709 1431 4767 tri·

84 4789 132 4855 bos
153 4793 192 4854 ad
214 4792 266 4856 lib.
282 4792 322 4859 II.
342 4811 406 4882 cap.
425 4799 476 4866 20.
499 4816 578 4862 aum.
596 4801 646 4861 21.
662 4807 692 4859 ct
707 4815 771 4879 cap.
789 4803 839 4860 25.
854 4815 934 4861 num.
952 4801 981 4871 2,
1004 4797 1111 4861 imitari
1131 4802 1216 4877 potes
1238 4796 1267 4854 iu
1285 4797 1429 4857 omnibus.
