3284 5520
238 1144 912 1281 sirrisust‘it'ir
962 1140 1404 1276 CHlllllllS

508 1338 1121 1473 llllillllllllllllllll.

686 1739 712 1808 C
730 1738 763 1807 A
781 1737 807 1807 P
823 1735 893 1807 [r
920 1734 944 1806 l.

455 1874 502 1958 os
527 1877 652 1958 salu
679 1877 831 1960 ursas
857 1878 989 1983 quque
1015 1876 1182 1957 armus

244 2050 374 2111 Primum
400 2054 475 2112 sciat
496 2052 604 2128 lector,
638 2054 785 2131 exemplar
806 2072 902 2115 mcum
925 2054 955 2111 in
985 2054 1078 2112 iorma
1104 2052 1167 2110 lolii
1195 2053 1336 2125 seriptum
1369 2047 1432 2107 isi

138 2138 231 2199 luisse
245 2136 276 2195 in
302 2139 479 2199 vestibulum
494 2140 636 2200 chiliadis
658 2152 688 2200 ct
709 2144 738 2199 in
754 2141 889 2201 Chiliada
911 2144 1014 2219 ipsam.
1053 2140 1087 2198 ln
1104 2137 1283 2197 vestibulum
1304 2152 1432 2196 aem

139 2224 234 2285 lineae
250 2232 302 2296 00,
325 2237 358 2285 nt
373 2225 515 2287 chiliadis
530 2231 620 2306 ipsius
643 2232 812 2306 principium
834 2230 979 2290 habeatur
1001 2229 1052 2297 ihi,
1076 2228 1127 2285 uhi
1147 2236 1193 2285 cst
1213 2241 1352 2283 uumerus
1370 2228 1432 2283 too

139 2312 206 2373 Hac
226 2316 386 2373 monitione
408 2330 483 2392 opus
506 2328 566 2389 est,
593 2334 661 2375 narn
683 2317 821 2376 vestibuli
843 2335 902 2374 non
925 2326 971 2376 est
993 2315 1098 2374 eadem
1120 2315 1342 2391 proportionum
1364 2326 1432 2387 serp

139 2416 216 2479 quae
238 2399 381 2461 Chiliadis
404 2405 509 2479 ipsius,
534 2412 567 2463 ut
588 2414 710 2480 apparet
731 2422 766 2463 cx
789 2405 860 2481 ipsis
883 2403 1138 2480 Logarithmorum
1162 2400 1348 2470 differentiis,
1371 2414 1432 2474 qu

138 2490 228 2549 series
258 2498 362 2565 quater
389 2490 427 2548 ad
457 2490 534 2548 idem
562 2493 715 2550 revertitur
743 2493 864 2551 initium.
908 2490 1005 2566 Quare
1033 2507 1088 2548 nee
1115 2491 1212 2565 potuit
1233 2504 1299 2545 esse
1321 2486 1432 2544 ususi

141 2578 228 2635 trium
250 2575 450 2635 columnarum
473 2579 502 2633 in
525 2578 681 2651 vestibulo,
704 2581 753 2655 qui
776 2581 805 2636 in
829 2577 972 2647 chiliade,
996 2594 1091 2652 caque
1115 2575 1151 2634 de
1174 2592 1265 2633 eausa
1284 2573 1432 2632 relictaer

140 2670 293 2737 vacantem
316 2662 443 2741 deniquo
457 2672 551 2725 totum
566 2664 742 2725 vestibulum
757 2666 861 2726 abesse
876 2674 986 2742 posset,
1003 2667 1059 2722 nisi
1074 2665 1170 2740 eapite
1185 2672 1292 2722 oetaso
1308 2661 1432 2720 tribuent

138 2749 169 2811 id
183 2751 432 2833 easetlaualogiae
447 2769 514 2811 eum
536 2753 718 2813 arithmetica
732 2755 878 2812 communi
901 2762 931 2812 et
945 2754 1134 2828 integrationi
1149 2765 1335 2808 numerorum
1351 2748 1432 2806 omui

241 2836 312 2897 Jam
334 2839 486 2899 columnas
509 2839 651 2900 Cirrlradis
674 2857 763 2918 ipsius
786 2839 870 2898 sides
892 2857 957 2898 esse
980 2843 1120 2915 quinque,
1143 2837 1237 2896 lineas
1259 2835 1350 2895 mille.
1395 2833 1432 2893 l’r

138 2932 184 2985 est
198 2925 334 2985 columna
355 2943 475 2985 arcuum
489 2928 668 3002 quadrantis,
691 2930 740 3003 qui
760 2926 869 2987 habent
885 2945 937 3004 pro
952 2927 1075 2985 sinubus
1098 2925 1242 2983 rotundos
1257 2922 1325 2980 illos
1347 2938 1432 2982 semu

139 3011 292 3074 columnae
314 3030 459 3073 numeros.
498 3018 591 3074 Areus
615 3017 662 3073 isti
685 3024 753 3073 sunt
775 3016 904 3091 expressi
928 3016 1019 3073 ternis
1042 3013 1189 3084 membris,
1212 3028 1264 3088 per
1284 3018 1398 3086 puncta
1418 3012 1432 3066 i

138 3117 171 3160 se
186 3098 328 3175 diseretis,
353 3104 381 3159 in
398 3103 492 3179 primo
511 3112 580 3161 sunt
593 3102 708 3179 gradus,
731 3103 760 3158 in
777 3101 906 3161 secundo
922 3100 1060 3177 scrupula
1074 3103 1177 3177 prima,
1203 3102 1232 3156 in
1246 3101 1333 3156 tertio
1355 3113 1432 3174 sen]

138 3187 276 3263 secunda,
300 3206 392 3267 quas,
426 3206 492 3248 eum
512 3192 574 3249 suis
597 3192 687 3249 tertiis
710 3195 739 3247 et
761 3191 872 3264 quartis
895 3196 1028 3261 careant,
1058 3205 1118 3246 nou
1142 3194 1266 3264 possunt
1287 3191 1396 3243 exacta
1417 3200 1432 3243 e

137 3284 341 3353 praeterquam
370 3277 397 3333 in
422 3279 506 3336 unioo
530 3295 599 3336 arou
623 3276 680 3337 30⁰
709 3279 796 3352 inque
825 3276 882 3334 fine
912 3276 1097 3351 quadrantis;
1133 3290 1301 3350 quanquam
1323 3273 1428 3348 inepta

138 3381 208 3423 cura
235 3362 271 3423 de
300 3371 381 3441 parte
405 3365 491 3423 unius
522 3363 656 3435 secundi,
689 3380 753 3421 cum
783 3365 848 3439 ipsa
878 3363 1039 3439 applicatio
1070 3380 1189 3420 arcuum
1220 3361 1324 3418 horurn
1352 3357 1392 3416 ad
1421 3376 1432 3416 s

137 3450 240 3523 lineas,
265 3450 397 3510 rotundis
411 3453 538 3510 numeris
554 3468 706 3528 expressas
721 3467 815 3526 eoque
829 3450 969 3520 affabiles,
991 3467 1049 3508 non
1065 3452 1104 3507 ait
1119 3458 1220 3508 secuta
1234 3446 1432 3505 demonstrati

138 3538 263 3613 alicujus
286 3537 495 3609 subtilitatem,
529 3538 581 3597 sed
604 3538 697 3597 solum
720 3537 890 3614 popularem
914 3537 1130 3613 inquisitionem
1154 3536 1244 3612 partis
1266 3533 1432 3611 proportior

138 3642 174 3684 ex
197 3641 307 3684 corrone
330 3628 456 3685 sinuum.
501 3624 605 3701 ltaque
628 3625 688 3684 fieri
711 3634 823 3700 potest,
846 3627 1016 3700 praesertim
1039 3627 1116 3682 eirca
1139 3623 1225 3681 finem
1248 3620 1432 3697 quadrantis,

139 3711 275 3788 scrupula
306 3710 435 3771 secunda
465 3712 592 3788 paucula
621 3714 729 3789 passim
761 3711 807 3770 sel
839 3710 976 3770 deficiant
1005 3711 1053 3769 sel
1083 3710 1241 3770 abundent
1287 3708 1368 3766 iuter
1399 3707 1432 3766 lir

138 3801 265 3858 insertae
300 3808 369 3857 sunt
401 3797 595 3872 differentiae,
633 3807 760 3876 quantae
792 3799 918 3858 arcubus
949 3816 1001 3875 per
1034 3798 1166 3873 singulas
1199 3795 1371 3855 millesimus
1404 3802 1432 3854 to

138 3885 345 3946 semidiametri
368 3896 551 3961 accrescunt3
575 3904 674 3946 earum
697 3887 817 3945 minima
839 3888 867 3943 in
890 3887 1033 3962 principio
1057 3884 1228 3961 quadrantis
1252 3890 1298 3943 est
1317 3886 1349 3942 δ’
1365 3880 1429 3942 triu

139 3977 266 4034 maxima
298 3975 326 4031 in
355 3973 411 4032 fine
441 3973 610 4050 quadrantis
639 3982 684 4034 est
716 3972 787 4033 153‘
816 3971 877 4032 45⁶
907 3990 959 4032 seu
990 3970 1025 4032 2⁰
1055 3972 1116 4032 33¹‘
1147 3971 1221 4044 45“,
1255 3969 1432 4050 quadragesi

139 4061 294 4139 quintupla
316 4062 461 4121 minimae.

243 4147 380 4224 Sequitur
410 4146 538 4208 secunda
565 4146 701 4207 columna
728 4163 911 4206 numerorum
939 4149 1069 4224 ipsorum
1092 4142 1290 4204 rotundorum.
1337 4141 1432 4203 Rotut

138 4234 185 4294 hic
208 4233 339 4313 appello,
372 4236 421 4311 qui
446 4237 593 4294 continent
615 4244 716 4295 exacte
738 4242 836 4311 partes
859 4232 1029 4293 millesimus
1051 4236 1097 4291 sui
1121 4233 1239 4290 maximi
1263 4233 1292 4287 in
1316 4229 1374 4290 line
1396 4247 1432 4308 po

139 4321 252 4382 scilieet
277 4327 471 4394 100000.00‚
501 4320 557 4381 boo
587 4329 647 4381 est:
681 4320 798 4380 rotundi
828 4321 989 4395 habentur,
1023 4323 1073 4397 qui
1104 4321 1294 4378 terminantur
1317 4321 1345 4375 in
1370 4335 1432 4395 qua

139 4409 290 4468 minimum
314 4408 439 4487 cypbras
461 4408 610 4481 rotundas,
634 4408 729 4467 nullas
753 4407 853 4467 dictas.

244 4496 380 4556 Vicissim
403 4498 515 4556 numeri
530 4494 691 4573 scrupulosi
707 4495 851 4555 habentur
865 4503 999 4572 respectu
1022 4493 1155 4554 chiliadis
1170 4493 1267 4568 hujus,
1291 4493 1342 4568 qui
1358 4491 1432 4552 desis

139 4585 169 4642 in
193 4584 318 4661 cyphras
341 4584 568 4661 significativas,
599 4591 651 4642 ant
673 4585 722 4659 qui
746 4584 840 4640 minus
863 4599 949 4657 quam
974 4592 1100 4659 quatuor
1123 4579 1219 4638 nullas
1241 4579 1352 4638 hahent
1375 4580 1432 4638 ini

140 4666 181 4729 lit
204 4676 363 4731 9600000
394 4681 438 4732 est
464 4669 619 4744 rotundus,
655 4671 697 4729 sie
719 4672 806 4730 etiam
830 4674 1006 4743 90000.00,
1039 4679 1070 4730 at
1094 4674 1253 4728 96350.00
1278 4674 1308 4726 et
1331 4672 1432 4727 sosoi

140 4764 171 4817 et
194 4762 352 4819 0000068
378 4765 408 4820 et
431 4762 591 4821 90000.οό
614 4764 683 4818 sunt
704 4755 876 4835 scrupulosi.
915 4757 1012 4834 Atque
1033 4757 1064 4816 hi
1079 4754 1195 4815 rotundi
1218 4760 1335 4816 nostrae
1351 4752 1432 4815 Chili
