<?xml version="1.0" encoding="UTF-8"?>
<!DOCTYPE html PUBLIC "-//W3C//DTD XHTML 1.0 Transitional//EN"
    "http://www.w3.org/TR/xhtml1/DTD/xhtml1-transitional.dtd">
<html xmlns="http://www.w3.org/1999/xhtml" xml:lang="en" lang="en">
 <head>
  <title>
</title>
<meta http-equiv="Content-Type" content="text/html;charset=utf-8" />
  <meta name='ocr-system' content='tesseract 3.04.00' />
  <meta name='ocr-capabilities' content='ocr_page ocr_carea ocr_par ocr_line ocrx_word'/>
</head>
<body>
  <div class='ocr_page' id='page_1' title='image "./joanniskepleria07frisgoog/joanniskepleria07frisgoog_0464.png"; bbox 0 0 3284 5520; ppageno 0'>
   <div class='ocr_carea' id='block_1_1' title="bbox 661 107 1484 180">
    <p class='ocr_par' dir='ltr' id='par_1_1' title="bbox 661 107 1484 180">
     <span class='ocr_line' id='line_1_1' title="bbox 661 107 1484 180; baseline -0.001 -16"><span class='ocrx_word' id='word_1_1' title='bbox 661 110 704 164; x_wconf 89' lang='lat' dir='ltr'>De</span> <span class='ocrx_word' id='word_1_2' title='bbox 721 107 959 180; x_wconf 82' lang='lat' dir='ltr'>Ephemeridibus.</span> <span class='ocrx_word' id='word_1_3' title='bbox 1418 108 1484 176; x_wconf 78' lang='lat'>447</span> 
     </span>
    </p>
   </div>
   <div class='ocr_carea' id='block_1_2' title="bbox 66 279 1485 493">
    <p class='ocr_par' dir='ltr' id='par_1_2' title="bbox 66 279 1485 493">
     <span class='ocr_line' id='line_1_2' title="bbox 81 279 1485 353; baseline 0 -18"><span class='ocrx_word' id='word_1_4' title='bbox 81 286 324 348; x_wconf 72' lang='lat' dir='ltr'>„prsmerldes</span> <span class='ocrx_word' id='word_1_5' title='bbox 342 285 576 348; x_wconf 68' lang='lat' dir='ltr'>brandenburgica</span> <span class='ocrx_word' id='word_1_6' title='bbox 594 301 715 336; x_wconf 85' lang='lat' dir='ltr'>annorum</span> <span class='ocrx_word' id='word_1_7' title='bbox 734 289 783 338; x_wconf 74' lang='lat'>60¹⁴</span> <span class='ocrx_word' id='word_1_8' title='bbox 803 285 933 353; x_wconf 75' lang='lat' dir='ltr'>(Treuiros.</span> <span class='ocrx_word' id='word_1_9' title='bbox 954 279 1032 347; x_wconf 78' lang='grc'>1609)</span> <span class='ocrx_word' id='word_1_10' title='bbox 1048 286 1104 344; x_wconf 77' lang='lat' dir='ltr'>inre</span> <span class='ocrx_word' id='word_1_11' title='bbox 1122 298 1168 334; x_wconf 93' lang='lat' dir='ltr'>sno</span> <span class='ocrx_word' id='word_1_12' title='bbox 1185 298 1213 335; x_wconf 90' lang='lat' dir='ltr'>se</span> <span class='ocrx_word' id='word_1_13' title='bbox 1231 285 1354 348; x_wconf 75' lang='lat' dir='ltr'>defendit,</span> <span class='ocrx_word' id='word_1_14' title='bbox 1381 299 1485 350; x_wconf 91' lang='lat' dir='ltr'>esmqns</span> 
     </span>
     <span class='ocr_line' id='line_1_3' title="bbox 72 352 1485 422; baseline 0.001 -18"><span class='ocrx_word' id='word_1_15' title='bbox 72 355 299 407; x_wconf 78' lang='lat' dir='ltr'>defensionem</span> <span class='ocrx_word' id='word_1_16' title='bbox 311 362 412 422; x_wconf 84' lang='lat' dir='ltr'>spectat</span> <span class='ocrx_word' id='word_1_17' title='bbox 423 356 539 418; x_wconf 65' lang='lat' dir='ltr'>bissinus</span> <span class='ocrx_word' id='word_1_18' title='bbox 552 359 642 419; x_wconf 87' lang='lat' dir='ltr'>verbis,</span> <span class='ocrx_word' id='word_1_19' title='bbox 663 372 725 421; x_wconf 85' lang='lat' dir='ltr'>quae</span> <span class='ocrx_word' id='word_1_20' title='bbox 744 360 770 406; x_wconf 92' lang='lat' dir='ltr'>in</span> <span class='ocrx_word' id='word_1_21' title='bbox 782 358 925 421; x_wconf 69' lang='lat' dir='ltr'>praemissis</span> <span class='ocrx_word' id='word_1_22' title='bbox 939 352 1053 418; x_wconf 85' lang='lat' dir='ltr'>epistolis</span> <span class='ocrx_word' id='word_1_23' title='bbox 1069 353 1211 409; x_wconf 89' lang='lat' dir='ltr'>attulimus.</span> <span class='ocrx_word' id='word_1_24' title='bbox 1240 357 1389 419; x_wconf 77' lang='lat' dir='ltr'>Responsio,</span> <span class='ocrx_word' id='word_1_25' title='bbox 1406 369 1485 421; x_wconf 82' lang='lat' dir='ltr'>qnam</span> 
     </span>
     <span class='ocr_line' id='line_1_4' title="bbox 66 421 1319 493; baseline 0.003 -18"><span class='ocrx_word' id='word_1_26' title='bbox 66 425 187 475; x_wconf 84' lang='lat' dir='ltr'>dicit</span> <span class='ocrx_word' id='word_1_27' title='bbox 206 426 334 491; x_wconf 63' lang='lat' dir='ltr'>Marinus,</span> <span class='ocrx_word' id='word_1_28' title='bbox 352 430 418 476; x_wconf 89' lang='lat' dir='ltr'>inest</span> <span class='ocrx_word' id='word_1_29' title='bbox 436 427 517 477; x_wconf 90' lang='lat' dir='ltr'>eidem</span> <span class='ocrx_word' id='word_1_30' title='bbox 534 428 607 491; x_wconf 90' lang='lat' dir='ltr'>libro,</span> <span class='ocrx_word' id='word_1_31' title='bbox 626 442 639 476; x_wconf 91' lang='lat' dir='ltr'>s</span> <span class='ocrx_word' id='word_1_32' title='bbox 656 442 707 493; x_wconf 86' lang='lat' dir='ltr'>qno</span> <span class='ocrx_word' id='word_1_33' title='bbox 725 426 829 490; x_wconf 88' lang='lat' dir='ltr'>Kepleri</span> <span class='ocrx_word' id='word_1_34' title='bbox 848 433 873 476; x_wconf 88' lang='lat' dir='ltr'>at</span> <span class='ocrx_word' id='word_1_35' title='bbox 890 425 988 487; x_wconf 76' lang='lat' dir='ltr'>Meginl</span> <span class='ocrx_word' id='word_1_36' title='bbox 1006 421 1127 487; x_wconf 72' lang='lat' dir='ltr'>epistolas</span> <span class='ocrx_word' id='word_1_37' title='bbox 1145 425 1319 479; x_wconf 88' lang='lat' dir='ltr'>desumslmus.</span> 
     </span>
    </p>
   </div>
   <div class='ocr_carea' id='block_1_3' title="bbox 36 516 1485 1221">
    <p class='ocr_par' dir='ltr' id='par_1_3' title="bbox 231 516 1484 591">
     <span class='ocr_line' id='line_1_5' title="bbox 231 516 1484 591; baseline -0.002 -16"><span class='ocrx_word' id='word_1_38' title='bbox 231 519 387 591; x_wconf 85' lang='lat' dir='ltr'>Responsio</span> <span class='ocrx_word' id='word_1_39' title='bbox 406 518 519 588; x_wconf 83' lang='lat' dir='ltr'>Kepleri</span> <span class='ocrx_word' id='word_1_40' title='bbox 542 519 578 575; x_wconf 90' lang='lat' dir='ltr'>ad</span> <span class='ocrx_word' id='word_1_41' title='bbox 594 520 699 588; x_wconf 83' lang='lat' dir='ltr'>Magini</span> <span class='ocrx_word' id='word_1_42' title='bbox 716 520 809 575; x_wconf 88' lang='lat' dir='ltr'>literas</span> <span class='ocrx_word' id='word_1_43' title='bbox 827 517 903 574; x_wconf 87' lang='lat' dir='ltr'>nulla</span> <span class='ocrx_word' id='word_1_44' title='bbox 921 523 1055 586; x_wconf 85' lang='lat' dir='ltr'>superest.</span> <span class='ocrx_word' id='word_1_45' title='bbox 1091 517 1246 574; x_wconf 89' lang='lat' dir='ltr'>Hansohius</span> <span class='ocrx_word' id='word_1_46' title='bbox 1263 518 1292 573; x_wconf 92' lang='lat' dir='ltr'>in</span> <span class='ocrx_word' id='word_1_47' title='bbox 1312 518 1391 574; x_wconf 77' lang='lat' dir='ltr'>»Vita</span> <span class='ocrx_word' id='word_1_48' title='bbox 1408 516 1484 588; x_wconf 88' lang='lat' dir='ltr'>Kep-</span> 
     </span>
    </p>

    <p class='ocr_par' dir='ltr' id='par_1_4' title="bbox 53 594 1484 749">
     <span class='ocr_line' id='line_1_6' title="bbox 53 594 1484 671; baseline 0 -17"><span class='ocrx_word' id='word_1_49' title='bbox 53 597 107 654; x_wconf 86' lang='lat'><strong>1</strong></span> <span class='ocrx_word' id='word_1_50' title='bbox 122 597 190 652; x_wconf 81' lang='lat' dir='ltr'>eri«</span> <span class='ocrx_word' id='word_1_51' title='bbox 212 598 384 671; x_wconf 72' lang='lat' dir='ltr'>mnditioncs</span> <span class='ocrx_word' id='word_1_52' title='bbox 403 596 504 654; x_wconf 88' lang='lat' dir='ltr'>similes</span> <span class='ocrx_word' id='word_1_53' title='bbox 522 597 692 667; x_wconf 77' lang='lat' dir='ltr'>exhibetis,</span> <span class='ocrx_word' id='word_1_54' title='bbox 711 613 779 667; x_wconf 90' lang='lat' dir='ltr'>quas</span> <span class='ocrx_word' id='word_1_55' title='bbox 797 596 933 665; x_wconf 85' lang='lat' dir='ltr'>Keplerus</span> <span class='ocrx_word' id='word_1_56' title='bbox 952 594 1061 664; x_wconf 82' lang='lat' dir='ltr'>Magino</span> <span class='ocrx_word' id='word_1_57' title='bbox 1080 599 1230 667; x_wconf 89' lang='lat' dir='ltr'>proposuit,</span> <span class='ocrx_word' id='word_1_58' title='bbox 1250 613 1337 667; x_wconf 89' lang='lat' dir='ltr'>neque</span> <span class='ocrx_word' id='word_1_59' title='bbox 1355 615 1418 654; x_wconf 84' lang='lat' dir='ltr'>vero</span> <span class='ocrx_word' id='word_1_60' title='bbox 1437 598 1484 654; x_wconf 93' lang='lat' dir='ltr'>ad·</span> 
     </span>
     <span class='ocr_line' id='line_1_7' title="bbox 62 672 1484 749; baseline -0.003 -15"><span class='ocrx_word' id='word_1_61' title='bbox 62 676 249 749; x_wconf 73' lang='lat' dir='ltr'>scripsit,</span> <span class='ocrx_word' id='word_1_62' title='bbox 268 677 309 732; x_wconf 89' lang='lat' dir='ltr'>uti</span> <span class='ocrx_word' id='word_1_63' title='bbox 326 677 394 733; x_wconf 89' lang='lat' dir='ltr'>alias</span> <span class='ocrx_word' id='word_1_64' title='bbox 414 683 600 746; x_wconf 86' lang='lat' dir='ltr'>consueverat,</span> <span class='ocrx_word' id='word_1_65' title='bbox 619 677 816 745; x_wconf 87' lang='lat' dir='ltr'>anctoritatem,</span> <span class='ocrx_word' id='word_1_66' title='bbox 835 675 879 731; x_wconf 91' lang='lat' dir='ltr'>cui</span> <span class='ocrx_word' id='word_1_67' title='bbox 896 675 1027 729; x_wconf 87' lang='lat' dir='ltr'>innitetur</span> <span class='ocrx_word' id='word_1_68' title='bbox 1045 672 1098 727; x_wconf 87' lang='lat' dir='ltr'>ista</span> <span class='ocrx_word' id='word_1_69' title='bbox 1115 674 1244 735; x_wconf 89' lang='lat' dir='ltr'>reiercns.</span> <span class='ocrx_word' id='word_1_70' title='bbox 1277 676 1353 744; x_wconf 79' lang='lat' dir='ltr'>Quae</span> <span class='ocrx_word' id='word_1_71' title='bbox 1369 679 1399 732; x_wconf 90' lang='lat' dir='ltr'>in</span> <span class='ocrx_word' id='word_1_72' title='bbox 1410 676 1484 730; x_wconf 87' lang='lat' dir='ltr'>Han·</span> 
     </span>
    </p>

    <p class='ocr_par' dir='ltr' id='par_1_5' title="bbox 36 753 1485 1221">
     <span class='ocr_line' id='line_1_8' title="bbox 46 753 1484 826; baseline -0.001 -15"><span class='ocrx_word' id='word_1_73' title='bbox 46 753 201 811; x_wconf 75' lang='lat' dir='ltr'>senio</span> <span class='ocrx_word' id='word_1_74' title='bbox 220 770 239 809; x_wconf 92' lang='lat' dir='ltr'>a</span> <span class='ocrx_word' id='word_1_75' title='bbox 256 754 369 825; x_wconf 78' lang='lat' dir='ltr'>liepleri</span> <span class='ocrx_word' id='word_1_76' title='bbox 393 757 484 812; x_wconf 85' lang='lat' dir='ltr'>verbis</span> <span class='ocrx_word' id='word_1_77' title='bbox 509 754 665 826; x_wconf 87' lang='lat' dir='ltr'>discrepant</span> <span class='ocrx_word' id='word_1_78' title='bbox 687 756 730 811; x_wconf 81' lang='lat' dir='ltr'>rel</span> <span class='ocrx_word' id='word_1_79' title='bbox 752 756 785 810; x_wconf 89' lang='lat' dir='ltr'>iis</span> <span class='ocrx_word' id='word_1_80' title='bbox 810 754 903 810; x_wconf 85' lang='lat' dir='ltr'>addita</span> <span class='ocrx_word' id='word_1_81' title='bbox 926 760 1003 822; x_wconf 90' lang='lat' dir='ltr'>sunt,</span> <span class='ocrx_word' id='word_1_82' title='bbox 1028 753 1097 809; x_wconf 90' lang='lat' dir='ltr'>haec</span> <span class='ocrx_word' id='word_1_83' title='bbox 1115 763 1193 811; x_wconf 88' lang='lat' dir='ltr'>sunt:</span> <span class='ocrx_word' id='word_1_84' title='bbox 1223 755 1247 824; x_wconf 88' lang='grc'>1)</span> <span class='ocrx_word' id='word_1_85' title='bbox 1266 755 1374 811; x_wconf 90' lang='lat' dir='ltr'>Titulus</span> <span class='ocrx_word' id='word_1_86' title='bbox 1393 754 1484 826; x_wconf 90' lang='lat' dir='ltr'>operis</span> 
     </span>
     <span class='ocr_line' id='line_1_9' title="bbox 50 832 1483 906; baseline 0 -16"><span class='ocrx_word' id='word_1_87' title='bbox 50 840 199 890; x_wconf 79' lang='lat' dir='ltr'>esto:</span> <span class='ocrx_word' id='word_1_88' title='bbox 224 834 424 904; x_wconf 88' lang='lat' dir='ltr'>premerides</span> <span class='ocrx_word' id='word_1_89' title='bbox 443 834 580 904; x_wconf 78' lang='lat' dir='ltr'>perfectae</span> <span class='ocrx_word' id='word_1_90' title='bbox 598 851 633 891; x_wconf 87' lang='lat' dir='ltr'>ex</span> <span class='ocrx_word' id='word_1_91' title='bbox 652 835 885 891; x_wconf 87' lang='lat' dir='ltr'>observationibus</span> <span class='ocrx_word' id='word_1_92' title='bbox 904 834 1041 906; x_wconf 78' lang='lat' dir='ltr'>Tychonis</span> <span class='ocrx_word' id='word_1_93' title='bbox 1059 835 1163 903; x_wconf 91' lang='lat' dir='ltr'>Brahe,</span> <span class='ocrx_word' id='word_1_94' title='bbox 1182 832 1380 905; x_wconf 71' lang='lat' dir='ltr'>hypothesibus</span> <span class='ocrx_word' id='word_1_95' title='bbox 1399 842 1426 892; x_wconf 91' lang='lat' dir='ltr'>et</span> <span class='ocrx_word' id='word_1_96' title='bbox 1443 841 1483 890; x_wconf 86' lang='lat' dir='ltr'>ta·</span> 
     </span>
     <span class='ocr_line' id='line_1_10' title="bbox 36 910 1485 985; baseline 0.001 -18"><span class='ocrx_word' id='word_1_97' title='bbox 36 910 194 967; x_wconf 75' lang='lat' dir='ltr'>‘bulis</span> <span class='ocrx_word' id='word_1_98' title='bbox 219 912 346 984; x_wconf 86' lang='lat' dir='ltr'>Kepleri,</span> <span class='ocrx_word' id='word_1_99' title='bbox 370 913 475 969; x_wconf 91' lang='lat' dir='ltr'>calculo</span> <span class='ocrx_word' id='word_1_100' title='bbox 499 930 564 968; x_wconf 81' lang='lat' dir='ltr'>vero</span> <span class='ocrx_word' id='word_1_101' title='bbox 588 915 700 984; x_wconf 82' lang='lat' dir='ltr'>Magini.</span> <span class='ocrx_word' id='word_1_102' title='bbox 738 915 765 983; x_wconf 86' lang='grc'>2)</span> <span class='ocrx_word' id='word_1_103' title='bbox 783 917 821 971; x_wconf 85' lang='lat' dir='ltr'>lit</span> <span class='ocrx_word' id='word_1_104' title='bbox 843 931 925 985; x_wconf 90' lang='lat' dir='ltr'>super</span> <span class='ocrx_word' id='word_1_105' title='bbox 949 915 1133 983; x_wconf 83' lang='lat' dir='ltr'>innovatione,</span> <span class='ocrx_word' id='word_1_106' title='bbox 1158 913 1329 969; x_wconf 88' lang='lat' dir='ltr'>ordinatione</span> <span class='ocrx_word' id='word_1_107' title='bbox 1347 920 1374 969; x_wconf 90' lang='lat' dir='ltr'>ot</span> <span class='ocrx_word' id='word_1_108' title='bbox 1397 914 1485 968; x_wconf 85' lang='lat' dir='ltr'>iorms</span> 
     </span>
     <span class='ocr_line' id='line_1_11' title="bbox 44 988 1483 1063; baseline 0.001 -17"><span class='ocrx_word' id='word_1_109' title='bbox 44 988 208 1046; x_wconf 78' lang='lat' dir='ltr'>totius</span> <span class='ocrx_word' id='word_1_110' title='bbox 228 991 321 1059; x_wconf 89' lang='lat' dir='ltr'>operis</span> <span class='ocrx_word' id='word_1_111' title='bbox 339 990 410 1046; x_wconf 87' lang='lat' dir='ltr'>inter</span> <span class='ocrx_word' id='word_1_112' title='bbox 427 992 567 1063; x_wconf 78' lang='lat' dir='ltr'>blaginum</span> <span class='ocrx_word' id='word_1_113' title='bbox 585 1000 613 1048; x_wconf 88' lang='lat' dir='ltr'>et</span> <span class='ocrx_word' id='word_1_114' title='bbox 630 994 778 1062; x_wconf 87' lang='lat' dir='ltr'>Keplerum</span> <span class='ocrx_word' id='word_1_115' title='bbox 797 995 967 1051; x_wconf 81' lang='lat' dir='ltr'>conveniret:</span> <span class='ocrx_word' id='word_1_116' title='bbox 987 994 1032 1050; x_wconf 93' lang='lat' dir='ltr'>ubi</span> <span class='ocrx_word' id='word_1_117' title='bbox 1051 994 1116 1063; x_wconf 90' lang='lat' dir='ltr'>quid</span> <span class='ocrx_word' id='word_1_118' title='bbox 1134 991 1254 1061; x_wconf 87' lang='lat' dir='ltr'>Keplero</span> <span class='ocrx_word' id='word_1_119' title='bbox 1272 990 1406 1063; x_wconf 81' lang='lat' dir='ltr'>placeret,</span> <span class='ocrx_word' id='word_1_120' title='bbox 1424 993 1483 1048; x_wconf 85' lang='lat' dir='ltr'>Ma-</span> 
     </span>
     <span class='ocr_line' id='line_1_12' title="bbox 49 1068 1484 1141; baseline 0.002 -18"><span class='ocrx_word' id='word_1_121' title='bbox 49 1068 202 1137; x_wconf 74' lang='lat' dir='ltr'>giuo,</span> <span class='ocrx_word' id='word_1_122' title='bbox 229 1069 297 1138; x_wconf 88' lang='lat' dir='ltr'>qnid</span> <span class='ocrx_word' id='word_1_123' title='bbox 313 1070 423 1139; x_wconf 77' lang='lat' dir='ltr'>Magino</span> <span class='ocrx_word' id='word_1_124' title='bbox 442 1071 577 1139; x_wconf 78' lang='lat' dir='ltr'>placeret,</span> <span class='ocrx_word' id='word_1_125' title='bbox 603 1073 720 1141; x_wconf 88' lang='lat' dir='ltr'>Keplero</span> <span class='ocrx_word' id='word_1_126' title='bbox 740 1074 993 1129; x_wconf 90' lang='lat' dir='ltr'>communicandum</span> <span class='ocrx_word' id='word_1_127' title='bbox 1011 1079 1084 1129; x_wconf 89' lang='lat' dir='ltr'>esset</span> <span class='ocrx_word' id='word_1_128' title='bbox 1086 1111 1181 1129; x_wconf 84' lang='grc'><strong>.....</strong></span> <span class='ocrx_word' id='word_1_129' title='bbox 1218 1071 1243 1136; x_wconf 85' lang='grc'>6)</span> <span class='ocrx_word' id='word_1_130' title='bbox 1261 1068 1299 1125; x_wconf 90' lang='lat' dir='ltr'>Ut</span> <span class='ocrx_word' id='word_1_131' title='bbox 1317 1069 1484 1127; x_wconf 88' lang='lat' dir='ltr'>alteralteri</span> 
     </span>
     <span class='ocr_line' id='line_1_13' title="bbox 43 1146 1483 1221; baseline -0.001 -17"><span class='ocrx_word' id='word_1_132' title='bbox 43 1149 98 1204; x_wconf 79' lang='lat' dir='ltr'>i</span> <span class='ocrx_word' id='word_1_133' title='bbox 113 1146 222 1201; x_wconf 83' lang='lat' dir='ltr'>donee</span> <span class='ocrx_word' id='word_1_134' title='bbox 241 1156 363 1217; x_wconf 79' lang='lat' dir='ltr'>sereret,</span> <span class='ocrx_word' id='word_1_135' title='bbox 389 1157 501 1206; x_wconf 90' lang='lat' dir='ltr'>exorata</span> <span class='ocrx_word' id='word_1_136' title='bbox 519 1153 724 1207; x_wconf 84' lang='lat' dir='ltr'>confirmatione</span> <span class='ocrx_word' id='word_1_137' title='bbox 742 1153 948 1221; x_wconf 78' lang='lat' dir='ltr'>magistratuum</span> <span class='ocrx_word' id='word_1_138' title='bbox 966 1157 994 1207; x_wconf 87' lang='lat' dir='ltr'>et</span> <span class='ocrx_word' id='word_1_139' title='bbox 1011 1149 1203 1219; x_wconf 87' lang='lat' dir='ltr'>sponsionibus</span> <span class='ocrx_word' id='word_1_140' title='bbox 1220 1149 1483 1218; x_wconf 88' lang='lat' dir='ltr'>rerumpublicarum</span> 
     </span>
    </p>
   </div>
   <div class='ocr_carea' id='block_1_4' title="bbox 53 1224 1484 2089">
    <p class='ocr_par' dir='ltr' id='par_1_6' title="bbox 55 1224 1484 1381">
     <span class='ocr_line' id='line_1_14' title="bbox 56 1224 1484 1304; baseline 0.004 -23"><span class='ocrx_word' id='word_1_141' title='bbox 56 1224 251 1295; x_wconf 80' lang='lat' dir='ltr'>duarum,</span> <span class='ocrx_word' id='word_1_142' title='bbox 269 1226 379 1283; x_wconf 87' lang='lat' dir='ltr'>alterius</span> <span class='ocrx_word' id='word_1_143' title='bbox 392 1235 467 1286; x_wconf 91' lang='lat' dir='ltr'>trans</span> <span class='ocrx_word' id='word_1_144' title='bbox 480 1235 661 1302; x_wconf 79' lang='lat' dir='ltr'>Apenninum,</span> <span class='ocrx_word' id='word_1_145' title='bbox 680 1236 792 1291; x_wconf 86' lang='lat' dir='ltr'>alterius</span> <span class='ocrx_word' id='word_1_146' title='bbox 806 1236 874 1290; x_wconf 84' lang='lat' dir='ltr'>eitra</span> <span class='ocrx_word' id='word_1_147' title='bbox 889 1235 1071 1304; x_wconf 82' lang='lat' dir='ltr'>Apenninum,</span> <span class='ocrx_word' id='word_1_148' title='bbox 1090 1247 1157 1301; x_wconf 89' lang='lat' dir='ltr'>quas</span> <span class='ocrx_word' id='word_1_149' title='bbox 1174 1231 1245 1285; x_wconf 88' lang='lat' dir='ltr'>iuter</span> <span class='ocrx_word' id='word_1_150' title='bbox 1262 1230 1344 1285; x_wconf 89' lang='lat' dir='ltr'>bodie</span> <span class='ocrx_word' id='word_1_151' title='bbox 1362 1232 1484 1301; x_wconf 79' lang='lat' dir='ltr'>rigerent</span> 
     </span>
     <span class='ocr_line' id='line_1_15' title="bbox 55 1305 1021 1381; baseline 0.008 -24"><span class='ocrx_word' id='word_1_152' title='bbox 55 1305 296 1362; x_wconf 78' lang='lat' dir='ltr'>commercia.</span> <span class='ocrx_word' id='word_1_153' title='bbox 335 1308 432 1375; x_wconf 76' lang='lat' dir='ltr'>(Gomp.</span> <span class='ocrx_word' id='word_1_154' title='bbox 452 1316 586 1378; x_wconf 86' lang='lat' dir='ltr'>epistolam</span> <span class='ocrx_word' id='word_1_155' title='bbox 605 1317 694 1365; x_wconf 84' lang='lat' dir='ltr'>llorlrii</span> <span class='ocrx_word' id='word_1_156' title='bbox 712 1319 738 1365; x_wconf 95' lang='lat' dir='ltr'>in</span> <span class='ocrx_word' id='word_1_157' title='bbox 757 1316 884 1365; x_wconf 88' lang='lat' dir='ltr'>llanscbio</span> <span class='ocrx_word' id='word_1_158' title='bbox 903 1330 930 1378; x_wconf 88' lang='lat' dir='ltr'>p.</span> <span class='ocrx_word' id='word_1_159' title='bbox 949 1313 1021 1381; x_wconf 79' lang='grc'>486.)</span> 
     </span>
    </p>

    <p class='ocr_par' dir='ltr' id='par_1_7' title="bbox 53 1385 1481 1619">
     <span class='ocr_line' id='line_1_16' title="bbox 232 1385 1480 1459; baseline 0.006 -20"><span class='ocrx_word' id='word_1_160' title='bbox 232 1385 349 1440; x_wconf 84' lang='lat' dir='ltr'>Causam</span> <span class='ocrx_word' id='word_1_161' title='bbox 371 1386 519 1443; x_wconf 88' lang='lat' dir='ltr'>intermissi</span> <span class='ocrx_word' id='word_1_162' title='bbox 544 1391 732 1459; x_wconf 78' lang='lat' dir='ltr'>cunilagine</span> <span class='ocrx_word' id='word_1_163' title='bbox 757 1389 861 1459; x_wconf 81' lang='lat' dir='ltr'>negotii</span> <span class='ocrx_word' id='word_1_164' title='bbox 884 1389 943 1458; x_wconf 88' lang='lat' dir='ltr'>ipsa</span> <span class='ocrx_word' id='word_1_165' title='bbox 961 1387 1096 1457; x_wconf 86' lang='lat' dir='ltr'>Keplerus</span> <span class='ocrx_word' id='word_1_166' title='bbox 1121 1386 1206 1441; x_wconf 80' lang='lat' dir='ltr'>refert</span> <span class='ocrx_word' id='word_1_167' title='bbox 1223 1386 1325 1444; x_wconf 87' lang='lat' dir='ltr'>Simoni</span> <span class='ocrx_word' id='word_1_168' title='bbox 1342 1388 1430 1445; x_wconf 88' lang='lat' dir='ltr'>Mario</span> <span class='ocrx_word' id='word_1_169' title='bbox 1452 1391 1480 1446; x_wconf 93' lang='lat' dir='ltr'>in</span> 
     </span>
     <span class='ocr_line' id='line_1_17' title="bbox 58 1460 1481 1537; baseline 0.004 -20"><span class='ocrx_word' id='word_1_170' title='bbox 58 1460 249 1533; x_wconf 78' lang='lat' dir='ltr'>epistola,</span> <span class='ocrx_word' id='word_1_171' title='bbox 268 1463 345 1532; x_wconf 73' lang='lat' dir='ltr'>cnjus</span> <span class='ocrx_word' id='word_1_172' title='bbox 363 1471 468 1534; x_wconf 89' lang='lat' dir='ltr'>partem</span> <span class='ocrx_word' id='word_1_173' title='bbox 486 1468 615 1536; x_wconf 89' lang='lat' dir='ltr'>majorem</span> <span class='ocrx_word' id='word_1_174' title='bbox 635 1471 806 1526; x_wconf 83' lang='lat' dir='ltr'>exhibuimus</span> <span class='ocrx_word' id='word_1_175' title='bbox 824 1469 877 1525; x_wconf 82' lang='lat' dir='ltr'>vol.</span> <span class='ocrx_word' id='word_1_176' title='bbox 896 1468 932 1527; x_wconf 92' lang='lat' dir='ltr'>ll.</span> <span class='ocrx_word' id='word_1_177' title='bbox 952 1486 979 1537; x_wconf 92' lang='lat' dir='ltr'>p.</span> <span class='ocrx_word' id='word_1_178' title='bbox 998 1466 1059 1522; x_wconf 75' lang='lat'>473.</span> <span class='ocrx_word' id='word_1_179' title='bbox 1095 1464 1225 1520; x_wconf 89' lang='lat' dir='ltr'>Nicolaus</span> <span class='ocrx_word' id='word_1_180' title='bbox 1243 1465 1390 1522; x_wconf 83' lang='lat' dir='ltr'>Violenius</span> <span class='ocrx_word' id='word_1_181' title='bbox 1408 1467 1481 1537; x_wconf 81' lang='lat' dir='ltr'>liap-</span> 
     </span>
     <span class='ocr_line' id='line_1_18' title="bbox 53 1540 1481 1619; baseline 0.003 -22"><span class='ocrx_word' id='word_1_182' title='bbox 53 1543 107 1597; x_wconf 83' lang='lat'>1</span> <span class='ocrx_word' id='word_1_183' title='bbox 122 1557 177 1597; x_wconf 86' lang='lat' dir='ltr'>ero</span> <span class='ocrx_word' id='word_1_184' title='bbox 197 1540 281 1595; x_wconf 82' lang='lat' dir='ltr'>blasii</span> <span class='ocrx_word' id='word_1_185' title='bbox 308 1544 458 1600; x_wconf 86' lang='lat' dir='ltr'>transmisit</span> <span class='ocrx_word' id='word_1_186' title='bbox 484 1546 643 1619; x_wconf 89' lang='lat' dir='ltr'>epistolam,</span> <span class='ocrx_word' id='word_1_187' title='bbox 670 1551 699 1603; x_wconf 90' lang='lat' dir='ltr'>in</span> <span class='ocrx_word' id='word_1_188' title='bbox 722 1549 776 1618; x_wconf 74' lang='lat' dir='ltr'>qua</span> <span class='ocrx_word' id='word_1_189' title='bbox 798 1551 867 1605; x_wconf 90' lang='lat' dir='ltr'>haec</span> <span class='ocrx_word' id='word_1_190' title='bbox 888 1547 1018 1618; x_wconf 82' lang='lat' dir='ltr'>legimus:</span> <span class='ocrx_word' id='word_1_191' title='bbox 1131 1544 1198 1612; x_wconf 78' lang='lat' dir='ltr'>Quis</span> <span class='ocrx_word' id='word_1_192' title='bbox 1222 1551 1286 1599; x_wconf 89' lang='lat' dir='ltr'>ante</span> <span class='ocrx_word' id='word_1_193' title='bbox 1310 1560 1353 1600; x_wconf 93' lang='lat' dir='ltr'>me</span> <span class='ocrx_word' id='word_1_194' title='bbox 1371 1545 1481 1602; x_wconf 88' lang='lat' dir='ltr'>tabulas</span> 
     </span>
    </p>

    <p class='ocr_par' dir='ltr' id='par_1_8' title="bbox 62 1620 1482 2089">
     <span class='ocr_line' id='line_1_19' title="bbox 77 1620 1481 1695; baseline 0.001 -18"><span class='ocrx_word' id='word_1_195' title='bbox 77 1620 272 1677; x_wconf 70' lang='lat' dir='ltr'>erectionis</span> <span class='ocrx_word' id='word_1_196' title='bbox 289 1630 318 1678; x_wconf 86' lang='lat' dir='ltr'>at</span> <span class='ocrx_word' id='word_1_197' title='bbox 334 1622 499 1695; x_wconf 86' lang='lat' dir='ltr'>directionis,</span> <span class='ocrx_word' id='word_1_198' title='bbox 518 1627 683 1682; x_wconf 88' lang='lat' dir='ltr'>Ptolemaico</span> <span class='ocrx_word' id='word_1_199' title='bbox 702 1629 782 1683; x_wconf 93' lang='lat' dir='ltr'>modo</span> <span class='ocrx_word' id='word_1_200' title='bbox 800 1623 997 1694; x_wconf 84' lang='lat' dir='ltr'>instituendae,</span> <span class='ocrx_word' id='word_1_201' title='bbox 1016 1638 1133 1691; x_wconf 88' lang='lat' dir='ltr'>uuquam</span> <span class='ocrx_word' id='word_1_202' title='bbox 1153 1622 1317 1693; x_wconf 80' lang='lat' dir='ltr'>publicavit?</span> <span class='ocrx_word' id='word_1_203' title='bbox 1344 1621 1481 1691; x_wconf 81' lang='lat' dir='ltr'>lieplerns</span> 
     </span>
     <span class='ocr_line' id='line_1_20' title="bbox 62 1698 1481 1774; baseline 0 -20"><span class='ocrx_word' id='word_1_204' title='bbox 62 1700 152 1755; x_wconf 80' lang='lat' dir='ltr'>de</span> <span class='ocrx_word' id='word_1_205' title='bbox 166 1700 283 1771; x_wconf 71' lang='lat' dir='ltr'>uagina</span> <span class='ocrx_word' id='word_1_206' title='bbox 300 1708 375 1757; x_wconf 89' lang='lat' dir='ltr'>reate</span> <span class='ocrx_word' id='word_1_207' title='bbox 393 1705 484 1773; x_wconf 90' lang='lat' dir='ltr'>sentit,</span> <span class='ocrx_word' id='word_1_208' title='bbox 504 1705 594 1774; x_wconf 87' lang='lat' dir='ltr'>ipsum</span> <span class='ocrx_word' id='word_1_209' title='bbox 612 1720 676 1758; x_wconf 90' lang='lat' dir='ltr'>suas</span> <span class='ocrx_word' id='word_1_210' title='bbox 695 1704 803 1760; x_wconf 89' lang='lat' dir='ltr'>tabulas</span> <span class='ocrx_word' id='word_1_211' title='bbox 822 1720 857 1758; x_wconf 89' lang='lat' dir='ltr'>ex</span> <span class='ocrx_word' id='word_1_212' title='bbox 875 1703 941 1759; x_wconf 92' lang='lat' dir='ltr'>meis</span> <span class='ocrx_word' id='word_1_213' title='bbox 961 1702 1057 1757; x_wconf 86' lang='lat' dir='ltr'>saltem</span> <span class='ocrx_word' id='word_1_214' title='bbox 1075 1700 1253 1770; x_wconf 86' lang='lat' dir='ltr'>descripsisse</span> <span class='ocrx_word' id='word_1_215' title='bbox 1270 1706 1355 1767; x_wconf 85' lang='lat' dir='ltr'>(errat</span> <span class='ocrx_word' id='word_1_216' title='bbox 1366 1700 1411 1754; x_wconf 91' lang='lat' dir='ltr'>hic</span> <span class='ocrx_word' id='word_1_217' title='bbox 1423 1698 1481 1754; x_wconf 87' lang='lat' dir='ltr'>lila-</span> 
     </span>
     <span class='ocr_line' id='line_1_21' title="bbox 69 1776 1482 1853; baseline 0 -20"><span class='ocrx_word' id='word_1_218' title='bbox 69 1779 188 1845; x_wconf 85' lang='lat' dir='ltr'>rius,</span> <span class='ocrx_word' id='word_1_219' title='bbox 206 1779 357 1848; x_wconf 87' lang='lat' dir='ltr'>Keplerum</span> <span class='ocrx_word' id='word_1_220' title='bbox 375 1799 435 1837; x_wconf 93' lang='lat' dir='ltr'>cum</span> <span class='ocrx_word' id='word_1_221' title='bbox 448 1782 580 1838; x_wconf 85' lang='lat' dir='ltr'>Viclsenio</span> <span class='ocrx_word' id='word_1_222' title='bbox 600 1783 778 1853; x_wconf 84' lang='lat' dir='ltr'>confundens,</span> <span class='ocrx_word' id='word_1_223' title='bbox 796 1782 843 1852; x_wconf 91' lang='lat' dir='ltr'>qui</span> <span class='ocrx_word' id='word_1_224' title='bbox 856 1782 975 1851; x_wconf 85' lang='lat' dir='ltr'>Keplero</span> <span class='ocrx_word' id='word_1_225' title='bbox 989 1781 1145 1849; x_wconf 89' lang='lat' dir='ltr'>scripserat,</span> <span class='ocrx_word' id='word_1_226' title='bbox 1167 1776 1275 1832; x_wconf 77' lang='lat' dir='ltr'>»tabula</span> <span class='ocrx_word' id='word_1_227' title='bbox 1286 1776 1391 1846; x_wconf 80' lang='lat' dir='ltr'>Magini</span> <span class='ocrx_word' id='word_1_228' title='bbox 1403 1777 1482 1833; x_wconf 88' lang='lat' dir='ltr'>aliter</span> 
     </span>
     <span class='ocr_line' id='line_1_22' title="bbox 65 1856 1479 1933; baseline 0.001 -22"><span class='ocrx_word' id='word_1_229' title='bbox 65 1863 161 1913; x_wconf 79' lang='lat' dir='ltr'>est</span> <span class='ocrx_word' id='word_1_230' title='bbox 180 1856 300 1915; x_wconf 79' lang='lat' dir='ltr'>formata</span> <span class='ocrx_word' id='word_1_231' title='bbox 318 1877 399 1928; x_wconf 86' lang='lat' dir='ltr'>quam</span> <span class='ocrx_word' id='word_1_232' title='bbox 410 1862 499 1930; x_wconf 83' lang='lat' dir='ltr'>Marii,</span> <span class='ocrx_word' id='word_1_233' title='bbox 518 1862 568 1918; x_wconf 90' lang='lat' dir='ltr'>scd</span> <span class='ocrx_word' id='word_1_234' title='bbox 585 1864 674 1933; x_wconf 91' lang='lat' dir='ltr'>credo,</span> <span class='ocrx_word' id='word_1_235' title='bbox 693 1864 831 1931; x_wconf 79' lang='lat' dir='ltr'>Maginum</span> <span class='ocrx_word' id='word_1_236' title='bbox 845 1878 862 1917; x_wconf 95' lang='lat' dir='ltr'>a</span> <span class='ocrx_word' id='word_1_237' title='bbox 876 1863 962 1917; x_wconf 80' lang='lat' dir='ltr'>biario</span> <span class='ocrx_word' id='word_1_238' title='bbox 981 1868 1157 1928; x_wconf 74' lang='lat' dir='ltr'>mutuatum«</span> <span class='ocrx_word' id='word_1_239' title='bbox 1179 1866 1207 1913; x_wconf 90' lang='lat' dir='ltr'>ct</span> <span class='ocrx_word' id='word_1_240' title='bbox 1224 1859 1267 1913; x_wconf 89' lang='lat' dir='ltr'>cui</span> <span class='ocrx_word' id='word_1_241' title='bbox 1285 1858 1421 1928; x_wconf 78' lang='lat' dir='ltr'>liepIerus</span> <span class='ocrx_word' id='word_1_242' title='bbox 1438 1874 1479 1913; x_wconf 92' lang='lat' dir='ltr'>re·</span> 
     </span>
     <span class='ocr_line' id='line_1_23' title="bbox 72 1935 1479 2011; baseline 0.002 -22"><span class='ocrx_word' id='word_1_243' title='bbox 72 1936 248 2005; x_wconf 72' lang='lat' dir='ltr'>spondit:</span> <span class='ocrx_word' id='word_1_244' title='bbox 275 1938 309 1994; x_wconf 89' lang='lat' dir='ltr'>de</span> <span class='ocrx_word' id='word_1_245' title='bbox 327 1940 406 1995; x_wconf 81' lang='lat' dir='ltr'>blasii</span> <span class='ocrx_word' id='word_1_246' title='bbox 423 1940 523 1996; x_wconf 88' lang='lat' dir='ltr'>tabulis</span> <span class='ocrx_word' id='word_1_247' title='bbox 542 1942 695 2011; x_wconf 86' lang='lat' dir='ltr'>disceptare</span> <span class='ocrx_word' id='word_1_248' title='bbox 713 1941 826 1997; x_wconf 90' lang='lat' dir='ltr'>ulterius</span> <span class='ocrx_word' id='word_1_249' title='bbox 844 1941 949 1996; x_wconf 90' lang='lat' dir='ltr'>animus</span> <span class='ocrx_word' id='word_1_250' title='bbox 967 1938 1033 1993; x_wconf 90' lang='lat' dir='ltr'>mihi</span> <span class='ocrx_word' id='word_1_251' title='bbox 1050 1953 1105 1992; x_wconf 91' lang='lat' dir='ltr'>non</span> <span class='ocrx_word' id='word_1_252' title='bbox 1123 1942 1181 2002; x_wconf 88' lang='lat' dir='ltr'>est,</span> <span class='ocrx_word' id='word_1_253' title='bbox 1200 1936 1303 1992; x_wconf 84' lang='lat' dir='ltr'>sufficit</span> <span class='ocrx_word' id='word_1_254' title='bbox 1321 1935 1395 2005; x_wconf 91' lang='lat' dir='ltr'>quod</span> <span class='ocrx_word' id='word_1_255' title='bbox 1413 1936 1479 2008; x_wconf 85' lang='lat' dir='ltr'>dixi,</span> 
     </span>
     <span class='ocr_line' id='line_1_24' title="bbox 67 2012 1478 2089; baseline 0.003 -21"><span class='ocrx_word' id='word_1_256' title='bbox 67 2012 308 2072; x_wconf 74' lang='lat' dir='ltr'>incommodas</span> <span class='ocrx_word' id='word_1_257' title='bbox 326 2033 387 2073; x_wconf 90' lang='lat' dir='ltr'>csse</span> <span class='ocrx_word' id='word_1_258' title='bbox 406 2036 457 2076; x_wconf 90' lang='lat' dir='ltr'>usu</span> <span class='ocrx_word' id='word_1_259' title='bbox 476 2027 528 2078; x_wconf 88' lang='lat' dir='ltr'>ete.</span> <span class='ocrx_word' id='word_1_260' title='bbox 548 2022 597 2074; x_wconf 86' lang='lat' dir='ltr'>vol.</span> <span class='ocrx_word' id='word_1_261' title='bbox 617 2025 638 2078; x_wconf 88' lang='lat'>1.</span> <span class='ocrx_word' id='word_1_262' title='bbox 658 2021 732 2089; x_wconf 78' lang='grc'>367).</span> <span class='ocrx_word' id='word_1_263' title='bbox 766 2019 842 2075; x_wconf 90' lang='lat' dir='ltr'>Haec</span> <span class='ocrx_word' id='word_1_264' title='bbox 859 2019 931 2074; x_wconf 83' lang='lat' dir='ltr'>forta</span> <span class='ocrx_word' id='word_1_265' title='bbox 949 2024 1077 2089; x_wconf 87' lang='lat' dir='ltr'>spectans</span> <span class='ocrx_word' id='word_1_266' title='bbox 1095 2015 1231 2086; x_wconf 87' lang='lat' dir='ltr'>Keplerus</span> <span class='ocrx_word' id='word_1_267' title='bbox 1248 2016 1337 2070; x_wconf 82' lang='lat' dir='ltr'>Mario</span> <span class='ocrx_word' id='word_1_268' title='bbox 1356 2017 1478 2087; x_wconf 89' lang='lat' dir='ltr'>scripsit:</span> 
     </span>
    </p>
   </div>
   <div class='ocr_carea' id='block_1_5' title="bbox 10 2112 1480 3752">
    <p class='ocr_par' dir='ltr' id='par_1_9' title="bbox 73 2112 1480 2373">
     <span class='ocr_line' id='line_1_25' title="bbox 223 2112 1478 2198; baseline 0.003 -24"><span class='ocrx_word' id='word_1_269' title='bbox 223 2112 311 2190; x_wconf 88' lang='lat' dir='ltr'>Quod</span> <span class='ocrx_word' id='word_1_270' title='bbox 333 2116 500 2179; x_wconf 87' lang='lat' dir='ltr'>Tabulas</span> <span class='ocrx_word' id='word_1_271' title='bbox 531 2123 654 2196; x_wconf 87' lang='lat' dir='ltr'>attinet,</span> <span class='ocrx_word' id='word_1_272' title='bbox 688 2137 806 2198; x_wconf 89' lang='lat' dir='ltr'>possem</span> <span class='ocrx_word' id='word_1_273' title='bbox 836 2119 971 2196; x_wconf 91' lang='lat' dir='ltr'>equidem</span> <span class='ocrx_word' id='word_1_274' title='bbox 1002 2126 1032 2179; x_wconf 92' lang='lat' dir='ltr'>et</span> <span class='ocrx_word' id='word_1_275' title='bbox 1063 2135 1131 2195; x_wconf 82' lang='lat' dir='ltr'>ego</span> <span class='ocrx_word' id='word_1_276' title='bbox 1154 2119 1321 2178; x_wconf 88' lang='lat' dir='ltr'>Fabricium</span> <span class='ocrx_word' id='word_1_277' title='bbox 1352 2122 1478 2180; x_wconf 88' lang='lat' dir='ltr'>amicum</span> 
     </span>
     <span class='ocr_line' id='line_1_26' title="bbox 73 2205 1480 2285; baseline 0.004 -26"><span class='ocrx_word' id='word_1_278' title='bbox 73 2216 218 2260; x_wconf 79' lang='lat' dir='ltr'>neum</span> <span class='ocrx_word' id='word_1_279' title='bbox 240 2211 424 2279; x_wconf 84' lang='lat' dir='ltr'>praevertere</span> <span class='ocrx_word' id='word_1_280' title='bbox 449 2206 563 2268; x_wconf 86' lang='lat' dir='ltr'>edendo</span> <span class='ocrx_word' id='word_1_281' title='bbox 587 2207 750 2285; x_wconf 88' lang='lat' dir='ltr'>illas-quas</span> <span class='ocrx_word' id='word_1_282' title='bbox 770 2208 832 2284; x_wconf 89' lang='lat' dir='ltr'>jam</span> <span class='ocrx_word' id='word_1_283' title='bbox 855 2206 951 2267; x_wconf 90' lang='lat' dir='ltr'>babeo</span> <span class='ocrx_word' id='word_1_284' title='bbox 973 2214 1100 2284; x_wconf 78' lang='lat' dir='ltr'>puatas.</span> <span class='ocrx_word' id='word_1_285' title='bbox 1140 2207 1181 2264; x_wconf 88' lang='lat' dir='ltr'>At</span> <span class='ocrx_word' id='word_1_286' title='bbox 1196 2208 1243 2266; x_wconf 89' lang='lat' dir='ltr'>oui</span> <span class='ocrx_word' id='word_1_287' title='bbox 1259 2205 1361 2265; x_wconf 78' lang='lat' dir='ltr'>bono?</span> <span class='ocrx_word' id='word_1_288' title='bbox 1383 2206 1480 2266; x_wconf 91' lang='lat' dir='ltr'>Nimi-</span> 
     </span>
     <span class='ocr_line' id='line_1_27' title="bbox 75 2290 1478 2373; baseline 0.005 -26"><span class='ocrx_word' id='word_1_289' title='bbox 75 2303 183 2347; x_wconf 75' lang='lat' dir='ltr'>rum</span> <span class='ocrx_word' id='word_1_290' title='bbox 205 2296 241 2348; x_wconf 94' lang='lat' dir='ltr'>nt</span> <span class='ocrx_word' id='word_1_291' title='bbox 263 2307 377 2350; x_wconf 91' lang='lat' dir='ltr'>rursum</span> <span class='ocrx_word' id='word_1_292' title='bbox 393 2290 539 2370; x_wconf 85' lang='lat' dir='ltr'>Origanus</span> <span class='ocrx_word' id='word_1_293' title='bbox 562 2302 613 2354; x_wconf 90' lang='lat' dir='ltr'>aut</span> <span class='ocrx_word' id='word_1_294' title='bbox 633 2294 771 2373; x_wconf 85' lang='lat' dir='ltr'>Maginus</span> <span class='ocrx_word' id='word_1_295' title='bbox 794 2295 910 2371; x_wconf 90' lang='lat' dir='ltr'>aliquas</span> <span class='ocrx_word' id='word_1_296' title='bbox 933 2296 1039 2352; x_wconf 90' lang='lat' dir='ltr'>mixtas</span> <span class='ocrx_word' id='word_1_297' title='bbox 1063 2294 1147 2352; x_wconf 91' lang='lat' dir='ltr'>nobis</span> <span class='ocrx_word' id='word_1_298' title='bbox 1170 2292 1308 2352; x_wconf 87' lang='lat' dir='ltr'>obtrudat</span> <span class='ocrx_word' id='word_1_299' title='bbox 1329 2293 1478 2371; x_wconf 81' lang='lat' dir='ltr'>Episemo-</span> 
     </span>
    </p>

    <p class='ocr_par' dir='ltr' id='par_1_10' title="bbox 10 2375 1478 3752">
     <span class='ocr_line' id='line_1_28' title="bbox 93 2375 1478 2460; baseline 0.007 -28"><span class='ocrx_word' id='word_1_300' title='bbox 93 2375 225 2437; x_wconf 75' lang='lat' dir='ltr'>1ides‘?</span> <span class='ocrx_word' id='word_1_301' title='bbox 249 2375 346 2457; x_wconf 84' lang='lat' dir='ltr'>(liaeo</span> <span class='ocrx_word' id='word_1_302' title='bbox 368 2383 445 2440; x_wconf 89' lang='lat' dir='ltr'>euim</span> <span class='ocrx_word' id='word_1_303' title='bbox 469 2384 543 2442; x_wconf 85' lang='lat' dir='ltr'>inter</span> <span class='ocrx_word' id='word_1_304' title='bbox 566 2383 659 2443; x_wconf 87' lang='lat' dir='ltr'>dictos</span> <span class='ocrx_word' id='word_1_305' title='bbox 683 2384 756 2443; x_wconf 92' lang='lat' dir='ltr'>duos</span> <span class='ocrx_word' id='word_1_306' title='bbox 780 2386 888 2442; x_wconf 84' lang='lat' dir='ltr'>exarsit</span> <span class='ocrx_word' id='word_1_307' title='bbox 911 2378 1080 2460; x_wconf 87' lang='lat' dir='ltr'>contentio.)</span> <span class='ocrx_word' id='word_1_308' title='bbox 1115 2380 1206 2440; x_wconf 91' lang='lat' dir='ltr'>Petiit</span> <span class='ocrx_word' id='word_1_309' title='bbox 1228 2398 1246 2439; x_wconf 91' lang='lat' dir='ltr'>a</span> <span class='ocrx_word' id='word_1_310' title='bbox 1267 2398 1313 2441; x_wconf 93' lang='lat' dir='ltr'>me</span> <span class='ocrx_word' id='word_1_311' title='bbox 1336 2379 1478 2457; x_wconf 82' lang='lat' dir='ltr'>Magiuus</span> 
     </span>
     <span class='ocr_line' id='line_1_29' title="bbox 88 2464 1478 2546; baseline 0.003 -23"><span class='ocrx_word' id='word_1_312' title='bbox 88 2472 190 2523; x_wconf 71' lang='lat' dir='ltr'>ante</span> <span class='ocrx_word' id='word_1_313' title='bbox 213 2464 364 2526; x_wconf 87' lang='lat' dir='ltr'>biennium</span> <span class='ocrx_word' id='word_1_314' title='bbox 386 2486 467 2528; x_wconf 88' lang='lat' dir='ltr'>meas</span> <span class='ocrx_word' id='word_1_315' title='bbox 490 2470 622 2546; x_wconf 87' lang='lat' dir='ltr'>tabulas,</span> <span class='ocrx_word' id='word_1_316' title='bbox 653 2478 683 2530; x_wconf 90' lang='lat' dir='ltr'>at</span> <span class='ocrx_word' id='word_1_317' title='bbox 706 2472 813 2546; x_wconf 83' lang='lat' dir='ltr'>negavi</span> <span class='ocrx_word' id='word_1_318' title='bbox 836 2472 863 2529; x_wconf 92' lang='lat' dir='ltr'>el</span> <span class='ocrx_word' id='word_1_319' title='bbox 887 2471 915 2527; x_wconf 93' lang='lat' dir='ltr'>in</span> <span class='ocrx_word' id='word_1_320' title='bbox 938 2470 1015 2528; x_wconf 90' lang='lat' dir='ltr'>hunc</span> <span class='ocrx_word' id='word_1_321' title='bbox 1039 2485 1136 2542; x_wconf 92' lang='lat' dir='ltr'>usum,</span> <span class='ocrx_word' id='word_1_322' title='bbox 1169 2470 1239 2545; x_wconf 89' lang='lat' dir='ltr'>quin</span> <span class='ocrx_word' id='word_1_323' title='bbox 1262 2470 1360 2544; x_wconf 92' lang='lat' dir='ltr'>potius</span> <span class='ocrx_word' id='word_1_324' title='bbox 1383 2469 1478 2529; x_wconf 90' lang='lat' dir='ltr'>obtuli</span> 
     </span>
     <span class='ocr_line' id='line_1_30' title="bbox 94 2550 1477 2634; baseline 0.004 -24"><span class='ocrx_word' id='word_1_325' title='bbox 94 2550 318 2613; x_wconf 72' lang='lat' dir='ltr'>conditionem</span> <span class='ocrx_word' id='word_1_326' title='bbox 350 2557 611 2634; x_wconf 89' lang='lat' dir='ltr'>computandarum</span> <span class='ocrx_word' id='word_1_327' title='bbox 642 2560 672 2616; x_wconf 89' lang='lat' dir='ltr'>iu</span> <span class='ocrx_word' id='word_1_328' title='bbox 703 2574 855 2619; x_wconf 90' lang='lat' dir='ltr'>commuue</span> <span class='ocrx_word' id='word_1_329' title='bbox 886 2555 1111 2634; x_wconf 86' lang='lat' dir='ltr'>Ephemeridum</span> <span class='ocrx_word' id='word_1_330' title='bbox 1140 2572 1210 2633; x_wconf 89' lang='lat' dir='ltr'>pure</span> <span class='ocrx_word' id='word_1_331' title='bbox 1233 2555 1477 2633; x_wconf 78' lang='lat' dir='ltr'>Tychouicarum,</span> 
     </span>
     <span class='ocr_line' id='line_1_31' title="bbox 92 2636 1477 2722; baseline 0.005 -27"><span class='ocrx_word' id='word_1_332' title='bbox 92 2636 295 2716; x_wconf 87' lang='lat' dir='ltr'>lapsumque</span> <span class='ocrx_word' id='word_1_333' title='bbox 318 2649 362 2700; x_wconf 90' lang='lat' dir='ltr'>est</span> <span class='ocrx_word' id='word_1_334' title='bbox 384 2641 539 2718; x_wconf 90' lang='lat' dir='ltr'>plurimum</span> <span class='ocrx_word' id='word_1_335' title='bbox 564 2647 702 2722; x_wconf 86' lang='lat' dir='ltr'>temporis</span> <span class='ocrx_word' id='word_1_336' title='bbox 725 2647 840 2722; x_wconf 85' lang='lat' dir='ltr'>legibus</span> <span class='ocrx_word' id='word_1_337' title='bbox 862 2643 1033 2703; x_wconf 85' lang='lat' dir='ltr'>scribendis.</span> <span class='ocrx_word' id='word_1_338' title='bbox 1073 2643 1205 2702; x_wconf 89' lang='lat' dir='ltr'>Tandem</span> <span class='ocrx_word' id='word_1_339' title='bbox 1221 2652 1323 2701; x_wconf 90' lang='lat' dir='ltr'>mutua</span> <span class='ocrx_word' id='word_1_340' title='bbox 1340 2642 1477 2704; x_wconf 82' lang='lat' dir='ltr'>difliden-</span> 
     </span>
     <span class='ocr_line' id='line_1_32' title="bbox 105 2723 1477 2809; baseline 0.008 -28"><span class='ocrx_word' id='word_1_341' title='bbox 105 2723 166 2782; x_wconf 77' lang='lat' dir='ltr'>tia</span> <span class='ocrx_word' id='word_1_342' title='bbox 185 2733 216 2785; x_wconf 87' lang='lat' dir='ltr'>et</span> <span class='ocrx_word' id='word_1_343' title='bbox 238 2728 333 2787; x_wconf 89' lang='lat' dir='ltr'>turbis</span> <span class='ocrx_word' id='word_1_344' title='bbox 354 2728 522 2791; x_wconf 87' lang='lat' dir='ltr'>Bohemicis</span> <span class='ocrx_word' id='word_1_345' title='bbox 545 2749 648 2792; x_wconf 83' lang='lat' dir='ltr'>eversa</span> <span class='ocrx_word' id='word_1_346' title='bbox 670 2741 714 2792; x_wconf 87' lang='lat' dir='ltr'>cst</span> <span class='ocrx_word' id='word_1_347' title='bbox 737 2734 811 2793; x_wconf 87' lang='lat' dir='ltr'>baec</span> <span class='ocrx_word' id='word_1_348' title='bbox 834 2735 908 2791; x_wconf 88' lang='lat' dir='ltr'>inter</span> <span class='ocrx_word' id='word_1_349' title='bbox 929 2748 983 2790; x_wconf 92' lang='lat' dir='ltr'>nos</span> <span class='ocrx_word' id='word_1_350' title='bbox 1007 2732 1189 2808; x_wconf 88' lang='lat' dir='ltr'>compositio.</span> <span class='ocrx_word' id='word_1_351' title='bbox 1227 2728 1297 2790; x_wconf 82' lang='lat' dir='ltr'>Jam</span> <span class='ocrx_word' id='word_1_352' title='bbox 1320 2740 1477 2809; x_wconf 86' lang='lat' dir='ltr'>postquam</span> 
     </span>
     <span class='ocr_line' id='line_1_33' title="bbox 103 2809 1477 2897; baseline 0.008 -30"><span class='ocrx_word' id='word_1_353' title='bbox 103 2809 239 2875; x_wconf 68' lang='lat' dir='ltr'>volente</span> <span class='ocrx_word' id='word_1_354' title='bbox 256 2813 382 2878; x_wconf 83' lang='lat' dir='ltr'>Caesare</span> <span class='ocrx_word' id='word_1_355' title='bbox 405 2820 434 2876; x_wconf 90' lang='lat' dir='ltr'>iu</span> <span class='ocrx_word' id='word_1_356' title='bbox 457 2818 554 2879; x_wconf 93' lang='lat' dir='ltr'>locum</span> <span class='ocrx_word' id='word_1_357' title='bbox 578 2823 750 2897; x_wconf 88' lang='lat' dir='ltr'>quietiorem</span> <span class='ocrx_word' id='word_1_358' title='bbox 774 2838 820 2879; x_wconf 92' lang='lat' dir='ltr'>me</span> <span class='ocrx_word' id='word_1_359' title='bbox 842 2821 939 2896; x_wconf 82' lang='lat' dir='ltr'>recepi</span> <span class='ocrx_word' id='word_1_360' title='bbox 962 2822 1134 2894; x_wconf 88' lang='lat' dir='ltr'>sociumque</span> <span class='ocrx_word' id='word_1_361' title='bbox 1155 2836 1220 2878; x_wconf 91' lang='lat' dir='ltr'>snm</span> <span class='ocrx_word' id='word_1_362' title='bbox 1241 2826 1344 2877; x_wconf 87' lang='lat' dir='ltr'>nactus</span> <span class='ocrx_word' id='word_1_363' title='bbox 1371 2818 1477 2879; x_wconf 84' lang='lat' dir='ltr'>calculi</span> 
     </span>
     <span class='ocr_line' id='line_1_34' title="bbox 114 2899 1476 2984; baseline 0 -18"><span class='ocrx_word' id='word_1_364' title='bbox 114 2899 384 2979; x_wconf 67' lang='lat' dir='ltr'>(Berisamum),</span> <span class='ocrx_word' id='word_1_365' title='bbox 413 2924 515 2983; x_wconf 88' lang='lat' dir='ltr'>spero,</span> <span class='ocrx_word' id='word_1_366' title='bbox 547 2908 613 2967; x_wconf 89' lang='lat' dir='ltr'>Deo</span> <span class='ocrx_word' id='word_1_367' title='bbox 643 2910 733 2967; x_wconf 87' lang='lat' dir='ltr'>vitam</span> <span class='ocrx_word' id='word_1_368' title='bbox 756 2915 785 2968; x_wconf 89' lang='lat' dir='ltr'>et</span> <span class='ocrx_word' id='word_1_369' title='bbox 808 2909 899 2966; x_wconf 87' lang='lat' dir='ltr'>otium</span> <span class='ocrx_word' id='word_1_370' title='bbox 923 2914 1113 2984; x_wconf 85' lang='lat' dir='ltr'>prorogante,</span> <span class='ocrx_word' id='word_1_371' title='bbox 1146 2922 1200 2965; x_wconf 92' lang='lat' dir='ltr'>nos</span> <span class='ocrx_word' id='word_1_372' title='bbox 1223 2907 1298 2964; x_wconf 85' lang='lat' dir='ltr'>inira</span> <span class='ocrx_word' id='word_1_373' title='bbox 1321 2908 1476 2967; x_wconf 88' lang='lat' dir='ltr'>triennium</span> 
     </span>
     <span class='ocr_line' id='line_1_35' title="bbox 114 2982 1477 3071; baseline 0.009 -31"><span class='ocrx_word' id='word_1_374' title='bbox 114 2982 329 3060; x_wconf 83' lang='lat' dir='ltr'>premerides</span> <span class='ocrx_word' id='word_1_375' title='bbox 360 2991 512 3055; x_wconf 87' lang='lat' dir='ltr'>babituros</span> <span class='ocrx_word' id='word_1_376' title='bbox 541 2995 580 3055; x_wconf 91' lang='lat' dir='ltr'>ad</span> <span class='ocrx_word' id='word_1_377' title='bbox 610 3011 702 3054; x_wconf 90' lang='lat' dir='ltr'>annos</span> <span class='ocrx_word' id='word_1_378' title='bbox 727 3000 783 3068; x_wconf 80' lang='lat'>80,</span> <span class='ocrx_word' id='word_1_379' title='bbox 815 2996 898 3052; x_wconf 89' lang='lat' dir='ltr'>initio</span> <span class='ocrx_word' id='word_1_380' title='bbox 921 2995 958 3054; x_wconf 91' lang='lat' dir='ltr'>ab</span> <span class='ocrx_word' id='word_1_381' title='bbox 985 2994 1078 3053; x_wconf 80' lang='lat'>1582.</span> <span class='ocrx_word' id='word_1_382' title='bbox 1103 3000 1205 3069; x_wconf 88' lang='lat' dir='ltr'>capto,</span> <span class='ocrx_word' id='word_1_383' title='bbox 1239 2992 1356 3069; x_wconf 92' lang='lat' dir='ltr'>quando</span> <span class='ocrx_word' id='word_1_384' title='bbox 1380 2996 1477 3071; x_wconf 89' lang='lat' dir='ltr'>coepit</span> 
     </span>
     <span class='ocr_line' id='line_1_36' title="bbox 109 3067 1476 3161; baseline 0.006 -28"><span class='ocrx_word' id='word_1_385' title='bbox 109 3067 250 3135; x_wconf 74' lang='lat' dir='ltr'>liubans</span> <span class='ocrx_word' id='word_1_386' title='bbox 274 3077 432 3141; x_wconf 86' lang='lat' dir='ltr'>observare</span> <span class='ocrx_word' id='word_1_387' title='bbox 456 3092 548 3159; x_wconf 82' lang='lat' dir='ltr'>astra3</span> <span class='ocrx_word' id='word_1_388' title='bbox 573 3100 637 3142; x_wconf 91' lang='lat' dir='ltr'>cum</span> <span class='ocrx_word' id='word_1_389' title='bbox 661 3091 690 3141; x_wconf 90' lang='lat' dir='ltr'>et</span> <span class='ocrx_word' id='word_1_390' title='bbox 713 3083 776 3161; x_wconf 91' lang='lat' dir='ltr'>ipse</span> <span class='ocrx_word' id='word_1_391' title='bbox 799 3081 837 3140; x_wconf 91' lang='lat' dir='ltr'>ab</span> <span class='ocrx_word' id='word_1_392' title='bbox 861 3098 937 3140; x_wconf 91' lang='lat' dir='ltr'>anuo</span> <span class='ocrx_word' id='word_1_393' title='bbox 963 3086 1055 3141; x_wconf 84' lang='lat'>1593.</span> <span class='ocrx_word' id='word_1_394' title='bbox 1079 3082 1310 3139; x_wconf 83' lang='lat' dir='ltr'>continuaverim</span> <span class='ocrx_word' id='word_1_395' title='bbox 1333 3081 1476 3141; x_wconf 83' lang='lat' dir='ltr'>observa·</span> 
     </span>
     <span class='ocr_line' id='line_1_37' title="bbox 119 3154 1474 3246; baseline 0.008 -29"><span class='ocrx_word' id='word_1_396' title='bbox 119 3154 225 3221; x_wconf 77' lang='lat' dir='ltr'>tionem</span> <span class='ocrx_word' id='word_1_397' title='bbox 258 3172 454 3226; x_wconf 88' lang='lat' dir='ltr'>meteororum</span> <span class='ocrx_word' id='word_1_398' title='bbox 483 3172 512 3226; x_wconf 90' lang='lat' dir='ltr'>in</span> <span class='ocrx_word' id='word_1_399' title='bbox 543 3169 606 3231; x_wconf 91' lang='lat' dir='ltr'>dies</span> <span class='ocrx_word' id='word_1_400' title='bbox 635 3168 776 3246; x_wconf 86' lang='lat' dir='ltr'>singulos.</span> <span class='ocrx_word' id='word_1_401' title='bbox 822 3168 955 3228; x_wconf 89' lang='lat' dir='ltr'>Tabulae</span> <span class='ocrx_word' id='word_1_402' title='bbox 978 3166 1170 3244; x_wconf 87' lang='lat' dir='ltr'>Rudolpheae</span> <span class='ocrx_word' id='word_1_403' title='bbox 1200 3166 1358 3244; x_wconf 88' lang='lat' dir='ltr'>prodibunt</span> <span class='ocrx_word' id='word_1_404' title='bbox 1381 3168 1474 3228; x_wconf 85' lang='lat' dir='ltr'>serius</span> 
     </span>
     <span class='ocr_line' id='line_1_38' title="bbox 122 3250 1475 3340; baseline 0.005 -31"><span class='ocrx_word' id='word_1_405' title='bbox 122 3250 263 3340; x_wconf 63' lang='lat' dir='ltr'>manlio.</span> <span class='ocrx_word' id='word_1_406' title='bbox 310 3250 393 3314; x_wconf 84' lang='lat' dir='ltr'>Haec</span> <span class='ocrx_word' id='word_1_407' title='bbox 416 3263 444 3315; x_wconf 88' lang='lat' dir='ltr'>te</span> <span class='ocrx_word' id='word_1_408' title='bbox 468 3263 571 3333; x_wconf 83' lang='lat' dir='ltr'>siper</span> <span class='ocrx_word' id='word_1_409' title='bbox 594 3265 623 3316; x_wconf 90' lang='lat' dir='ltr'>te</span> <span class='ocrx_word' id='word_1_410' title='bbox 646 3258 813 3317; x_wconf 79' lang='lat' dir='ltr'>Fabricium</span> <span class='ocrx_word' id='word_1_411' title='bbox 835 3272 933 3315; x_wconf 91' lang='lat' dir='ltr'>meum</span> <span class='ocrx_word' id='word_1_412' title='bbox 954 3257 1028 3316; x_wconf 86' lang='lat' dir='ltr'>seire</span> <span class='ocrx_word' id='word_1_413' title='bbox 1043 3254 1135 3328; x_wconf 83' lang='lat' dir='ltr'>volui,</span> <span class='ocrx_word' id='word_1_414' title='bbox 1159 3257 1209 3331; x_wconf 92' lang='lat' dir='ltr'>qui</span> <span class='ocrx_word' id='word_1_415' title='bbox 1226 3254 1281 3312; x_wconf 89' lang='lat' dir='ltr'>nisi</span> <span class='ocrx_word' id='word_1_416' title='bbox 1296 3255 1475 3333; x_wconf 84' lang='lat' dir='ltr'>reipublicae</span> 
     </span>
     <span class='ocr_line' id='line_1_39' title="bbox 10 3322 1476 3422; baseline 0.005 -27"><span class='ocrx_word' id='word_1_417' title='bbox 10 3366 13 3371; x_wconf 94' lang='lat'>·</span> <span class='ocrx_word' id='word_1_418' title='bbox 123 3322 263 3398; x_wconf 74' lang='lat' dir='ltr'>hisauriae</span> <span class='ocrx_word' id='word_1_419' title='bbox 293 3348 323 3399; x_wconf 89' lang='lat' dir='ltr'>et</span> <span class='ocrx_word' id='word_1_420' title='bbox 352 3344 508 3419; x_wconf 89' lang='lat' dir='ltr'>marsupiis</span> <span class='ocrx_word' id='word_1_421' title='bbox 537 3361 699 3421; x_wconf 88' lang='lat' dir='ltr'>pauperum</span> <span class='ocrx_word' id='word_1_422' title='bbox 732 3352 965 3405; x_wconf 86' lang='lat' dir='ltr'>astronomorum</span> <span class='ocrx_word' id='word_1_423' title='bbox 993 3344 1086 3418; x_wconf 88' lang='lat' dir='ltr'>parcit</span> <span class='ocrx_word' id='word_1_424' title='bbox 1115 3341 1214 3422; x_wconf 88' lang='lat' dir='ltr'>(avide</span> <span class='ocrx_word' id='word_1_425' title='bbox 1243 3343 1319 3402; x_wconf 89' lang='lat' dir='ltr'>euim</span> <span class='ocrx_word' id='word_1_426' title='bbox 1342 3346 1476 3403; x_wconf 79' lang='lat' dir='ltr'>coliment</span> 
     </span>
     <span class='ocr_line' id='line_1_40' title="bbox 123 3410 1472 3511; baseline 0.006 -29"><span class='ocrx_word' id='word_1_427' title='bbox 123 3410 342 3511; x_wconf 63' lang='lat' dir='ltr'>lisbonenses,</span> <span class='ocrx_word' id='word_1_428' title='bbox 375 3431 481 3505; x_wconf 87' lang='lat' dir='ltr'>quibus</span> <span class='ocrx_word' id='word_1_429' title='bbox 505 3448 579 3490; x_wconf 88' lang='lat' dir='ltr'>unus</span> <span class='ocrx_word' id='word_1_430' title='bbox 603 3434 737 3509; x_wconf 90' lang='lat' dir='ltr'>insuper,</span> <span class='ocrx_word' id='word_1_431' title='bbox 767 3431 874 3491; x_wconf 92' lang='lat' dir='ltr'>nedum</span> <span class='ocrx_word' id='word_1_432' title='bbox 898 3440 956 3489; x_wconf 90' lang='lat' dir='ltr'>tres</span> <span class='ocrx_word' id='word_1_433' title='bbox 978 3428 1114 3506; x_wconf 88' lang='lat' dir='ltr'>planetae</span> <span class='ocrx_word' id='word_1_434' title='bbox 1138 3446 1173 3487; x_wconf 91' lang='lat' dir='ltr'>ex</span> <span class='ocrx_word' id='word_1_435' title='bbox 1197 3429 1313 3489; x_wconf 90' lang='lat' dir='ltr'>Braheo</span> <span class='ocrx_word' id='word_1_436' title='bbox 1337 3446 1472 3490; x_wconf 88' lang='lat' dir='ltr'>accesse-</span> 
     </span>
     <span class='ocr_line' id='line_1_41' title="bbox 122 3506 1473 3597; baseline 0.007 -29"><span class='ocrx_word' id='word_1_437' title='bbox 122 3506 199 3591; x_wconf 73' lang='lat' dir='ltr'>nnt),</span> <span class='ocrx_word' id='word_1_438' title='bbox 229 3512 302 3572; x_wconf 91' lang='lat' dir='ltr'>mihi</span> <span class='ocrx_word' id='word_1_439' title='bbox 326 3522 357 3573; x_wconf 88' lang='lat' dir='ltr'>ut</span> <span class='ocrx_word' id='word_1_440' title='bbox 379 3526 480 3593; x_wconf 85' lang='lat' dir='ltr'>parcat</span> <span class='ocrx_word' id='word_1_441' title='bbox 502 3535 560 3577; x_wconf 89' lang='lat' dir='ltr'>uon</span> <span class='ocrx_word' id='word_1_442' title='bbox 584 3527 628 3579; x_wconf 90' lang='lat' dir='ltr'>est</span> <span class='ocrx_word' id='word_1_443' title='bbox 651 3537 734 3597; x_wconf 90' lang='lat' dir='ltr'>opus.</span> <span class='ocrx_word' id='word_1_444' title='bbox 779 3518 857 3577; x_wconf 90' lang='lat' dir='ltr'>Edat</span> <span class='ocrx_word' id='word_1_445' title='bbox 880 3534 951 3577; x_wconf 90' lang='lat' dir='ltr'>sana</span> <span class='ocrx_word' id='word_1_446' title='bbox 973 3534 1043 3576; x_wconf 89' lang='lat' dir='ltr'>sues</span> <span class='ocrx_word' id='word_1_447' title='bbox 1066 3515 1198 3590; x_wconf 86' lang='lat' dir='ltr'>tabulas,</span> <span class='ocrx_word' id='word_1_448' title='bbox 1228 3524 1261 3574; x_wconf 89' lang='lat' dir='ltr'>ut</span> <span class='ocrx_word' id='word_1_449' title='bbox 1282 3516 1395 3577; x_wconf 81' lang='lat' dir='ltr'>fruatur</span> <span class='ocrx_word' id='word_1_450' title='bbox 1416 3517 1473 3577; x_wconf 88' lang='lat' dir='ltr'>hoo</span> 
     </span>
     <span class='ocr_line' id='line_1_42' title="bbox 119 3579 1475 3752; baseline 0.008 -96"><span class='ocrx_word' id='word_1_451' title='bbox 119 3579 227 3737; x_wconf 49' lang='lat' dir='ltr'>mre</span> <span class='ocrx_word' id='word_1_452' title='bbox 240 3607 381 3752; x_wconf 50' lang='lat' dir='ltr'>1rgra2tpre:</span> <span class='ocrx_word' id='word_1_453' title='bbox 414 3621 469 3682; x_wconf 80' lang='lat' dir='ltr'>ego</span> <span class='ocrx_word' id='word_1_454' title='bbox 499 3605 690 3666; x_wconf 89' lang='lat' dir='ltr'>nihilominus</span> <span class='ocrx_word' id='word_1_455' title='bbox 713 3609 877 3666; x_wconf 89' lang='lat' dir='ltr'>institutum</span> <span class='ocrx_word' id='word_1_456' title='bbox 901 3605 1015 3665; x_wconf 86' lang='lat' dir='ltr'>tenebo.</span> <span class='ocrx_word' id='word_1_457' title='bbox 1054 3608 1112 3676; x_wconf 84' lang='lat' dir='ltr'>(Ex</span> <span class='ocrx_word' id='word_1_458' title='bbox 1131 3607 1248 3678; x_wconf 88' lang='lat' dir='ltr'>epistola</span> <span class='ocrx_word' id='word_1_459' title='bbox 1266 3607 1292 3665; x_wconf 92' lang='lat' dir='ltr'>d.</span> <span class='ocrx_word' id='word_1_460' title='bbox 1312 3608 1339 3666; x_wconf 89' lang='lat' dir='ltr'>d.</span> <span class='ocrx_word' id='word_1_461' title='bbox 1357 3610 1401 3667; x_wconf 85' lang='lat'>20.</span> <span class='ocrx_word' id='word_1_462' title='bbox 1419 3609 1475 3666; x_wconf 83' lang='lat' dir='ltr'>No·</span> 
     </span>
    </p>

    <p class='ocr_par' dir='ltr' id='par_1_11' title="bbox 10 3683 316 3738">
     <span class='ocr_line' id='line_1_43' title="bbox 10 3683 316 3738; baseline 0.003 -1"><span class='ocrx_word' id='word_1_463' title='bbox 10 3692 15 3723; x_wconf 89' lang='lat'>:</span> <span class='ocrx_word' id='word_1_464' title='bbox 196 3683 221 3737; x_wconf 91' lang='lat' dir='ltr'>ri</span> <span class='ocrx_word' id='word_1_465' title='bbox 277 3686 316 3738; x_wconf 88' lang='lat'>1.</span> 
     </span>
    </p>
   </div>
   <div class='ocr_carea' id='block_1_6' title="bbox 10 3776 1474 4636">
    <p class='ocr_par' dir='ltr' id='par_1_12' title="bbox 10 3776 1474 4008">
     <span class='ocr_line' id='line_1_44' title="bbox 10 3776 1474 3855; baseline 0.004 -24"><span class='ocrx_word' id='word_1_466' title='bbox 10 3846 15 3855; x_wconf 25' lang='grc' dir='ltr'><strong>μ</strong></span> <span class='ocrx_word' id='word_1_467' title='bbox 222 3776 318 3846; x_wconf 72' lang='lat' dir='ltr'>Qualis</span> <span class='ocrx_word' id='word_1_468' title='bbox 336 3778 419 3834; x_wconf 83' lang='lat' dir='ltr'>fucrit</span> <span class='ocrx_word' id='word_1_469' title='bbox 437 3780 606 3837; x_wconf 85' lang='lat' dir='ltr'>consuetudo</span> <span class='ocrx_word' id='word_1_470' title='bbox 624 3781 737 3852; x_wconf 87' lang='lat' dir='ltr'>llcpleri</span> <span class='ocrx_word' id='word_1_471' title='bbox 755 3797 815 3836; x_wconf 92' lang='lat' dir='ltr'>cum</span> <span class='ocrx_word' id='word_1_472' title='bbox 835 3780 968 3849; x_wconf 75' lang='lat' dir='ltr'>Origene,</span> <span class='ocrx_word' id='word_1_473' title='bbox 992 3798 1048 3836; x_wconf 92' lang='lat' dir='ltr'>non</span> <span class='ocrx_word' id='word_1_474' title='bbox 1066 3781 1147 3852; x_wconf 89' lang='lat' dir='ltr'>plane</span> <span class='ocrx_word' id='word_1_475' title='bbox 1166 3787 1283 3838; x_wconf 89' lang='lat' dir='ltr'>constat.</span> <span class='ocrx_word' id='word_1_476' title='bbox 1319 3782 1474 3837; x_wconf 87' lang='lat' dir='ltr'>Hanschius</span> 
     </span>
     <span class='ocr_line' id='line_1_45' title="bbox 119 3848 1474 3930; baseline 0.006 -24"><span class='ocrx_word' id='word_1_477' title='bbox 119 3848 232 3911; x_wconf 74' lang='lat' dir='ltr'>exhibes</span> <span class='ocrx_word' id='word_1_478' title='bbox 248 3865 305 3912; x_wconf 86' lang='lat' dir='ltr'>tres</span> <span class='ocrx_word' id='word_1_479' title='bbox 323 3857 434 3926; x_wconf 77' lang='lat' dir='ltr'>Origani</span> <span class='ocrx_word' id='word_1_480' title='bbox 450 3858 486 3913; x_wconf 91' lang='lat' dir='ltr'>ad</span> <span class='ocrx_word' id='word_1_481' title='bbox 504 3859 652 3928; x_wconf 82' lang='lat' dir='ltr'>chlerum</span> <span class='ocrx_word' id='word_1_482' title='bbox 672 3861 749 3916; x_wconf 91' lang='lat' dir='ltr'>datas</span> <span class='ocrx_word' id='word_1_483' title='bbox 768 3859 913 3930; x_wconf 89' lang='lat' dir='ltr'>epistolas,</span> <span class='ocrx_word' id='word_1_484' title='bbox 935 3859 963 3912; x_wconf 92' lang='lat' dir='ltr'>in</span> <span class='ocrx_word' id='word_1_485' title='bbox 985 3874 1099 3926; x_wconf 85' lang='lat' dir='ltr'>quarum</span> <span class='ocrx_word' id='word_1_486' title='bbox 1116 3859 1237 3914; x_wconf 90' lang='lat' dir='ltr'>secunda</span> <span class='ocrx_word' id='word_1_487' title='bbox 1256 3860 1329 3928; x_wconf 83' lang='lat' dir='ltr'>(dats</span> <span class='ocrx_word' id='word_1_488' title='bbox 1347 3876 1372 3914; x_wconf 89' lang='lat' dir='ltr'>a.</span> <span class='ocrx_word' id='word_1_489' title='bbox 1393 3860 1474 3930; x_wconf 72' lang='lat'>1⁶05)</span> 
     </span>
     <span class='ocr_line' id='line_1_46' title="bbox 120 3918 1473 4008; baseline 0.004 -20"><span class='ocrx_word' id='word_1_490' title='bbox 120 3918 252 3999; x_wconf 68' lang='lat' dir='ltr'>0ritanus</span> <span class='ocrx_word' id='word_1_491' title='bbox 269 3935 339 4004; x_wconf 92' lang='lat' dir='ltr'>petit</span> <span class='ocrx_word' id='word_1_492' title='bbox 350 3953 367 3991; x_wconf 87' lang='lat' dir='ltr'>u</span> <span class='ocrx_word' id='word_1_493' title='bbox 379 3936 507 4005; x_wconf 84' lang='lat' dir='ltr'>Keplero,</span> <span class='ocrx_word' id='word_1_494' title='bbox 526 3947 556 3991; x_wconf 90' lang='lat' dir='ltr'>ut</span> <span class='ocrx_word' id='word_1_495' title='bbox 574 3954 604 3993; x_wconf 92' lang='lat' dir='ltr'>se</span> <span class='ocrx_word' id='word_1_496' title='bbox 619 3939 697 4007; x_wconf 85' lang='lat' dir='ltr'>jnret</span> <span class='ocrx_word' id='word_1_497' title='bbox 714 3939 742 3994; x_wconf 93' lang='lat' dir='ltr'>in</span> <span class='ocrx_word' id='word_1_498' title='bbox 761 3936 926 4007; x_wconf 89' lang='lat' dir='ltr'>acquirendo</span> <span class='ocrx_word' id='word_1_499' title='bbox 944 3935 1087 4008; x_wconf 78' lang='lat' dir='ltr'>privilagio</span> <span class='ocrx_word' id='word_1_500' title='bbox 1100 3953 1150 4007; x_wconf 94' lang='lat' dir='ltr'>pro</span> <span class='ocrx_word' id='word_1_501' title='bbox 1163 3937 1400 4006; x_wconf 88' lang='lat' dir='ltr'>Ephemeridibus.</span> <span class='ocrx_word' id='word_1_502' title='bbox 1430 3938 1473 3993; x_wconf 82' lang='lat' dir='ltr'>Ad</span> 
     </span>
    </p>

    <p class='ocr_par' dir='ltr' id='par_1_13' title="bbox 10 3995 656 4099">
     <span class='ocr_line' id='line_1_47' title="bbox 122 3995 656 4085; baseline 0.011 -18.786"><span class='ocrx_word' id='word_1_503' title='bbox 122 3995 178 4060; x_wconf 79' lang='lat' dir='ltr'>loe</span> <span class='ocrx_word' id='word_1_504' title='bbox 193 4011 357 4078; x_wconf 87' lang='lat' dir='ltr'>postulatum</span> <span class='ocrx_word' id='word_1_505' title='bbox 373 4020 488 4069; x_wconf 88' lang='lat' dir='ltr'>annotat</span> <span class='ocrx_word' id='word_1_506' title='bbox 506 4015 656 4085; x_wconf 89' lang='lat' dir='ltr'>Keplerus:</span> 
     </span>
    </p>

    <p class='ocr_par' dir='ltr' id='par_1_14' title="bbox 224 4108 1472 4196">
     <span class='ocr_line' id='line_1_48' title="bbox 224 4108 1472 4196; baseline 0.005 -25"><span class='ocrx_word' id='word_1_507' title='bbox 224 4108 301 4190; x_wconf 90' lang='lat' dir='ltr'>Opto</span> <span class='ocrx_word' id='word_1_508' title='bbox 323 4122 357 4173; x_wconf 92' lang='lat' dir='ltr'>ut</span> <span class='ocrx_word' id='word_1_509' title='bbox 377 4117 434 4192; x_wconf 90' lang='lat' dir='ltr'>ipsi</span> <span class='ocrx_word' id='word_1_510' title='bbox 459 4115 534 4176; x_wconf 86' lang='lat' dir='ltr'>bene</span> <span class='ocrx_word' id='word_1_511' title='bbox 557 4116 616 4192; x_wconf 88' lang='lat' dir='ltr'>liat,</span> <span class='ocrx_word' id='word_1_512' title='bbox 642 4135 707 4177; x_wconf 87' lang='lat' dir='ltr'>cum</span> <span class='ocrx_word' id='word_1_513' title='bbox 729 4119 767 4178; x_wconf 93' lang='lat' dir='ltr'>ob</span> <span class='ocrx_word' id='word_1_514' title='bbox 789 4117 920 4178; x_wconf 87' lang='lat' dir='ltr'>laborem</span> <span class='ocrx_word' id='word_1_515' title='bbox 943 4123 1120 4196; x_wconf 86' lang='lat' dir='ltr'>susceptum,</span> <span class='ocrx_word' id='word_1_516' title='bbox 1144 4122 1205 4174; x_wconf 92' lang='lat' dir='ltr'>tum</span> <span class='ocrx_word' id='word_1_517' title='bbox 1230 4115 1268 4176; x_wconf 92' lang='lat' dir='ltr'>ob</span> <span class='ocrx_word' id='word_1_518' title='bbox 1291 4116 1472 4177; x_wconf 85' lang='lat' dir='ltr'>benevolen-</span> 
     </span>
    </p>

    <p class='ocr_par' dir='ltr' id='par_1_15' title="bbox 10 4190 1472 4287">
     <span class='ocr_line' id='line_1_49' title="bbox 10 4190 1472 4287; baseline 0.005 -30"><span class='ocrx_word' id='word_1_519' title='bbox 10 4264 24 4287; x_wconf 43' lang='grc' dir='ltr'><strong><em>Ρ</em></strong></span> <span class='ocrx_word' id='word_1_520' title='bbox 135 4190 200 4253; x_wconf 64' lang='lat' dir='ltr'>illm</span> <span class='ocrx_word' id='word_1_521' title='bbox 216 4214 271 4276; x_wconf 80' lang='lat' dir='ltr'>qua</span> <span class='ocrx_word' id='word_1_522' title='bbox 291 4218 339 4263; x_wconf 88' lang='lat' dir='ltr'>me</span> <span class='ocrx_word' id='word_1_523' title='bbox 362 4203 579 4282; x_wconf 78' lang='lat' dir='ltr'>complectitur,</span> <span class='ocrx_word' id='word_1_524' title='bbox 603 4204 729 4283; x_wconf 85' lang='lat' dir='ltr'>denique</span> <span class='ocrx_word' id='word_1_525' title='bbox 752 4208 823 4282; x_wconf 85' lang='lat' dir='ltr'>quia</span> <span class='ocrx_word' id='word_1_526' title='bbox 843 4204 1033 4265; x_wconf 85' lang='lat' dir='ltr'>humanitatis</span> <span class='ocrx_word' id='word_1_527' title='bbox 1057 4212 1115 4279; x_wconf 88' lang='lat' dir='ltr'>est,</span> <span class='ocrx_word' id='word_1_528' title='bbox 1139 4205 1307 4282; x_wconf 88' lang='lat' dir='ltr'>petentibus</span> <span class='ocrx_word' id='word_1_529' title='bbox 1329 4213 1472 4281; x_wconf 88' lang='lat' dir='ltr'>quantum</span> 
     </span>
    </p>

    <p class='ocr_par' dir='ltr' id='par_1_16' title="bbox 10 4274 1473 4636">
     <span class='ocr_line' id='line_1_50' title="bbox 48 4274 1473 4371; baseline 0.006 -26"><span class='ocrx_word' id='word_1_530' title='bbox 48 4284 51 4289; x_wconf 86' lang='grc'><strong>’</strong></span> <span class='ocrx_word' id='word_1_531' title='bbox 141 4274 194 4338; x_wconf 71' lang='lat' dir='ltr'>fltrl</span> <span class='ocrx_word' id='word_1_532' title='bbox 215 4293 306 4363; x_wconf 89' lang='lat' dir='ltr'>potest</span> <span class='ocrx_word' id='word_1_533' title='bbox 336 4289 495 4368; x_wconf 78' lang='lat' dir='ltr'>indulgere.</span> <span class='ocrx_word' id='word_1_534' title='bbox 541 4292 676 4353; x_wconf 82' lang='lat' dir='ltr'>Ceterum</span> <span class='ocrx_word' id='word_1_535' title='bbox 698 4303 770 4353; x_wconf 83' lang='lat' dir='ltr'>vota</span> <span class='ocrx_word' id='word_1_536' title='bbox 793 4296 885 4371; x_wconf 90' lang='lat' dir='ltr'>ipsius</span> <span class='ocrx_word' id='word_1_537' title='bbox 908 4309 966 4351; x_wconf 90' lang='lat' dir='ltr'>nou</span> <span class='ocrx_word' id='word_1_538' title='bbox 988 4293 1094 4371; x_wconf 91' lang='lat' dir='ltr'>probo,</span> <span class='ocrx_word' id='word_1_539' title='bbox 1125 4291 1198 4350; x_wconf 91' lang='lat' dir='ltr'>nibil</span> <span class='ocrx_word' id='word_1_540' title='bbox 1222 4293 1300 4351; x_wconf 90' lang='lat' dir='ltr'>euim</span> <span class='ocrx_word' id='word_1_541' title='bbox 1323 4294 1379 4370; x_wconf 91' lang='lat' dir='ltr'>ipsi</span> <span class='ocrx_word' id='word_1_542' title='bbox 1402 4308 1473 4370; x_wconf 91' lang='lat' dir='ltr'>pro-</span> 
     </span>
     <span class='ocr_line' id='line_1_51' title="bbox 10 4372 1473 4529; baseline 0.003 -5"><span class='ocrx_word' id='word_1_543' title='bbox 10 4372 52 4507; x_wconf 68' lang='grc' dir='ltr'>εἰ</span> <span class='ocrx_word' id='word_1_544' title='bbox 146 4360 1234 4529; x_wconf 55' lang='lat' dir='ltr'>auricularius</span> <span class='ocrx_word' id='word_1_545' title='bbox 1251 4379 1473 4528; x_wconf 65' lang='lat' dir='ltr'>irrui·</span> 
     </span>
     <span class='ocr_line' id='line_1_52' title="bbox 10 4486 1472 4636; baseline -0.002 -15"><span class='ocrx_word' id='word_1_546' title='bbox 10 4546 30 4579; x_wconf 80' lang='lat'><strong>³</strong></span> <span class='ocrx_word' id='word_1_547' title='bbox 150 4534 189 4595; x_wconf 43' lang='grc' dir='ltr'>’ἢ</span> <span class='ocrx_word' id='word_1_548' title='bbox 203 4547 400 4620; x_wconf 67' lang='lat' dir='ltr'>wilencus</span> <span class='ocrx_word' id='word_1_549' title='bbox 421 4553 515 4616; x_wconf 88' lang='lat' dir='ltr'>iorma</span> <span class='ocrx_word' id='word_1_550' title='bbox 529 4486 595 4616; x_wconf 54' lang='lat' dir='ltr'>{son</span> <span class='ocrx_word' id='word_1_551' title='bbox 617 4512 723 4636; x_wconf 75' lang='lat' dir='ltr'>placat.</span> <span class='ocrx_word' id='word_1_552' title='bbox 767 4487 949 4634; x_wconf 61' lang='lat' dir='ltr'>Hoceagst,</span> <span class='ocrx_word' id='word_1_553' title='bbox 979 4486 1057 4616; x_wconf 65' lang='lat' dir='ltr'>Spolia</span> <span class='ocrx_word' id='word_1_554' title='bbox 1085 4561 1115 4615; x_wconf 89' lang='lat' dir='ltr'>et</span> <span class='ocrx_word' id='word_1_555' title='bbox 1137 4553 1240 4615; x_wconf 87' lang='lat' dir='ltr'>Lunae</span> <span class='ocrx_word' id='word_1_556' title='bbox 1263 4510 1472 4635; x_wconf 58' lang='lat' dir='ltr'>Ephomeridss&#39;</span> 
     </span>
    </p>
   </div>
   <div class='ocr_carea' id='block_1_7' title="bbox 0 0 1646 5520">
    <p class='ocr_par' dir='ltr' id='par_1_17' title="bbox 0 0 1646 5520">
     <span class='ocr_line' id='line_1_53' title="bbox 0 0 1646 5520; baseline 0 1"><span class='ocrx_word' id='word_1_557' title='bbox 0 0 1646 5520; x_wconf 95' lang='lat' dir='ltr'> </span> 
     </span>
    </p>
   </div>
  </div>
 </body>
</html>
