3284 5520
138 332 205 401 678
394 398 397 405 ,
608 333 652 388 Ad
669 332 713 388 Jo.
733 331 869 388 Torrentii
886 328 1039 403 Epistulam

140 512 279 573 librarum
302 514 330 570 in
353 513 411 571 situ
434 511 491 571 sibi
513 511 570 588 ipsi
593 508 734 588 parallelo
757 510 834 570 circa
855 507 975 570 Terram
997 515 1146 569 menstruo
1167 507 1259 586 paulo
1282 509 1382 568 minus
1402 511 1488 588 spatio

141 601 354 672 circumfertur,
384 599 504 658 alternis
532 615 609 657 nunc
631 597 704 672 hoc,
733 614 811 658 nunc
832 596 905 656 illud
927 603 1089 658 extremum
1110 597 1270 657 obvertens
1293 596 1414 656 Terrae.
1452 596 1489 656 Ei

140 688 212 761 hac,
237 690 372 764 inquam,
397 688 536 746 mixtione
560 683 682 744 duorum
704 693 836 744 motuum
858 686 987 744 nascitur
1008 687 1059 744 via
1081 683 1225 760 elliptica,
1255 683 1489 760 quodmethodo

140 775 271 851 legitima
293 776 472 849 geometrica
495 772 686 832 demonstrari
709 780 816 848 potest.
855 772 892 830 Et
913 772 953 832 ob
975 771 1052 830 hanc
1074 788 1194 831 mnsam
1212 773 1242 829 iu
1256 769 1489 848 Tah.1iudolpbi

140 861 225 920 titulo
255 879 291 920 cx
322 877 388 920 aere
411 866 474 932 (vol.
495 869 539 918 vl.
559 864 757 932 frontispicium)
783 859 821 919 ad
849 859 926 918 latus
949 858 1082 919 dextrum
1107 857 1339 934 ,conueniant
1364 861 1490 935 apposita

141 958 185 1008 est
202 948 420 1024 ,Magnetica“.
460 947 490 1007 Si
515 949 641 1024 amplius
657 947 780 1007 docendi
795 949 855 1006 sint
868 945 966 1019 Since,
990 963 1082 1022 quare
1097 947 1237 1022 aequatio
1251 947 1387 1005 maxima
1401 944 1490 1005 Lunae

141 1035 195 1095 liat
218 1034 254 1095 5⁰
277 1039 317 1109 0‘,
341 1052 406 1094 cum
431 1036 631 1095 eccentricitas
655 1040 739 1095 teet
763 1034 813 1093 det
835 1042 949 1093 tantum
971 1032 1123 1092 dimidium
1147 1033 1181 1093 2⁰
1205 1032 1268 1106 30‘,
1301 1039 1442 1109 poterunt
1460 1032 1489 1092 sd

140 1122 263 1182 alterum
287 1139 303 1181 e
327 1120 435 1181 dextris
458 1120 568 1181 idolum
594 1121 812 1197 ,Statbmicae“
839 1121 951 1180 scilicet
973 1120 1113 1196 ablegari.
1151 1120 1238 1179 Luna
1260 1123 1341 1179 enim
1363 1122 1394 1177 in
1417 1118 1489 1179 ultis·

139 1212 247 1268 simum
269 1227 288 1268 a
310 1208 401 1269 Terra
429 1209 526 1268 locum
556 1211 731 1285 enavigans,
764 1207 937 1269 imbecillius
966 1214 1120 1284 prensatur
1142 1224 1161 1264 a
1182 1207 1282 1284 specie
1311 1206 1441 1267 Telluris
1467 1214 1489 1265 et

139 1298 245 1359 minori
268 1297 373 1356 ellectu
395 1299 536 1356 retinetur
565 1313 659 1372 eoque
688 1295 798 1356 diutins
827 1302 957 1355 moratur
988 1296 1016 1351 in
1039 1293 1141 1371 aliquo
1164 1293 1259 1371 gradu
1283 1295 1331 1353 eui
1355 1295 1488 1354 mensorii

142 1385 288 1457 circuitus,
312 1401 399 1460 quam
423 1385 448 1442 si
471 1385 602 1459 proxime
617 1383 737 1443 Terram
760 1385 898 1462 perigaea
919 1383 1042 1443 steterit.
1080 1381 1118 1440 Et
1140 1399 1206 1441 eum
1220 1381 1280 1441 hoc
1295 1388 1387 1458 paeto
1401 1397 1489 1440 morae

141 1470 243 1531 Lunae
264 1472 294 1529 in
317 1471 449 1548 partibus
471 1469 645 1547 aequalibus
668 1473 805 1532 circuitus
827 1471 937 1529 sintin
959 1469 1147 1547 proportione
1163 1467 1373 1528 distantiarum
1388 1468 1489 1541 Lunae,

141 1557 356 1617 demonstratur
377 1574 477 1616 rursus
499 1560 550 1617 via
562 1561 750 1633 geometrica,
774 1574 919 1617 summam
934 1555 1137 1616 distantiarum
1154 1558 1248 1615 inesse
1267 1557 1297 1613 in
1314 1558 1394 1615 areis
1409 1557 1489 1614 triau-

139 1644 284 1720 gulorum,
307 1661 384 1720 quae
406 1644 566 1703 formantur
589 1648 618 1703 in
641 1644 731 1721 plano
754 1645 917 1722 eccentrici,
940 1661 1028 1719 super
1048 1642 1128 1702 linea
1143 1643 1373 1702 eccentricitatis
1388 1642 1488 1702 Lunae.

141 1728 183 1791 Ut
205 1732 246 1790 ita
268 1730 399 1791 calculus
414 1733 452 1789 sit
467 1733 624 1791 instructus
639 1735 824 1808 geometricis
839 1731 1047 1803 schematibus,
1070 1746 1123 1790 seu
1138 1730 1254 1790 circulis
1270 1729 1488 1806 perfectissimis,

140 1835 176 1876 ex
206 1820 271 1895 ipso
302 1834 443 1877 concursu
473 1835 627 1877 causarum
657 1824 838 1880 moventium
861 1819 991 1894 legitime
1014 1819 1125 1895 enatis,
1156 1820 1294 1892 quamvis
1322 1819 1355 1874 in
1384 1835 1416 1876 re
1436 1820 1488 1893 ipit

140 1907 245 1964 souin
268 1907 333 1980 ipsc
358 1921 427 1963 vero
450 1912 531 1964 motu
556 1906 656 1964 Lunae
678 1906 751 1965 nulli
773 1909 832 1967 sint
855 1904 953 1966 circuli
976 1905 1106 1982 perlecti.

246 1990 329 2050 Haec
344 1998 389 2051 est
404 2008 473 2067 ergo
489 1991 662 2070 hypothesis
678 1993 789 2068 Lunae,
809 2011 889 2053 nora
904 1990 1032 2069 quidem,
1055 1993 1081 2050 si
1095 1991 1224 2066 priomm
1240 1988 1390 2050 artificum
1405 1989 1488 2068 hypo·

141 2077 239 2138 theses
267 2080 421 2156 respicias,
452 2095 488 2137 ex
515 2079 630 2139 circulis
661 2076 843 2155 eccentricis,
874 2080 1064 2139 concentricis
1086 2078 1287 2155 epicyelisquo
1310 2079 1488 2155 compositis,

142 2181 201 2224 non
225 2181 312 2239 noea,
335 2168 360 2223 si
384 2182 535 2242 compares
559 2183 624 2225 cum
648 2167 774 2245 planetis
797 2168 910 2242 ceteris,
934 2167 984 2242 qui
1007 2183 1077 2225 suos
1100 2167 1278 2224 eccentricos
1301 2166 1346 2223 eie
1365 2164 1490 2224 ordinant

136 2251 338 2324 circadam,
361 2269 421 2311 non
443 2255 533 2313 etiam
555 2271 634 2314 uera
649 2254 809 2328 Torrentio,
834 2256 859 2313 si
874 2260 990 2331 tempus
1005 2268 1148 2312 annorum
1164 2257 1215 2323 26,
1239 2249 1322 2327 quod
1339 2269 1411 2328 ego,
1434 2254 1487 2329 ipso

140 2338 236 2399 adhuc
258 2341 411 2399 nobiscum
429 2341 459 2399 in
475 2341 593 2418 Europa
618 2351 761 2416 versante,
784 2345 813 2402 in
833 2341 879 2402 hie
893 2339 1143 2417 speculationibus
1158 2339 1292 2412 iusumsi,
1315 2340 1347 2397 in
1363 2337 1491 2399 consido·

139 2428 282 2486 rationem
304 2425 468 2486 adduxerit.

244 2512 345 2588 Pergit
375 2513 410 2573 P.
445 2512 623 2573 Terreutius.
671 2514 743 2574 Non
775 2513 880 2574 dubito
911 2512 1057 2591 prodiisse
1089 2510 1235 2589 Kepplcri
1268 2513 1489 2588 Hipparchea.

140 2599 261 2673 Prodiit,
285 2603 310 2658 si
334 2600 468 2661 ellectum
483 2603 632 2677 respicias,
657 2603 685 2659 iu
702 2601 825 2660 Tabulis
840 2599 998 2676 Rudolphi,
1022 2602 1191 2676 praesertim
1208 2601 1237 2658 in
1253 2599 1397 2677 allegatis
1413 2597 1490 2669 101111,

140 2690 170 2747 in
192 2686 394 2766 parallsxlbus
416 2687 529 2749 scilicet
551 2687 629 2748 Solis
653 2697 681 2748 et
704 2687 806 2748 Luriae
834 2687 1115 2762 semidiametrisque
1137 2686 1259 2746 umbrae
1283 2696 1313 2746 et
1334 2687 1490 2765 praeceptis

141 2792 192 2835 eas
221 2773 380 2848 formandi,
411 2790 470 2833 non
500 2774 624 2851 prodiit,
653 2776 679 2834 si
707 2774 969 2835 demonstrationes
998 2772 1156 2834 desideres.
1200 2771 1261 2833 Sed
1288 2776 1426 2851 proxima
1446 2774 1491 2832 erit

140 2861 247 2935 editio,
275 2863 301 2921 si
324 2864 416 2922 vitam
439 2862 521 2921 Deus
545 2863 729 2923 concesserit
774 2862 967 2939 Praecipuum
988 2871 1102 2938 partem
1125 2860 1282 2938 occupabit
1305 2860 1490 2932 samaia

140 2966 217 3026 qnae
241 2956 356 3009 constat
378 2948 674 3009 demonstrationibus
688 2951 872 3025 geometricis
884 2948 1118 3025 jucundissimis,
1142 2948 1249 3024 quibus
1265 2951 1420 3024 quantitas
1434 2945 1491 3006 dia·

139 3037 223 3096 metri
254 3036 375 3095 umbrae
404 3053 469 3095 cum
499 3034 698 3113 parallaxibus
721 3035 798 3095 Solis
821 3044 850 3095 et
871 3036 974 3096 Lunae
996 3040 1026 3096 et
1047 3033 1263 3096 semidiametro
1287 3034 1370 3095 Solis
1394 3037 1490 3096 arctim

141 3125 331 3196 connectitur,
356 3122 436 3198 quod
458 3123 601 3182 hacteuus
623 3124 678 3182 suit
700 3122 864 3199 neglectum
880 3125 918 3182 ab
934 3122 1103 3183 artificibus.
1127 3128 1192 3194 1011.
1207 3127 1256 3177 rol.
1271 3125 1489 3194 1111101011).

244 3212 272 3268 A
302 3209 368 3269 Yao
393 3229 462 3285 repe
487 3211 606 3287 fumoso
631 3213 786 3285 incipiunt
807 3228 879 3270 cuae
900 3210 1041 3270 historiae
1064 3211 1174 3284 Sinon,
1202 3227 1223 3267 a
1245 3227 1307 3284 piso
1328 3214 1490 3268 1101011001

139 3314 296 3358 annorum
317 3297 381 3373 fere
403 3298 497 3355 4000.
536 3297 721 3357 Tantundem
743 3315 796 3357 uos
819 3316 838 3357 a
861 3297 983 3356 diluvio.
1020 3298 1058 3356 Et
1080 3296 1150 3374 quid
1172 3297 1197 3356 si
1221 3296 1269 3355 hie
1292 3298 1331 3354 sit
1356 3295 1428 3368 Jon,
1450 3292 1490 3354 rel

139 3384 287 3446 Javanica
308 3384 357 3444 vel
380 3383 500 3443 Persica
522 3387 778 3462 pronunciatione,
802 3384 882 3463 apud
905 3382 1140 3461 Aristophanem,
1163 3384 1259 3456 Juon,
1282 3381 1391 3460 Japeti
1412 3382 1489 3453 filius,

141 3473 225 3549 cujus
248 3473 357 3548 posteri
382 3473 507 3530 navibus
532 3471 635 3544 delati,
659 3479 691 3530 ut
713 3474 785 3530 mari
808 3471 899 3533 Jonio
922 3474 952 3530 in
975 3471 1087 3531 insulas
1107 3474 1239 3548 gentium
1261 3486 1315 3529 seu
1338 3471 1490 3548 Europam,

140 3562 183 3619 sic
213 3561 301 3619 ctiam
329 3560 402 3618 mari
430 3559 517 3618 rubro
547 3567 576 3618 et
598 3561 664 3617 sinu
686 3558 804 3620 Persico
828 3561 857 3616 in
880 3558 980 3618 Indiae
1003 3567 1033 3618 et
1054 3558 1150 3619 Sinas.
1195 3557 1298 3617 Pauca
1319 3556 1392 3631 illa,
1423 3573 1490 3634 quae

141 3646 176 3705 de
200 3647 380 3723 temporibus
404 3651 433 3704 et
456 3647 532 3704 aeris
555 3644 693 3704 Indorum
716 3645 858 3705 habemus
881 3647 959 3722 apud
982 3644 1177 3721 Scaligerum,
1206 3647 1326 3722 sapiunt
1356 3647 1491 3721 originem

140 3732 300 3809 Syriacam,
325 3733 548 3804 Damasceuam,
574 3733 740 3807 Arabicam,
764 3735 819 3793 etsi
842 3734 913 3806 scio,
937 3733 1122 3792 verisimilius
1138 3733 1280 3808 originem
1295 3730 1435 3791 Sinarum
1449 3730 1491 3791 rel

140 3839 158 3879 a
180 3819 268 3879 Senio
293 3818 419 3878 derivari
442 3816 511 3901 (per
525 3819 713 3879 Arbaxadutu
738 3827 767 3880 et
788 3819 943 3880 Jectanem
965 3820 1081 3879 fratrem
1103 3819 1205 3888 Hebri,
1228 3827 1262 3878 ut
1284 3818 1373 3894 cnjus
1395 3835 1490 3879 unme-

140 3908 199 3965 rosi
223 3906 275 3964 lilii
298 3922 391 3983 usque
414 3905 453 3965 ad
475 3906 640 3984 saphyrum
662 3915 791 3967 montem
815 3908 933 3966 orientis
955 3905 1096 3967 locantur.
1140 3907 1229 3966 Forte
1252 3905 1362 3965 Emodi
1385 3912 1491 3967 montes

139 4001 192 4052 aut
214 3992 329 4066 Imaus,
353 3994 391 4052 ab
414 3992 559 4052 Elmodad
583 3996 795 4069 cognominati,
820 3996 870 4054 ubi
894 3993 958 4053 Yao
981 3997 1075 4070 possit
1095 4011 1160 4054 esse
1181 3988 1301 4073 Jobah)
1324 3992 1378 4053 vel
1400 4011 1419 4053 a
1438 3992 1490 4052 Ja-

140 4079 220 4158 pheti
244 4081 311 4139 tiliis
334 4079 454 4156 Magog,
477 4079 587 4152 Madai,
611 4080 732 4141 Mesech
755 4081 802 4141 vel
825 4080 951 4153 Thubal,
978 4084 1047 4157 quia
1070 4081 1108 4140 ab
1131 4080 1187 4140 hoc
1208 4079 1336 4153 Tartari,
1361 4079 1490 4141 Sinarum
1517 4120 1521 4129 .

140 4169 310 4227 contermini
333 4166 371 4225 ad
394 4169 630 4243 septentrionem.
1252 4213 1255 4220 .

246 4254 421 4313 Numerone
440 4253 629 4329 procedendo
648 4272 706 4330 per·
728 4255 845 4330 cyclum
868 4255 910 4312 60
925 4270 1094 4313 canorum.
1134 4253 1282 4333 Admonet
1296 4270 1344 4313 me
1360 4270 1490 4313 numenio

138 4341 287 4414 Sosorum,
311 4357 385 4416 quos
408 4358 474 4400 cum
496 4341 591 4400 Neiris
614 4347 644 4399 ct
666 4340 745 4401 Saris
769 4340 847 4416 apud
862 4340 1022 4399 Eusebium
1043 4349 1072 4401 et
1087 4340 1267 4419 Hesychium
1284 4348 1314 4400 et
1329 4338 1487 4419 Georgium

137 4427 306 4506 Syncellum
322 4429 429 4505 reperit
444 4427 574 4504 Scaliger
590 4445 625 4486 ex
642 4427 767 4504 Arriano,
782 4426 947 4500 Panodoro,
965 4427 1156 4503 Apollodoro,
1173 4426 1319 4505 Abydeno
1336 4436 1368 4488 et
1386 4429 1488 4488 1101010

139 4518 354 4592 transscriptos.
400 4514 490 4575 Serus
514 4515 619 4573 dicitur
641 4514 748 4575 habere
773 4521 857 4575 3600
881 4513 1091 4587 annualibus
1116 4516 1196 4588 600,
1221 4514 1314 4575 Sosus
1339 4521 1400 4591 60;
1422 4524 1490 4574 tein-

139 4620 242 4680 porum
276 4601 421 4661 vocabula
445 4600 613 4661 Chaldaica.
659 4602 805 4679 Eusebius
834 4600 971 4661 fabulosa
997 4605 1114 4677 putavit
1144 4603 1259 4675 omnia,
1291 4610 1324 4661 ut
1350 4601 1489 4679 Georgius

140 4688 294 4767 Syneellus
317 4689 500 4766 perhibetis
523 4689 587 4763 ejus
612 4688 796 4763 defensione3
825 4689 957 4747 Anianus
980 4696 1010 4747 et
1032 4689 1221 4760 Panodoius,
1252 4689 1418 4750 subtilitate
1440 4689 1489 4759 usi,

140 4784 291 4862 sperarunt
313 4793 346 4839 se
368 4775 407 4837 ed
430 4777 560 4838 veritatis
583 4775 709 4838 confinia
729 4777 833 4842 Bassi
854 4776 1035 4838 narrationes
1050 4775 1237 4852 adducturos,
1260 4778 1288 4836 si
1311 4780 1382 4839 anui
1404 4793 1488 4838 root·
