3284 5520
564 345 625 404 Lib.
643 345 664 402 1.
689 346 802 403 Cometa
820 345 887 402 anni
904 348 982 405 1607.
1289 434 1294 443 '
1409 351 1451 419 61

602 534 793 606 Theorenru
820 534 931 607 lllllll.

185 646 311 707 Cometa
339 656 426 709 motu
455 648 634 724 retroprado
656 652 808 708 transiens
831 667 867 710 ee
890 650 1110 726 hemisphaerio
1134 649 1226 726 Solis,
1259 653 1293 708 in
1315 652 1451 727 inpressu

90 734 306 810 hemisphaerii
327 739 458 810 oppositi
479 744 521 795 est
542 753 639 811 sup-ra
660 740 810 797 sectiones.

197 821 276 881 Nam
298 824 328 879 in
351 825 485 899 ingressu
507 822 713 898 hemisphaerii
739 824 866 900 oppositi
891 831 993 881 secant
1012 841 1044 882 se
1061 825 1188 883 visoriao
1204 832 1336 884 cometae
1351 843 1452 886 versus

88 916 237 970 cometam
259 927 312 986 per
333 909 374 968 th.
397 910 453 971 lll.
496 913 536 969 At
560 912 686 969 visoriae
710 914 739 968 iu
764 914 894 987 ingressu
918 917 1050 971 cometas
1075 919 1201 987 tangunt
1223 913 1357 986 orbitam,
1382 915 1453 990 quia

87 999 201 1059 iaciunt
235 1014 300 1056 cum
334 999 445 1058 visoria
478 996 556 1057 Solis
588 998 729 1074 angulum
761 1009 872 1058 rectum
908 1006 937 1059 ct
966 1004 1044 1057 recto
1075 999 1225 1074 majorem.
1272 997 1369 1074 Quare
1400 1018 1452 1076 per

88 1086 129 1144 th.
147 1083 255 1146 XVII.
278 1085 390 1161 primae
412 1087 558 1147 sectiones
581 1093 611 1143 et
634 1087 787 1144 sectricum
811 1094 907 1162 partes
931 1087 1057 1145 extimae
1080 1085 1230 1162 infigura,
1254 1095 1284 1146 et
1299 1087 1364 1146 loca
1379 1086 1453 1146 Tel-

86 1171 161 1231 luris
186 1173 282 1248 prima
303 1180 372 1231 sant
394 1172 453 1231 lere
477 1175 507 1230 in
530 1171 609 1231 linea
631 1180 720 1232 recte.
767 1172 799 1232 Si
830 1188 899 1249 ergo
929 1172 1096 1248 trajectoria
1124 1181 1254 1233 cometae
1278 1183 1356 1234 esset
1378 1175 1453 1233 intra

87 1262 238 1319 sccfiones
261 1277 372 1332 omnes,
386 1262 563 1339 *necessario
587 1268 615 1319 et
638 1261 704 1336 ipsa
728 1266 862 1337 tangeret
886 1259 1009 1318 orbitam
1033 1259 1155 1334 'l'errae;
1179 1263 1204 1319 si
1228 1269 1369 1338 tangeret,
1393 1279 1451 1321 non

89 1354 193 1423 posset
215 1364 252 1406 ex
275 1346 492 1423 hemisphaerio
515 1345 594 1405 Solis
618 1349 726 1419 venire,
751 1346 803 1407 scd
826 1363 862 1406 ex
878 1347 945 1422 ejus
959 1350 1095 1424 opposito
1118 1365 1170 1424 per
1186 1350 1282 1424 ipsum
1298 1349 1451 1425 eclipticas

88 1433 193 1512 polum
222 1437 327 1493 iterum
356 1436 385 1491 in
417 1437 584 1512 oppositum
615 1436 737 1496 transire
767 1433 922 1493 videretur.
968 1435 1009 1492 At
1036 1437 1154 1510 ponitur
1176 1454 1211 1495 ex
1233 1436 1450 1515 hemisphaerio

87 1519 170 1580 Solis
194 1523 274 1580 exire
296 1529 365 1598 post
387 1520 517 1598 aliquam
540 1538 651 1581 moram
674 1523 704 1579 in
727 1539 777 1580 eo:
801 1528 846 1581 cst
869 1538 937 1597 ergo
960 1539 1048 1601 supra
1071 1524 1217 1582 sectiones
1241 1524 1377 1583 initiales.

196 1618 479 1676 Corollarium.
514 1620 590 1677 Talis
614 1626 735 1675 cometae
760 1618 917 1695 trajectoria
940 1618 993 1686 (vel
1012 1619 1071 1688 ejus
1090 1619 1210 1690 planum)
1234 1630 1276 1677 est
1297 1623 1450 1677 necessario

88 1697 134 1750 rel
154 1715 212 1753 nna
230 1714 264 1753 ex
283 1700 316 1753 iis
335 1699 449 1770 risoriis,
469 1716 539 1770 quae
557 1707 661 1756 exeunt
677 1700 705 1754 in
723 1698 954 1770 hemisphaerium
972 1697 1029 1753 Soli
1047 1701 1217 1769 oppositum,
1237 1699 1280 1754 vel
1293 1707 1366 1757 certe
1379 1701 1452 1755 ultra

88 1792 185 1831 omnes
204 1777 332 1848 risoriis,
351 1794 406 1835 non
424 1795 523 1835 secans
541 1779 658 1836 orbitarn
675 1779 803 1836 Telluris.
1491 1780 1501 1797 '

606 1916 796 1987 Theorema
822 1912 937 1985 lleV.

200 2025 323 2086 &meta
357 2027 487 2088 directus
519 2032 553 2088 in
584 2029 805 2105 hemisphaerio
834 2029 914 2088 Solis
941 2029 988 2087 vel
1014 2029 1214 2104 retropradus
1241 2033 1275 2088 in
1305 2032 1451 2105 opposito,

90 2117 273 2190 quantisper
300 2116 455 2190 paulatim
481 2117 515 2193 tit
542 2116 662 2176 tardior
690 2124 718 2175 et
747 2115 875 2191 denique
897 2119 1114 2189 stationarius,
1145 2121 1294 2192 tantisper
1314 2121 1453 2179 sectiones

91 2203 281 2261 uuomarum
302 2203 491 2263 ordinantur
513 2206 612 2280 mapis
633 2207 790 2280 mapisque
812 2221 833 2262 a
860 2203 955 2261 Terra
975 2207 1010 2262 in
1032 2204 1140 2262 altum.

196 2304 247 2363 Fit
275 2307 352 2364 enim
381 2309 411 2364 in
439 2315 563 2384 utroque
593 2324 679 2382 casu,
712 2307 791 2383 quod
813 2309 931 2384 ponitur
952 2309 982 2364 in
1006 2310 1046 2365 tir.
1070 2306 1173 2367 XVII.
1218 2308 1348 2367 Primum
1371 2311 1449 2369 enim

90 2408 177 2450 anons
207 2392 320 2453 orbitae
344 2393 471 2453 Telluris
501 2413 553 2472 per
582 2395 650 2455 loca
678 2393 758 2454 illius
789 2394 893 2454 diurna
923 2392 1062 2453 dividitur
1085 2398 1114 2453 iu
1138 2395 1275 2470 aequalia
1298 2399 1451 2471 vicemque

88 2486 225 2554 praestat
246 2489 345 2541 rectae
367 2483 464 2540 unius.
509 2481 692 2558 Trajectoria
723 2499 792 2542 vero
816 2492 947 2542 cometae
971 2491 1016 2541 est
1038 2491 1117 2541 recta
1139 2481 1232 2541 altera
1254 2482 1452 2558 dividiturque

88 2565 139 2624 vel
170 2569 200 2623 in
232 2567 374 2643 aequales
403 2576 501 2645 partes
531 2570 712 2646 trajectionis
743 2569 877 2639 diurnae,
909 2568 957 2628 vel
981 2571 1009 2626 in
1034 2578 1197 2628 crescentes
1220 2570 1330 2629 ordine.
1376 2570 1452 2628 Nam

90 2655 162 2728 qula
191 2656 311 2730 ponitur
338 2654 400 2714 fleri
431 2657 573 2733 paulatim
603 2656 712 2716 tardior
742 2664 839 2716 motus
866 2674 1027 2735 apparens,
1056 2655 1183 2732 angulus
1213 2673 1283 2716 vero
1312 2659 1451 2718 sectionis

91 2741 212 2799 metitur
234 2750 346 2801 motum
369 2753 568 2822 apparentem,
591 2744 735 2821 paulatim
758 2747 846 2821 igitur
866 2752 990 2821 augetur
1006 2743 1147 2802 diameter
1161 2745 1260 2803 circuli
1275 2762 1327 2822 per
1342 2746 1452 2804 sectio·
1473 2766 1476 2771 ⁴

91 2844 160 2885 nem
182 2837 354 2904 sequentem
378 2831 472 2905 ducti,
504 2830 555 2891 sed
580 2842 609 2891 et
631 2834 721 2891 sectio
746 2831 895 2906 quaelibet
917 2830 1005 2890 altius
1028 2833 1057 2888 in
1081 2848 1134 2889 suo
1159 2832 1267 2890 circulo
1291 2831 1450 2904 ordinatur,

95 2917 166 2989 quia
189 2914 360 2976 ordinantur
381 2917 503 2978 diurnae
526 2927 624 2995 partes
647 2920 832 2995 trajectoriae
854 2936 969 2996 semper
992 2917 1145 2996 deinceps,
1171 2937 1223 2996 per
1246 2937 1368 2995 quarum
1392 2928 1452 2978 ter·

92 3003 188 3062 minos
211 3011 365 3066 transeunt
386 3008 549 3067 sectionum
571 3007 678 3068 linoae.

610 3153 800 3225 Theorema
828 3152 926 3225 XXV.

202 3263 324 3327 Cometa
351 3269 521 3345 aequaliter
543 3271 697 3342 trajiciens
719 3278 747 3328 et
769 3269 879 3328 directe
902 3269 1024 3345 fugiens
1047 3289 1067 3328 a
1091 3268 1168 3343 Sole,
1190 3266 1388 3343 retropradus
1410 3272 1452 3331 est

95 3353 129 3410 in
150 3357 286 3430 opposito
309 3354 397 3428 Solis,
419 3364 447 3417 et
465 3364 535 3432 post
557 3360 773 3434 oppositionem
794 3359 908 3415 minuit
930 3356 1080 3416 diurnum
1103 3355 1384 3432 retroqradationis.

195 3457 396 3535 Retrogradus
422 3478 475 3537 per
505 3460 545 3520 th.
569 3461 608 3521 11.
639 3461 674 3520 de
702 3461 893 3538 longitudinis
916 3470 996 3520 motu
1021 3460 1218 3535 intellectum
1248 3459 1357 3520 tardior
1381 3473 1449 3516 vero

92 3542 245 3620 paulatim,
279 3550 350 3623 quia
371 3551 468 3626 portio
491 3549 626 3625 aequalia
647 3549 826 3625 trajectionis
850 3547 968 3608 humilis
993 3556 1114 3626 apparet
1136 3549 1239 3624 maJor,
1274 3564 1363 3625 quem
1387 3543 1451 3604 alta

92 3638 121 3689 et
140 3641 263 3709 remota,
288 3638 397 3712 quippe
420 3644 534 3696 cometa
554 3637 694 3713 fugiente.

603 3784 793 3855 Theoremu
820 3781 933 3854 Xlllll.

197 3891 233 3952 sa·
254 3903 369 3954 cometa
387 3903 457 3970 post
477 3902 637 3958 stationem
660 3899 715 3958 diu
738 3918 802 3959 non
822 3907 924 3958 mutat
944 3917 1077 3970 cursum,
1100 3901 1265 3956 immensae
1279 3896 1450 3956 altitudinis

91 3985 146 4052 ert,
176 3988 212 4038 ut
236 3984 345 4052 etiam,
369 3987 395 4041 si
417 3987 471 4059 qui
492 4004 529 4045 en
551 4005 615 4047 uno
638 3987 856 4062 hemisphaerio
878 3990 989 4045 transit
1011 3990 1044 4044 in
1067 3986 1215 4061 alterum,
1239 3989 1272 4043 in
1295 4004 1356 4060 quo
1377 3991 1450 4043 sunt

91 4068 243 4142 mones,
266 4087 331 4129 non
353 4087 456 4130 secans
477 4075 539 4149 ipse
561 4074 691 4133 orbitam
720 4074 831 4133 Terrae
853 4077 1028 4148 trajectione
1049 4092 1117 4132 sua.

194 4170 228 4231 Si
251 4174 328 4232 enim
351 4190 408 4233 non
432 4175 558 4254 amplius
580 4184 716 4238 movetur
738 4186 920 4255 apparenter,
946 4187 975 4240 et
996 4180 1053 4238 hoc
1076 4177 1136 4251 diu,
1160 4176 1190 4236 id
1214 4176 1321 4235 indicio
1342 4182 1395 4246 est,
1419 4183 1449 4235 et

93 4258 274 4333 traiectionis
296 4259 404 4320 Terrae
429 4280 528 4323 arcum
550 4267 578 4321 in
604 4274 727 4339 cometa,
752 4274 781 4325 ct
803 4274 934 4327 cometae
957 4268 1137 4343 trajectionis
1160 4266 1294 4343 propriae
1316 4262 1448 4337 longitu-

91 4345 188 4405 dinem
218 4350 248 4403 in
271 4346 362 4407 Terra
393 4366 457 4410 esse
488 4352 690 4415 insensibiles:
721 4372 789 4412 nam
821 4356 1020 4430 compensatio
1048 4355 1199 4430 utriusque
1227 4352 1264 4410 ad
1291 4353 1447 4409 stationem

91 4434 370 4510 repraesentandam
393 4436 443 4496 diu
466 4437 570 4500 durare
593 4458 651 4499 uon
674 4449 780 4516 potest.
827 4441 963 4517 Amplius
987 4447 1118 4512 cometa,
1143 4441 1263 4498 veniens
1284 4440 1314 4495 in
1336 4437 1448 4497 hemis·

91 4520 244 4596 phaerium
274 4525 452 4598 sectionum,
484 4534 528 4586 est
556 4544 645 4604 supra
673 4531 818 4588 sectiones
844 4533 970 4605 primas,
999 4547 1051 4605 per
1073 4526 1195 4587 XXlll.
1241 4526 1272 4585 Si
1296 4541 1365 4600 orgo
1387 4541 1448 4583 uon

93 4618 173 4671 secat
197 4610 262 4685 ejus
284 4610 419 4685 traiectio
443 4613 578 4688 orbitarn,
602 4624 647 4675 est
669 4618 732 4692 ipse
755 4634 845 4692 supra
866 4619 1012 4677 sectiones
1028 4633 1138 4687 omnes,
1161 4631 1213 4689 per
1227 4612 1314 4686 XVI,
1338 4614 1447 4672 sectio-

91 4714 142 4844 nes
171 4714 258 4770 vero,
268 4707 447 4847 ffilq'uam
471 4710 587 4762 cometa
609 4702 660 4761 flat
683 4705 886 4778 stationarius,
918 4707 946 4761 in
971 4709 1141 4764 immensam
1164 4700 1349 4761 altitudinem
1371 4717 1446 4759 cva-

111 4795 171 4862 nnt,
194 4804 255 4866 per.
381 4829 389 4846 .
