3284 5520
717 351 758 408 De
775 352 893 409 Cornelia
911 351 997 411 libelli
1014 351 1064 409 111.

782 593 924 664 CAPUT
952 592 1004 663 lll.

213 733 565 822 Epichiremata
601 737 788 821 aliquot
819 739 871 805 de
902 745 1078 805 cometa
1111 737 1218 805 anui
1251 738 1369 805 1618.
1399 737 1577 804 ultimo.

235 898 430 975 Epiehiremo
442 901 592 974 primurn.
631 900 832 962 Paraitaesor
852 907 984 961 cometae
1005 918 1042 961 ea
1064 900 1189 959 dicere
1210 900 1456 961 observationum
1478 899 1554 958 lecit

496 994 553 1045 aut
575 1005 611 1047 eu
632 987 758 1047 diensis
780 988 913 1062 ejusdem
935 988 992 1048 loci
1013 987 1097 1048 horis
1120 988 1288 1049 emtilatr'o.

315 1142 373 1202 Hic
395 1150 473 1220 peto,
496 1151 529 1201 ut
551 1145 706 1219 ignoscant
729 1145 800 1204 mihi
820 1145 989 1217 astronomi,
1013 1146 1037 1203 si
1052 1147 1081 1201 in
1096 1147 1219 1221 gratiam
1235 1161 1345 1218 eorum,
1369 1144 1421 1220 qui
1436 1141 1473 1203 de
1487 1142 1575 1203 coelo

215 1229 395 1306 populariter
416 1229 547 1307 judicare
569 1231 699 1306 nihilque
722 1232 879 1291 admodum
903 1234 959 1290 nisi
982 1232 1214 1307 magnitudinem
1239 1231 1376 1291 admirari
1399 1229 1575 1304 didicerunt,

213 1317 385 1395 popularem
409 1321 506 1391 etiam,
529 1336 583 1378 nec
605 1320 676 1394 ipsis
699 1321 874 1379 astronomis
898 1322 1092 1380 necessariam
1108 1336 1202 1396 eoque
1217 1319 1369 1380 ridiculam
1385 1316 1574 1377 demonstra-

210 1408 320 1464 tionem
351 1404 522 1464 adhibuero.
567 1405 680 1466 Tutatur
707 1424 753 1467 me
776 1405 948 1468 Cleomedes
978 1406 1125 1483 exemplo,
1157 1410 1206 1484 qui
1236 1406 1469 1483 magnitudinem
1492 1404 1574 1464 Solis

212 1492 426 1552 demonstravit
449 1493 565 1568 obJectu
590 1500 619 1553 et
641 1496 852 1571 interceptione
875 1496 1017 1553 montium
1040 1502 1070 1554 et
1091 1494 1244 1569 silvarum,
1272 1502 1305 1554 ut
1326 1492 1438 1568 aliquid
1459 1492 1576 1552 scilicet

211 1579 335 1653 diceret,
358 1579 437 1657 quod
460 1579 540 1639 rudis
563 1580 690 1656 populus
713 1590 844 1658 caperet,
876 1584 1011 1657 quamvis
1034 1581 1089 1640 hac
1112 1581 1250 1643 methodo
1272 1599 1309 1642 ne
1332 1579 1450 1656 quidem
1473 1578 1575 1640 decies

213 1669 322 1729 centies
346 1667 530 1727 millesimam
553 1668 726 1744 particulam
750 1668 786 1728 de
809 1668 1009 1745 magnitudine
1033 1668 1167 1729 diametri
1190 1668 1268 1729 Solis
1290 1675 1505 1744 assequeretur.

314 1755 358 1814 Ex
382 1756 518 1814 omnibus
540 1756 806 1830 observationibus,
830 1756 1018 1834 undiquaque
1042 1758 1225 1833 conquisitis,
1248 1756 1359 1815 nullam
1375 1753 1573 1815 animadverti

209 1858 297 1919 posse
326 1840 489 1918 parallaxin
519 1859 610 1902 causa
638 1841 795 1904 distantiae
830 1844 960 1903 locorum
988 1843 1074 1903 facile
1103 1845 1251 1920 probatur.
1305 1842 1382 1902 Nem
1411 1842 1574 1920 pleraeque

210 1929 433 1989 observationes
455 1930 572 1989 luerunt
594 1947 726 2005 massae,
751 1938 799 2005 ut,
824 1933 960 2009 quamvis
983 1933 1057 1991 inter
1079 1949 1111 1990 se
1135 1930 1282 1992 differrent
1303 1930 1430 2007 locaque
1453 1929 1575 1990 diversa

113 2022 116 2028 '
208 2013 379 2093 proderent,
410 2015 462 2075 illa
489 2025 586 2075 tamen
614 2015 769 2077 diversitas
798 2021 826 2076 iu
850 2026 1053 2094 argumentum
1075 2017 1260 2096 parallaxeos
1282 2017 1360 2077 trahi
1382 2033 1441 2076 non
1462 2018 1570 2094 possit,

209 2101 256 2163 rel
280 2102 318 2162 ob
342 2102 398 2163 hoc
420 2102 524 2177 scium,
549 2103 628 2179 quod
651 2103 724 2164 haec
747 2105 901 2166 diversitas
923 2123 981 2165 non
1004 2103 1230 2182 deprehenditur
1252 2104 1381 2180 analoga
1403 2103 1491 2178 locis,
1514 2104 1570 2163 aed

208 2187 353 2257 interdum
375 2193 522 2250 contraria
543 2191 616 2267 ejus,
643 2209 731 2269 quam
753 2196 868 2253 causari
892 2192 969 2252 solet
990 2192 1160 2269 parallaxis.
1205 2190 1238 2250 Id
1261 2194 1304 2252 sic
1326 2191 1449 2268 patebit
1499 2189 1569 2266 Quo

206 2278 293 2338 altior
321 2286 366 2337 est
394 2286 510 2338 cometa
536 2296 625 2356 supra
647 2279 845 2354 horizontem,
872 2280 929 2341 hoc
951 2281 1045 2357 major
1067 2297 1132 2340 esse
1154 2279 1231 2340 solet
1252 2279 1444 2356 parallaxeon
1467 2277 1570 2340 adhuc

205 2381 362 2443 parvarum
385 2372 415 2426 ct
437 2369 628 2427 crescentium
652 2366 807 2427 diversitas
831 2385 921 2427 causa
942 2367 1120 2428 diversitatis
1142 2367 1281 2427 locorum.
1328 2366 1404 2425 Nam
1427 2367 1457 2423 in
1477 2364 1567 2445 ยน,bori-

205 2460 307 2523 aoute,
338 2452 456 2528 quaudo
484 2453 643 2530 parallaxis
665 2456 746 2532 ipsa,
778 2463 889 2530 quanta
911 2463 1009 2532 potest
1032 2472 1097 2515 esse
1120 2463 1269 2528 camene,
1300 2453 1447 2532 completa
1468 2450 1567 2527 luerit,

205 2550 275 2600 tunc
297 2557 350 2616 per
371 2540 486 2616 aliquot
507 2540 616 2618 gradus
639 2541 812 2615 altitudinis,
837 2561 924 2619 quam
948 2550 1062 2603 cometa
1086 2542 1198 2628 qbtinet
1220 2541 1323 2603 eodem
1346 2548 1495 2600 momento
1513 2558 1569 2618 per

205 2626 323 2688 diversa
345 2626 420 2700 loca,
444 2627 621 2688 insensibilis
644 2637 689 2689 est
712 2629 799 2706 hujus
823 2629 986 2706 completae
1009 2629 1195 2707 paraliaxeos
1219 2628 1384 2689 diversitas.
1427 2628 1505 2703 Ergo
1529 2630 1567 2687 iis

206 2716 299 2787 horis,
324 2715 431 2791 quibus
454 2724 569 2776 cometa
593 2718 693 2775 vertici
716 2718 934 2794 propinquabat
956 2736 992 2777 ex
1014 2726 1098 2795 parte
1121 2717 1341 2794 septentrionis,
1365 2717 1496 2792 oportuit
1518 2715 1566 2789 iis,

204 2805 255 2880 qui
287 2803 574 2879 septentrionaliores
600 2810 682 2877 sunt,
712 2821 826 2880 semper
849 2804 941 2865 videri
963 2804 1242 2877 meridionaliorem,
1269 2820 1384 2880 semper
1405 2804 1434 2860 in
1457 2803 1566 2863 minori

203 2888 379 2963 latitudine,
415 2908 504 2967 quam
538 2893 574 2948 iis
605 2893 655 2967 qui
689 2891 945 2953 meridionaliores.
1001 2892 1142 2952 Similiter
1175 2890 1278 2951 diebus
1311 2889 1566 2965 antecedentibus,

204 2976 322 3054 quando
346 2987 461 3038 cometa
484 2976 581 3036 adhuc
595 2978 624 3034 in
639 2977 729 3054 plaga
742 2977 873 3038 meridiei
890 2978 1077 3053 crrlminabat,
1102 2980 1156 3039 etsi
1171 2978 1331 3055 parallaxis
1347 2980 1411 3054 ipsa
1426 2986 1566 3053 respectu

202 3063 384 3141 singulorum
406 3065 538 3124 locorum
560 3063 637 3124 solet
659 3081 723 3124 esse
747 3068 892 3137 contraria
913 3066 993 3142 ejus,
1023 3083 1099 3143 quae
1128 3068 1158 3123 in
1180 3068 1270 3142 priori
1293 3082 1379 3138 casu,
1410 3071 1508 3124 tamen
1532 3066 1566 3123 in

203 3153 421 3228 comparatione
450 3152 584 3211 binorum
611 3150 742 3212 locorum
770 3155 845 3212 inter
866 3170 899 3214 sc
923 3153 1085 3215 debuerunt
1106 3152 1172 3213 loca
1194 3151 1396 3213 meridionalia
1418 3157 1565 3211 cometam

204 3239 300 3299 medio
333 3239 408 3300 coeli
440 3241 685 3316 propinquantem
719 3241 748 3298 in
783 3240 886 3316 majori
917 3239 1072 3302 latitudine
1104 3241 1223 3315 videre,
1257 3237 1500 3317 septentrionalia
1532 3241 1564 3298 in

202 3328 316 3397 minori,
340 3327 423 3386 utin
447 3328 535 3402 priori
559 3344 639 3388 casu.

307 3412 357 3474 Sic
379 3413 577 3474 occidentales
600 3422 743 3474 cometam
767 3414 858 3473 altum
881 3413 991 3474 factum
1014 3432 1129 3490 semper
1152 3413 1322 3474 debuissent
1345 3413 1444 3474 videre
1462 3415 1565 3473 orien-

203 3500 336 3560 taliorem
358 3509 389 3559 et
412 3505 440 3559 iu
464 3504 674 3577 consequentia
693 3504 908 3578 promotiorem,
933 3519 1021 3577 quam
1039 3501 1204 3575 orientales,
1228 3504 1252 3561 si
1269 3510 1382 3561 cometa
1398 3498 1565 3576 parallaxin

203 3587 365 3650 habuisset.
411 3588 595 3648 Contrarium
628 3588 664 3648 de
697 3589 859 3665 quadrante
889 3588 963 3647 coeli
997 3588 1171 3649 occidentali
1201 3597 1335 3649 teneatur
1365 3604 1418 3665 pro
1451 3586 1565 3649 ultimis

203 3673 315 3748 diebus,
340 3676 447 3751 quibus
470 3685 584 3735 cometa
607 3674 683 3734 ultra
706 3674 898 3736 meridianum
920 3675 1014 3736 videri
1036 3678 1140 3753 potuit.
1181 3676 1270 3751 Atqui
1294 3679 1318 3733 si
1339 3676 1566 3736 observationes

204 3765 383 3840 praemissas
406 3765 481 3822 inter
502 3781 534 3823 se
557 3764 698 3836 conteras,
722 3766 848 3840 reperies
872 3763 972 3824 crebro
997 3766 1180 3823 contrarium.
1220 3763 1310 3823 Verbi
1334 3780 1424 3822 causa
1443 3766 1469 3822 l.
1486 3761 1563 3824 Dec.

138 3900 140 3905 .
203 3848 378 3925 ingolstadii
401 3850 574 3910 censebatur
596 3853 624 3907 in
651 3847 706 3909 10โฐ
730 3854 783 3929 tilโ
816 3851 1009 3926 Argentinae,
1040 3851 1107 3910 loco
1131 3849 1365 3924 occidentaliori,
1396 3852 1425 3907 in
1449 3844 1484 3910 5โฐ
1509 3853 1561 3927 tiiโ

202 3944 318 3997 cometa
350 3944 484 3996 versante
515 3940 544 3996 in
575 3937 736 4014 quadrante
767 3936 910 3998 orientali.
954 3937 1036 3996 Idem
1065 3941 1168 3997 vitium
1195 3945 1222 3998 4.
1247 3938 1335 3997 Dec:
1367 3954 1434 3996 narn
1457 3936 1562 4012 Ingol-

201 4023 289 4084 stadii
312 4027 440 4085 censitus
463 4032 508 4085 est
529 4027 559 4082 in
585 4020 660 4105 5ยน5โฐ
684 4027 738 4103 iliโ
772 4027 949 4101 Argentinae
971 4028 1001 4082 in
1026 4021 1061 4085 3โฐ
1085 4029 1138 4103 iliโ
1169 4032 1201 4083 ut
1223 4031 1394 4084 annotatum
1419 4022 1456 4083 ad
1479 4023 1562 4083 iilam

204 4110 291 4172 diem.
335 4111 418 4172 Idem
443 4116 470 4170 7.
495 4112 577 4185 Dec,
601 4112 651 4171 ubi
675 4112 751 4171 alius
773 4114 803 4170 in
827 4110 931 4172 eadem
956 4112 1085 4185 Alsatia,
1118 4111 1287 4188 Welperus,
1319 4128 1385 4170 cum
1408 4111 1562 4186 Ingolsta-

200 4200 293 4260 diensi
310 4200 498 4276 compositus,
522 4198 689 4259 excluderet
712 4199 874 4275 parallaxin
898 4216 952 4259 nec
974 4202 1030 4258 nisi
1057 4207 1094 4259 10
1111 4202 1230 4259 minutis
1254 4201 1427 4276 impingeret
1449 4201 1478 4255 in
1502 4200 1562 4256 inr-

200 4287 359 4364 possibiIe,
393 4288 418 4345 si
449 4287 670 4347 observationes
701 4288 852 4362 utriusque
884 4285 942 4346 loci
965 4286 1022 4348 iide
1046 4287 1152 4363 dignae
1176 4295 1273 4347 essent
1295 4295 1325 4346 et
1346 4289 1402 4345 nisi
1425 4284 1562 4344 vitiolum

200 4376 289 4436 etiam
311 4374 368 4434 hoc
391 4373 437 4433 die
461 4392 497 4434 ex
520 4371 726 4433 latitudinibus
748 4382 911 4450 appareret,
936 4392 1011 4450 quae
1035 4375 1136 4435 eadem
1160 4392 1224 4434 esse
1248 4373 1348 4433 debuit
1367 4373 1459 4431 tribus
1475 4371 1562 4451 locis,

200 4479 266 4522 cunr
290 4462 394 4522 eadem
417 4477 507 4539 prope
530 4464 569 4521 sit
590 4459 715 4520 altitudo
739 4461 809 4538 poli.
848 4461 904 4520 Die
928 4462 1046 4537 quidem
1071 4470 1099 4523 9.
1116 4463 1188 4522 Dec.
1213 4460 1386 4537 Ingolstadii
1409 4467 1439 4518 et
1460 4459 1561 4517 lliiin-

199 4566 255 4625 gae
290 4552 354 4608 visa
385 4556 430 4608 est
458 4547 583 4607 latitudo
607 4545 672 4617 32โฐ,
705 4556 735 4606 at
765 4551 795 4606 in
817 4546 962 4607 Tirolensi
992 4548 1029 4608 ad
1054 4549 1084 4610 S.
1108 4549 1256 4609 Joanuem
1280 4545 1345 4607 34โฐ.
1391 4545 1464 4621 Quis
1489 4563 1560 4606 vero

200 4635 362 4714 parallaxin
395 4635 557 4696 latitudinis
587 4631 622 4694 2โฐ
650 4637 839 4708 concesserit,
880 4652 945 4694 cum
975 4653 1033 4695 nou
1064 4638 1196 4702 intersint
1230 4633 1265 4696 โ2โฐ
1294 4633 1456 4693 latitudinis
1485 4637 1561 4693 inter

199 4731 356 4799 utrumque
384 4722 506 4782 locum?
541 4730 651 4801 quauta
679 4718 839 4798 parallaxis
869 4725 1029 4783 exstitisset
1057 4722 1265 4800 longitudinis,
1297 4725 1322 4781 si
1352 4729 1434 4780 tauta
1456 4720 1561 4781 luisset

198 4808 384 4871 latitudiuis?
416 4826 482 4871 cum
505 4818 603 4872 tamen
626 4817 759 4872 cometae
779 4808 935 4889 longitudo
955 4809 1130 4890 ingolstadii
1153 4820 1183 4872 et
1205 4810 1244 4871 ad
1264 4809 1296 4871 S.
1317 4807 1466 4870 Joanuem
1488 4825 1560 4870 cenฮ
