3284 5520
517 325 853 398 daemonstrandum
871 326 948 383 rur.
1352 326 1417 395 503

117 523 194 584 oque
227 507 409 584 planetarum
441 510 577 581 aspectus
609 524 674 565 curn
704 504 770 564 fixis
799 504 980 565 fundamenti
1014 504 1106 567 veluti
1142 505 1208 566 loco
1237 508 1417 584 praescribit,

117 610 203 672 rego
228 594 314 672 plane
338 594 513 652 contrarium
536 595 641 653 sentio.
679 594 745 653 Non
769 592 884 653 videtur
905 595 982 652 enim
1005 593 1078 654 haec
1101 595 1271 654 observatio
1294 603 1416 656 naturae

117 698 165 743 cra
196 682 353 760 ingenium.
398 680 510 738 Natura
541 682 679 740 creatoris
708 687 834 751 mentem
864 687 957 756 tenet;
988 684 1038 759 qni
1068 698 1133 740 cum
1156 680 1289 757 planetas
1311 699 1331 741 a
1351 682 1417 742 fixis

118 767 215 829 rrallo
238 772 388 840 immenso,
412 766 612 843 magnitudine
635 767 754 838 visibili¹
779 775 869 837 motu,
894 767 1095 845 dispositionis
1114 771 1295 845 praestantia
1310 768 1417 828 distin·

117 859 155 936 it,
184 864 289 917 natura
312 857 400 914 etiam
424 863 519 913 motus
542 872 612 914 suos
635 854 673 914 ad
697 854 941 930 configurationes
963 873 1021 915 non
1045 856 1129 930 alias,
1154 873 1241 932 quam
1264 857 1416 916 mobilium

118 960 137 1003 tr
167 960 199 1004 se
230 951 347 1015 mutuo,
381 948 562 1018 attemperat.
608 941 658 1002 Sic
686 944 715 1001 in
739 943 851 1002 musica
873 959 930 1002 non
954 943 1097 1003 allicimur
1119 944 1312 1003 consonantia
1334 947 1415 1004 vocis

118 1049 126 1090 r
148 1046 302 1107 campana,
325 1028 378 1091 scd
402 1045 507 1088 vocum
530 1032 604 1088 inter
626 1047 658 1090 so
681 1030 886 1104 cognationem
907 1030 1047 1106 majorem
1070 1029 1250 1092 habentium.

165 1117 297 1178 carellus
328 1115 438 1192 allegat
466 1134 601 1193 geneses,
633 1118 662 1174 in
693 1134 816 1194 quarum
840 1116 1034 1194 explicatione
1058 1125 1192 1177 auctores
1216 1115 1337 1176 multum
1361 1119 1414 1176 trl-

120 1212 156 1264 nt
176 1205 251 1264 fixis.
296 1203 490 1280 Respondeo:
522 1207 673 1280 genesium
697 1204 813 1263 decreta
835 1221 894 1263 non
918 1207 1016 1265 omnia
1038 1212 1216 1265 concernunt
1238 1214 1351 1279 motus,
1383 1213 1416 1264 ut

118 1291 231 1360 indiciis
255 1299 459 1369 tempestatum
483 1291 532 1366 lit3
563 1292 702 1368 pleraque
733 1293 811 1351 enirn
834 1291 872 1350 ad
894 1291 1016 1351 sormam
1038 1310 1092 1353 seu
1114 1294 1242 1368 speciem
1265 1301 1294 1352 et
1316 1291 1416 1367 quali·

119 1396 138 1437 es
161 1396 314 1457 corpomm
338 1382 537 1439 animorumve
561 1378 708 1438 durabiles
730 1379 907 1452 referuntur,
932 1380 983 1438 ubi
1006 1386 1234 1440 consentancum
1259 1387 1319 1451 est,
1341 1378 1424 1439 fixas·

119 1482 195 1527 taces
219 1484 283 1526 esso
306 1466 409 1537 valde,
439 1483 474 1525 eo
497 1467 561 1542 ipso
585 1465 664 1544 quod
686 1465 779 1538 lixas,
808 1465 860 1525 sed
882 1466 913 1525 id
935 1466 1048 1527 efficere
1072 1467 1328 1543 conjunctionibus
1351 1484 1417 1526 cum

119 1555 188 1613 retis
210 1554 340 1630 locisque
363 1553 472 1630 figurae
495 1551 641 1626 coelestia,
664 1568 722 1611 non
745 1553 913 1629 aspectibus
933 1553 1018 1629 aliis3
1041 1563 1179 1632 aspectus
1195 1555 1272 1614 enim
1287 1554 1414 1614 motibus

119 1648 196 1701 satur
218 1640 427 1714 familiariores,
451 1640 672 1716 conjunctiones
692 1641 931 1717 impressionibus
947 1640 1141 1705 durabilibus.
1179 1640 1258 1702 Satis
1280 1640 1336 1701 hac
1350 1641 1416 1702 vice

119 1726 165 1788 lrls
188 1734 219 1787 ot
241 1728 278 1790 de
302 1730 413 1802 ceteris,
439 1744 514 1805 quae
537 1731 566 1785 in
589 1727 645 1789 hac
668 1727 861 1805 Ephemcrido
883 1744 971 1788 nova.
