3284 5520
438 321 498 380 Lib.
516 320 569 380 111.
604 322 646 379 Dc
665 322 908 393 significationibus
925 328 1101 382 commem
1128 391 1132 401 ¹
1389 325 1455 395 137

89 503 204 565 animai
219 504 324 584 ipsum,
347 519 445 581 aequo
466 509 565 565 tsnrsn
588 504 687 564 animo
710 508 859 582 exspecto,
882 509 1000 583 propter
1022 520 1145 583 scopum
1168 506 1310 582 optimum
1334 502 1455 566 divinae

17 599 20 603 '
90 591 306 672 providentiae.
351 591 396 650 Ex
425 608 484 668 quo
515 598 546 652 et
572 591 717 652 similibus
737 589 889 667 judicandi
913 599 1010 668 partes
1033 592 1136 668 vobis,
1171 594 1293 668 curiosi,
1326 594 1453 666 remitto,

90 686 158 741 atur
185 698 225 740 su
255 678 341 740 slbus
373 679 458 740 vobis
489 678 598 740 ridcur.
643 680 780 756 Denique
808 696 845 738 ex
868 679 954 738 vobis
976 679 1105 739 vicissim
1128 697 1253 757 quaero,
1288 682 1339 758 qni
1361 682 1454 759 partis

63 842 69 852 ¹
89 767 262 828 aiterutrius
277 774 359 827 tanto
374 765 472 826 studio
488 768 635 839 tenemini,
652 766 748 844 qualis
764 766 849 827 vobis
863 766 999 827 videatur
1012 765 1104 826 Oniss
1120 767 1170 828 ille
1186 768 1264 846 apud
1276 767 1453 845 Jusepbum,

90 864 216 916 aternu
239 854 334 931 albus,
359 854 463 932 vulpes
485 872 522 913 an
542 852 652 933 lepus?
679 855 729 932 qni
753 870 818 914 cnm
841 871 860 913 a
881 852 1017 924 Judaeis,
1039 872 1139 931 regem
1161 873 1246 915 suum
1269 855 1453 932 eundemque

91 950 121 1003 et
147 960 296 1002 summum
327 941 509 1004 sacerdotem
541 941 744 1003 Aristobulum
774 940 978 1002 obsidentibus
1008 943 1037 999 in
1067 941 1195 1020 templo,
1228 950 1392 1020 protractus
1422 945 1452 1002 in

90 1036 189 1090 cestra
209 1030 362 1107 juberetur
377 1029 578 1091 Aristobulum
600 1029 670 1088 diris
690 1029 849 1106 devovere,
871 1029 914 1090 sic
930 1036 1065 1107 precatus
1088 1046 1154 1090 esse
1176 1031 1319 1104 scribitur,
1343 1032 1452 1108 quippe

90 1119 206 1195 precari
228 1123 363 1178 coactus:
397 1118 481 1178 licus
503 1117 631 1178 universi
654 1116 743 1193 huius
766 1115 953 1190 munditer,
980 1118 1121 1193 quoniam
1143 1124 1172 1177 et
1194 1117 1241 1190 hi,
1264 1120 1313 1194 qui
1338 1135 1451 1178 mecum

89 1211 178 1277 stant,
202 1203 526 1284 tuussuutpopulus,
548 1206 651 1281 etqui
674 1211 894 1282 oppugnantur,
919 1206 962 1263 tui
985 1203 1258 1278 sacerdotes-sunt,
1281 1221 1393 1283 precor,
1417 1212 1451 1265 ut

90 1309 188 1368 usquc
203 1291 260 1352 hos
282 1292 474 1365 austraibus,
497 1309 593 1369 usque
607 1291 676 1352 illos
698 1298 799 1352 contra
821 1291 875 1351 bos
892 1298 1009 1351 orantes
1030 1291 1183 1352 exaudias.
1223 1292 1309 1352 Hunc
1332 1290 1450 1369 quidem

89 1378 202 1440 Judaci
225 1378 373 1458 lapidibus
397 1380 563 1454 obruerunt,
587 1386 619 1438 at
632 1380 723 1454 Dens,
749 1379 879 1438 immisso
900 1379 1041 1457 Pompeio
1065 1396 1130 1439 curn
1153 1383 1282 1441 exercitu
1305 1379 1450 1454 Romano,

90 1465 203 1527 bellum
226 1467 283 1528 hoc
302 1469 345 1526 its
365 1465 518 1542 dissolvit,
545 1474 579 1527 ut
600 1472 705 1527 neutra
726 1483 794 1547 pers
818 1466 963 1542 vinceret,
986 1473 1164 1544 sinusque
1187 1484 1223 1528 ex
1245 1467 1296 1528 illo
1319 1474 1450 1547 tempore

90 1553 234 1615 Romanis
255 1555 388 1616 serviret.

423 1743 530 1807 rums
552 1744 714 1806 LIBELLI
735 1744 874 1807 TERTII
896 1744 947 1806 ΕΤ
969 1743 1115 1807 UL'l'Ibss

304 1868 357 1931 de
391 1867 887 1947 significationibus
924 1867 1233 1929 cometarum.

213 2007 362 2073 Absoluta
386 2008 483 2072 Lincii
511 2016 543 2072 st
571 2008 610 2071 sd
632 2007 849 2088 typographum
876 2008 1050 2070 transmissa
1075 2014 1144 2068 sunt
1175 2011 1224 2070 17.
1252 2006 1326 2070 Maii

643 2145 722 2203 Anno
740 2144 894 2204 uncxm.
