3284 5520
354 1521 701 1658 minuunt
744 1521 1272 1655 HYPERASPISTIS

137 1915 536 2032 spiculorum
579 1919 666 2031 EX
712 1919 1161 2035 uuu'iiuntouu
1208 1916 1497 2033 cruitur.

244 2131 310 2208 Quo
335 2141 465 2210 tempore
481 2135 709 2213 Antityclronem
725 2136 914 2196 claramontii
937 2154 1003 2196 sum
1025 2146 1138 2210 nactus,
1161 2137 1285 2212 contigit
1306 2134 1378 2194 mibi
1397 2133 1498 2207 simul,

138 2230 171 2280 ut
195 2223 367 2301 inspicerem
383 2220 511 2282 Galilsei
533 2224 648 2295 librum,
672 2224 777 2284 ltalieo
800 2227 941 2304 scriptum
962 2225 1100 2283 idiomate
1120 2233 1220 2283 eontra
1237 2221 1410 2282 [rotharium
1424 2220 1500 2282 Ser-

137 2311 228 2384 rium,
261 2312 313 2385 qui
341 2326 407 2369 cum
430 2309 562 2370 libellum
584 2310 725 2372 edidisset
748 2312 784 2371 de
807 2315 928 2372 oometis
950 2314 1020 2371 aursi
1047 2312 1145 2384 1618,
1175 2313 1222 2369 cui
1245 2309 1362 2368 titulum
1387 2310 1501 2369 lecerat

136 2397 292 2456 Libram
315 2397 645 2476 astronomicam,
667 2401 696 2456 in
720 2416 779 2476 qrro
801 2398 927 2476 plurimo
942 2397 1070 2459 Galilaei
1085 2400 1204 2472 mentio,
1228 2395 1381 2458 Galilaeus
1404 2398 1499 2457 vicis·

138 2486 193 2545 sim
215 2483 317 2543 libello
340 2501 394 2544 suo
417 2501 522 2546 nornen
546 2485 627 2546 dedit
655 2485 917 2547 Trutinatori.
963 2487 1007 2545 Ex
1036 2487 1093 2548 boc
1120 2487 1241 2561 inquam
1271 2483 1346 2544 libro
1370 2485 1499 2562 ejusque

138 2570 209 2631 lolio
233 2574 285 2630 Ὦ.
311 2574 363 2631 23.
390 2580 569 2633 monstratus
595 2582 641 2632 est
667 2574 739 2632 mihi
762 2572 858 2648 loeus,
890 2576 918 2631 in
942 2590 1001 2650 qno
1025 2573 1175 2652 'l'yebonis
1198 2571 1306 2632 Brabei
1328 2577 1499 2650 meodoypo·

40 2673 42 2677 ·
140 2681 222 2738 popa
245 2657 425 2735 producitur,
448 2659 487 2719 ad
509 2678 598 2737 qoam
620 2665 798 2722 mentionem
819 2661 957 2739 respondi
973 2678 1029 2739 ego
1044 2665 1075 2720 in
1088 2660 1303 2739 Hyperaspiste
1318 2658 1357 2718 ad
1373 2659 1443 2719 libri
1456 2657 1499 2718 IL

139 2763 203 2825 cap.
231 2753 280 2807 13.
302 2764 380 2806 nom.
406 2749 457 2807 26.

241 2833 313 2894 Erat
335 2834 402 2894 libri
423 2851 578 2911 possessor
600 2836 629 2893 in
654 2840 792 2908 transitu,
822 2853 876 2895 noe
899 2836 968 2896 mibi
992 2835 1207 2896 concedebatur
1229 2835 1373 2912 spatium,
1402 2841 1499 2893 totum

138 2920 343 2998 pervolitandi.
390 2921 529 2982 Attamen
555 2925 666 2999 passim
688 2923 844 2983 volvendis
866 2923 942 2982 loliis
967 2921 1028 2981 vidi
1052 2923 1153 2983 crebro
1177 2938 1325 2982 occurrere
1344 2921 1410 2999 jam
1433 2919 1498 2999 'ly-

139 3008 251 3083 cbonis,
270 3009 334 3084 jam
357 3007 477 3086 Kepleri
499 3012 627 3070 nomina
666 3010 827 3087 Postquam
849 3013 937 3086 igitur
952 3010 1098 3070 Viennam
1120 3013 1198 3082 veni,
1222 3011 1359 3086 quamvis
1375 3006 1497 3087 Hyper·

139 3099 265 3172 aspistes
288 3095 477 3156 dimittendus
500 3104 579 3158 esset
603 3116 619 3157 e
643 3100 778 3158 manibus
801 3101 888 3175 inque
911 3098 1127 3176 typographum
1151 3095 1407 3168 transmittendus,
1437 3111 1497 3154 non

142 3184 284 3243 intermisi
307 3191 413 3255 tamen,
439 3186 508 3260 quin
524 3183 740 3245 Trutinatorem
762 3185 840 3245 buno
863 3184 900 3244 ad
923 3185 1130 3262 perlegendum
1155 3183 1338 3245 commodato
1355 3193 1496 3260 peterem.

243 3271 287 3329 Er
312 3288 347 3330 ea
371 3272 496 3332 lectione
519 3276 658 3349 suppetiit
680 3273 751 3332 mibi
775 3273 831 3333 boo
854 3274 945 3333 veluti
968 3273 1160 3350 spicilegium,
1188 3271 1266 3348 quod
1288 3270 1497 3348 Hyperaspisti

140 3375 205 3417 meo
229 3361 257 3415 in
282 3367 475 3419 commeatum
499 3362 725 3433 summitterem,
760 3360 838 3437 quod
865 3361 957 3419 lector
985 3364 1071 3437 aequi
1100 3361 1228 3436 bonique
1256 3358 1391 3418 consulat
1414 3373 1496 3436 rogo.

140 3446 174 3504 In
199 3449 404 3506 controversiis
428 3446 559 3524 quidem,
590 3466 666 3524 quae
690 3447 819 3508 Sarsium
843 3449 918 3507 inter
940 3456 970 3507 et
992 3447 1159 3507 Galilaenm
1182 3449 1344 3524 agitantur,
1365 3444 1498 3521 judicem

140 3551 266 3592 menon
290 3535 364 3608 iero,
396 3533 475 3609 quod
505 3552 540 3593 ea
571 3552 616 3594 res
646 3534 722 3593 ultra
744 3543 837 3595 metas
860 3534 949 3610 hujus
972 3553 1055 3595 meae
1078 3535 1255 3594 defensionis
1279 3541 1436 3610 evagetur,
1468 3540 1499 3591 at

141 3621 235 3679 sicubi
258 3618 413 3681 Galilaeae
445 3638 563 3680 causam
587 3621 737 3701 ‘l'yebonis
769 3626 900 3699 attingit,
933 3641 969 3682 ea
999 3623 1064 3681 loea
1095 3620 1305 3681 dissimulanda
1334 3620 1408 3680 mibi
1439 3636 1499 3679 non

140 3708 274 3781 luerunt,
307 3725 343 3767 ne
367 3708 564 3768 defensionem
587 3709 664 3768 hane
686 3710 790 3787 frigide
813 3711 992 3788 suscepisse,
1024 3715 1075 3768 aut
1097 3709 1176 3769 mala
1197 3709 1254 3768 fide
1276 3709 1427 3785 peregisse
1451 3708 1499 3766 vi-

140 3794 201 3854 deri
223 3811 349 3872 possem.

248 3890 275 3944 1.
307 3881 393 3958 Quod
417 3886 504 3958 igitur
527 3887 631 3944 attinet
653 3891 888 3964 ψευδογραφημα
911 3883 993 3963 illud,
1017 3882 1131 3943 ostendi
1155 3900 1209 3960 ego
1232 3882 1298 3942 loco
1314 3899 1403 3959 supra
1422 3881 1500 3944 alle·

139 3977 218 4047 gato,
243 3988 311 4030 vere
335 3971 496 4030 errorculos
519 3971 586 4031 illos
610 3989 675 4032 sese
696 3975 773 4030 intra
795 3971 933 4031 vocabuli
955 3971 1043 4046 hujus
1066 3971 1209 4030 ambitum
1232 3971 1400 4045 continere,
1424 3969 1501 4028 nibil

139 4057 249 4117 seilicet
278 4057 358 4117 aliud
388 4076 468 4132 esse,
501 4076 588 4134 quam
620 4066 784 4141 osaypappo
812 4065 934 4139 ψευδες,
966 4060 1084 4118 schema
1114 4058 1226 4119 scilicet
1253 4056 1500 4117 demonstrationi

141 4144 359 4205 diversissimae
383 4155 582 4223 comparatum
606 4149 698 4221 initio,
718 4147 781 4224 jam
804 4150 889 4224 quasi
914 4146 1057 4208 violenter
1080 4153 1243 4206 contortum
1259 4143 1296 4203 ad
1312 4143 1501 4205 demonstra·

140 4235 248 4291 tionem
272 4250 331 4292 non
354 4251 446 4307 suam,
471 4252 547 4309 quae
570 4235 777 4311 applicationis
801 4234 956 4294 difficultas
976 4233 1109 4313 Tycboni
1132 4233 1296 4293 locutiones
1319 4228 1451 4308 ἀκυρους
1471 4241 1502 4292 et

141 4321 300 4381 insolentes
324 4325 506 4399 expresserit,
529 4340 605 4398 quae
629 4326 654 4381 si
677 4341 695 4382 a
719 4323 918 4381 Claramontio
941 4331 970 4381 et
985 4341 1003 4381 a
1019 4320 1156 4381 Galilaeo
1173 4337 1308 4397 expresse
1324 4328 1354 4378 ot
1369 4322 1502 4380 exactis·

140 4410 212 4467 sime
236 4408 273 4467 ad
296 4408 398 4468 literae
421 4427 524 4468 sonum
548 4413 748 4469 examinentur
771 4419 800 4469 et
822 4412 1011 4483 trutinentur,
1044 4413 1071 4466 in
1100 4411 1165 4484 ipsa
1197 4410 1289 4484 prima
1317 4409 1501 4482 geometriae

140 4498 282 4573 principia
312 4499 371 4555 sint
399 4498 574 4573 impactum,
606 4506 637 4555 nt
666 4514 762 4572 neque
785 4496 923 4558 credibile
947 4499 1000 4570 sit,
1030 4497 1197 4568 hominem,
1231 4496 1281 4571 qui
1304 4501 1383 4554 totos
1408 4494 1501 4555 libros

142 4586 259 4660 scripsit
281 4586 467 4660 geometricis
491 4584 787 4644 demonstrationibus
810 4587 975 4656 instructos,
999 4580 1049 4643 illa
1065 4584 1111 4643 vel
1129 4585 1226 4659 pueris
1242 4582 1395 4641 notissima
1412 4584 1502 4659 iguo·

141 4687 229 4745 rasse,
252 4689 348 4747 neque
371 4674 470 4749 magni
494 4690 539 4732 res
563 4673 682 4749 ingenii,
706 4681 828 4748 peccata
850 4681 910 4731 tam
934 4671 1084 4731 evidentia
1107 4671 1262 4730 detexisse.
1302 4669 1367 4728 Etsi
1389 4685 1502 4730 couce-

141 4757 268 4818 dendum
295 4765 325 4820 at
351 4759 407 4819 boc
434 4760 504 4834 luit,
536 4758 681 4820 calculum
709 4762 739 4818 in
760 4759 814 4821 has
838 4759 987 4820 redactum
1009 4760 1162 4837 angustias
1184 4758 1341 4819 schematis
1362 4758 1503 4835 imperti·
