3284 5520
507 339 549 395 Ad
566 338 663 395 librum
674 339 709 395 ll.
728 339 942 410 Anti-Tycboais
959 355 1018 409 cap.
1031 340 1074 395 21.
1087 338 1130 396 22.
1430 340 1495 411 225

140 518 345 576 astronomicis
371 516 509 591 retortas,
541 535 615 594 quas
643 519 718 578 inter
748 526 830 578 erant
852 521 941 580 etiem
964 518 1177 597 disputationes
1200 526 1252 577 aut
1272 520 1436 581 mentiones
1460 520 1496 581 de

141 605 263 661 cometis
285 620 427 663 annorum
452 605 502 663 80.
527 606 577 664 85.
603 606 653 664 90.
679 608 730 666 93.

246 689 322 751 Cum
346 700 444 751 autem
466 692 514 751 hie
532 691 682 769 Tyehonis
705 710 845 769 congerro
868 697 941 752 tanti
964 695 1090 753 nominis
1114 710 1190 751 anno
1217 697 1308 754 1592.
1332 695 1400 753 latis
1424 711 1496 753 eon-

142 780 295 851 cessisset,
332 778 435 856 Tycbo
475 780 627 839 consilium
668 784 745 859 cepit
784 782 924 859 epistolas
963 782 1029 840 illas
1062 779 1167 840 edendi
1208 798 1347 857 orsusque
1385 790 1496 859 typum,

144 865 369 942 procedentibus
398 866 495 925 adbuc
524 869 620 945 operis
649 870 677 924 in
705 878 785 927 tomo
808 868 831 926 1.
862 868 1155 945 Progymnasmatum
1184 878 1235 927 aut
1262 866 1429 947 suspensis,
1464 878 1497 928 ut

145 953 266 1023 solebat,
291 956 400 1030 quippe
422 956 555 1031 privatae
578 958 790 1031 typographiae
813 972 973 1033 possessor,
997 957 1079 1015 tarde
1101 974 1156 1016 nee
1177 965 1246 1015 aute
1268 974 1376 1014 anirum
1403 959 1494 1014 1596.

146 1050 252 1097 15555
269 1040 467 1118 Epistularum
489 1042 567 1099 bunc
586 1044 710 1119 primum
733 1044 869 1101 absolvit.
908 1043 942 1101 ln
965 1044 1010 1102 bis
1031 1043 1136 1102 mediis
1159 1044 1309 1103 laboribus
1333 1054 1497 1103 versantem

148 1140 324 1203 occuparunt
354 1129 456 1188 turbae
487 1130 572 1197 illae,
608 1131 714 1204 quibus
747 1140 935 1206 exasperatus
965 1149 1042 1190 anno
1066 1133 1200 1207 sequenti
1222 1134 1335 1206 patriae
1359 1134 1497 1189 nuncium

150 1217 255 1273 remisit
285 1217 459 1291 transiitque
491 1218 519 1273 in
543 1214 732 1275 Germaniam
760 1235 825 1275 cunr
855 1218 1069 1293 exemplaribus
1094 1219 1238 1294 plerisque
1261 1221 1332 1276 tumi
1356 1219 1379 1275 l.
1405 1228 1434 1277 et
1456 1218 1496 1276 ΙΙ.
1599 1220 1608 1236 '

148 1300 456 1378 Progymnasmatum,
489 1320 612 1379 quorum
641 1304 689 1362 ille
717 1306 899 1380 praefatione
929 1316 958 1363 et
988 1306 1105 1380 epilogo
1129 1307 1247 1364 carebat
1270 1315 1300 1364 et
1322 1305 1496 1382 compendio

149 1388 289 1448 lunarium
323 1391 556 1463 restitutionum,
601 1393 719 1468 saepius
759 1394 937 1467 revisorum;
975 1392 1022 1451 bic
1056 1410 1126 1451 vcro
1161 1394 1351 1467 exspectabat
1384 1395 1496 1451 socium

147 1483 253 1535 tomum
285 1477 342 1535 ΙΙΙ.
381 1475 418 1536 55
450 1481 571 1537 cometis
604 1496 744 1538 annorum
778 1483 971 1556 sequentium.
1033 1479 1099 1538 Hoc
1130 1479 1233 1555 Tycha
1266 1480 1388 1538 consilio
1423 1498 1494 1539 usus

147 1564 321 1639 exemplaria
349 1581 484 1640 operum,
519 1574 721 1641 praeterquam
751 1570 820 1625 tomi
846 1567 867 1626 1.
891 1567 1103 1642 Epistularum,
1137 1569 1306 1642 parcissime
1328 1569 1495 1644 spargebat,

146 1652 315 1726 interimque
338 1659 367 1710 et
389 1651 592 1712 Maelianicam
614 1655 819 1713 Astronomiae
842 1663 954 1731 partem
977 1656 1146 1726 adornavit,
1172 1664 1204 1713 ut
1226 1653 1364 1713 damnum
1387 1657 1496 1712 instru-

145 1748 322 1811 mentorum,
357 1738 478 1799 sedibus
512 1743 572 1799 suis
607 1741 801 1813 revolsorum,
836 1745 1058 1801 conservatione
1092 1744 1248 1801 memoriae
1282 1741 1496 1817 quadamtenus

146 1833 296 1900 pensaret3
334 1836 363 1884 et
401 1827 566 1903 catalogum
605 1827 683 1887 mdle
720 1829 842 1887 fixarum
879 1830 1038 1907 complevit
1071 1829 1287 1905 expolivitque,
1322 1838 1350 1887 et
1382 1839 1494 1887 tomum

144 1912 301 1972 secundum
314 1913 512 1989 Epistularum
528 1913 671 1976 excudere
687 1919 797 1992 coepit,
813 1934 867 1976 nec
878 1924 975 1976 tamen
990 1935 1008 1976 5
1023 1919 1241 1976 continuatione
1257 1918 1496 1977 observationum

143 2002 251 2059 remisit
279 2008 310 2060 et
336 2003 367 2059 iu
390 2000 491 2063 Lanae
513 2002 625 2063 theoria
648 2004 783 2062 omnibus
807 2002 1028 2064 meditationum
1052 2007 1144 2080 copiis
1168 2003 1343 2063 exstruenda
1367 2020 1496 2079 occupa-

143 2089 270 2148 tissimus
293 2096 365 2148 erat.

244 2178 275 2235 2.
306 2175 431 2236 Dubitet
451 2176 573 2253 aliquis,
609 2179 766 2254 quicquam
793 2178 897 2237 horum
929 2177 977 2237 rel
998 2179 1093 2237 solum
1116 2179 1177 2255 geri
1200 2180 1350 2256 potuisse,
1383 2179 1498 2253 siquis

143 2262 309 2340 perpendit,
331 2262 479 2324 buniinem
502 2272 546 2323 tot
569 2267 645 2324 curis
668 2266 843 2340 districtum,
869 2283 936 2324 eum
957 2265 1139 2343 supellectile
1163 2267 1364 2342 copiosissima
1388 2267 1497 2323 instru-

144 2358 320 2425 mentorum,
349 2359 501 2428 typorum,
530 2352 687 2426 librorum,
717 2353 941 2431 exemplarium,
974 2370 1039 2412 cum
1063 2370 1152 2412 uxore
1176 2362 1206 2412 et
1228 2370 1316 2429 grege
1334 2353 1497 2411 liberorum

145 2436 273 2513 pluribus
302 2454 339 2497 ex
369 2456 403 2498 5ο
433 2438 506 2499 15515
535 2439 714 2498 domicilium
742 2439 841 2500 fixisse
865 2449 894 2500 et
916 2439 1062 2513 relisisse,
1099 2457 1187 2516 quam
1210 2441 1373 2516 supervixit
1394 2455 1496 2500 annos.

148 2526 228 2585 5555
259 2527 337 2585 enim
363 2528 454 2585 1591.
488 2544 524 2585 ex
554 2528 651 2586 insula
672 2526 801 2587 Huenna
823 2527 961 2585 Halniam
985 2527 1099 2586 Dauiac
1130 2526 1330 2603 metropolim,
1367 2544 1402 2585 ex
1430 2525 1495 2598 bac,

147 2610 219 2672 leti
243 2613 383 2689 traiecto,
414 2612 622 2685 Rustocbium,
655 2614 816 2674 Rostoehio
840 2617 877 2674 ob
900 2624 1082 2690 grassantem
1106 2625 1218 2689 pestem
1240 2613 1496 2688 Waudesburgum

148 2699 174 2755 iu
193 2698 362 2759 llolsatiam
392 2701 533 2760 invitatus
555 2720 574 2760 5
595 2701 749 2761 115555νί5
780 2704 901 2763 transiit.
947 2703 1032 2761 Auno
1055 2704 1188 2777 sequenti
1216 2702 1307 2760 1598.
1330 2707 1497 2760 55551555

147 2783 299 2865 Rudolpbo
322 2787 362 2849 11.
384 2786 509 2849 Roman.
533 2788 638 2866 Impar.
670 2789 860 2865 longinquam
888 2790 1095 2865 prosectionem
1124 2789 1279 2847 adornavit
1301 2805 1337 2846 ex
1359 2786 1497 2846 Holsatia

149 2872 376 2949 inBobemiam3
400 2874 452 2934 sed
474 2892 540 2935 eum
562 2879 654 2953 pestis
670 2876 783 2952 Pragae
806 2885 996 2953 grassaretur,
1021 2877 1208 2955 Witebergae
1230 2875 1367 2934 substitit.
1409 2875 1495 2932 Anno

153 2960 237 3023 1599.
271 2962 443 3039 Witeberga
470 2962 613 3039 Pragam,
646 2962 743 3039 Praga
773 2964 943 3024 Benaticam
974 2966 1003 3021 in
1034 2981 1129 3024 arcem
1160 2963 1334 3022 Caesaream
1371 2962 1494 3034 transiit,

150 3045 199 3107 bue
226 3051 420 3109 instrumenta
450 3050 563 3122 intulit,
596 3051 653 3109 bue
683 3067 738 3126 ego
761 3068 778 3110 5
800 3050 899 3128 Styria
929 3058 1071 3111 evocatus
1098 3052 1180 3109 illum
1203 3052 1287 3109 initio
1309 3051 1377 3107 5551
1404 3048 1495 3110 1600.

150 3135 239 3196 tareni
262 3137 479 3197 conflictantem
501 3154 567 3196 eum
590 3139 735 3214 imperitia
756 3138 900 3211 locorum,
929 3138 1093 3212 hominum,
1122 3138 1256 3214 linguae,
1285 3154 1412 3210 morum,
1440 3151 1496 3194 555

151 3238 180 3281 eo
192 3232 290 3284 15555
312 3225 431 3301 segnius
447 3225 700 3285 observationibus
724 3227 937 3285 incumbentem
954 3234 982 3284 et
1000 3225 1160 3285 scribendis
1177 3224 1215 3284 55
1238 3226 1336 3284 varios
1352 3223 1493 3298 epistolis.

151 3308 251 3371 Eodem
281 3328 359 3371 antro
390 3320 420 3372 et
448 3311 573 3388 Pragam
604 3321 636 3371 ut
661 3320 868 3385 reverteretur,
898 3330 964 3372 arce
994 3313 1123 3384 deserta,
1154 3312 1322 3387 impetravit
1350 3318 1380 3369 et
1406 3308 1494 3368 aedes

150 3398 248 3459 ibidem
271 3400 318 3458 bis
332 3400 467 3471 mutavit,
491 3406 521 3458 et
535 3402 726 3459 imtrumenta
748 3417 801 3458 555
819 3401 932 3476 majora
954 3418 990 3459 ex
1006 3402 1108 3469 itinere
1131 3401 1240 3474 recepit
1261 3399 1329 3456 navi
1351 3397 1495 3455 subvecta

149 3483 315 3562 direxitque.
359 3486 446 3545 Anno
472 3487 563 3545 1601.
589 3490 723 3562 sequenti
745 3495 875 3546 mortuus
898 3495 952 3547 est.
1304 3488 1305 3492 ’

244 3574 274 3632 3.
312 3572 388 3632 ’1155
420 3572 534 3633 55555
565 3573 859 3650 Progymnasmatum
889 3577 976 3646 tomi,
1009 3575 1119 3650 primus
1150 3581 1180 3631 et
1208 3570 1369 3643 secundus,
1404 3587 1495 3646 opera

146 3658 299 3721 15515555
321 3660 490 3739 prodierunt
511 3663 540 3717 in
556 3659 666 3736 lucem;
689 3665 793 3721 tertius
816 3679 884 3722 vero
909 3665 983 3720 inter
1005 3662 1184 3737 praestantia
1205 3657 1319 3735 reliqua
1341 3675 1406 3716 cum
1430 3660 1494 3734 ipso

145 3755 261 3808 auctore
290 3747 427 3808 correidit
471 3746 530 3806 Hic
556 3750 581 3807 si
609 3748 703 3808 lucem
730 3748 866 3821 vidisset,
897 3749 963 3825 plus
987 3746 1146 3823 aliquando
1170 3745 1383 3805 claromontius
1416 3742 1494 3821 quod

144 3843 241 3911 agaret
274 3835 406 3896 haberet.
461 3834 545 3894 Nunc
571 3835 699 3911 paucula
726 3845 880 3913 supersunt
909 3839 937 3893 in
970 3835 1167 3911 Epistularum
1198 3841 1294 3908 tomo,
1327 3834 1495 3910 properanti

144 3922 256 3982 calam
283 3922 364 3996 iasa,
398 3928 431 3980 ut
457 3921 504 3994 fit,
540 3921 576 3981 de
604 3931 718 3983 cometa
748 3924 815 3982 anni
843 3924 937 3993 1585,
974 3925 1003 3978 15
1027 3940 1103 3998 quoe
1126 3922 1340 3980 claramontius
1363 3919 1494 3994 insurgit.

142 4008 185 4069 Ea
200 4016 297 4069 utrum
320 4011 363 4070 sic
378 4008 534 4083 convellat,
558 4017 591 4068 ut
605 4011 682 4070 bunc
698 4017 841 4069 cometem
864 4013 932 4068 anni
951 4011 1043 4069 1585.
1067 4009 1149 4068 55515
1166 4010 1309 4082 exturbet,
1334 4006 1494 4079 videamus,

142 4098 313 4157 bansmisso
336 4105 450 4157 cometa
473 4098 541 4156 5551
568 4098 660 4173 1580,
685 4105 716 4157 at
740 4098 804 4156 vult
825 4105 935 4171 auctor,
959 4100 988 4154 in
1011 4099 1229 4172 consequentia.

248 4189 279 4243 4.
310 4182 435 4245 8555155
466 4193 510 4244 est
532 4183 635 4261 Tyebu
663 4186 693 4243 in
724 4185 1013 4261 comprobationibus
1042 4186 1122 4242 viam
1148 4185 1210 4260 J'am
1239 4181 1331 4243 semel
1353 4180 1495 4240 calcatam

142 4272 172 4331 ia
202 4278 318 4333 cometa
343 4275 412 4332 anui
449 4272 552 4346 intr,
590 4273 698 4350 incepit
727 4274 803 4331 5515
834 4292 852 4330 5
880 4272 1079 4348 probabilibus
1109 4272 1289 4347 argumentis
1322 4268 1358 4327 de
1387 4267 1495 4326 circulo

142 4361 275 4438 proxime
307 4359 417 4419 directo
450 4376 503 4418 seu
535 4361 663 4418 maximo
695 4360 789 4435 deque
821 4359 1009 4434 regularitate
1039 4359 1206 4417 diurnorum
1237 4360 1266 4414 in
1295 4356 1495 4414 decrementis.

141 4445 227 4521 Quae
256 4447 315 4506 dno
345 4464 410 4507 cum
434 4444 535 4523 Scipio
565 4448 594 4503 15
623 4448 820 4523 superioribus
843 4449 914 4505 satis
937 4464 1001 4506 esse
1024 4446 1178 4522 profligata
1201 4444 1354 4520 glorietur,
1389 4449 1416 4500 et
1440 4458 1495 4517 ego

140 4536 233 4611 igitur
246 4532 325 4594 bane
347 4551 429 4593 ame
451 4532 656 4609 gloriationem
671 4535 713 4592 sie
737 4552 800 4593 esse
816 4535 994 4593 confutatam
1018 4542 1047 4592 et
1061 4534 1211 4593 contusam
1234 4531 1362 4590 vicissim
1378 4530 1495 4601 glorior,

139 4629 174 4680 ut
197 4619 234 4680 de
256 4621 466 4697 probabilitate
494 4621 596 4679 barum
619 4623 763 4681 rationum
786 4639 837 4696 per
860 4620 1049 4679 Claramontii
1072 4621 1191 4696 quidem
1214 4619 1401 4692 exceptiones
1423 4616 1497 4673 nibil

139 4706 283 4784 decedam
319 4710 401 4768 etsi
428 4724 487 4767 non
514 4707 601 4786 plene
630 4709 665 4768 de
688 4709 835 4784 ipsissimo
858 4707 975 4767 aetbere
997 4709 1199 4767 necessitatem
1222 4706 1359 4777 inferant,
1393 4703 1496 4763 saltem

216 4824 314 4876 Kspisrl
327 4823 411 4876 Opsrs.
439 4821 491 4867 vn.
1248 4815 1285 4870 15
