3284 5520
616 110 659 166 ns
675 109 914 180 spumescant.
1377 110 1441 179 469

81 289 229 366 imprimis
252 305 323 351 vero
337 289 380 348 tul
395 288 550 363 similibus,
571 286 788 366 philosophiam
804 288 980 363 amantibus,
1004 304 1210 373 quamcuqqus
1223 274 1369 349 tanmem
1384 286 1444 349 illis

81 376 271 436 turbulentus
294 379 348 437 iste
371 378 451 436 vitae
475 392 576 435 cursus
600 375 760 438 indulserit.
798 372 1440 453 1161166111666111161616111111611661116166,

80 480 138 525 nec
165 472 200 523 ut
226 464 326 524 ilectar
349 463 396 524 vei
418 463 536 541 hymnis
558 479 633 539 opus
656 471 700 522 est
724 463 771 523 vei
793 464 1058 542 supplicationibus
1080 462 1129 523 vol
1151 463 1267 542 16166116
1290 472 1320 525 61
1341 466 1442 540 pulvi-

80 551 214 611 naribus.
258 550 303 612 Tc
328 568 413 624 vero,
438 553 572 627 quisquis
594 567 626 610 66
650 546 735 632 (6616
758 555 852 610 oratio
875 550 991 612 excelsa
1014 546 1091 630 est),
1122 560 1286 627 6166111116
1309 551 1440 625 obscero,

80 641 106 697 61
137 654 209 697 vero
238 647 267 697 et
293 640 421 715 ingenuo
444 641 541 698 animo
565 648 616 696 tua
638 638 709 696 mihi
731 638 874 715 obsequia
897 647 926 698 61
948 637 1047 698 6161116
1070 637 1181 711 dci'ers,
1212 646 1272 697 tam
1295 641 1441 714 exquisito

79 726 240 786 verborum
263 734 415 803 apparatu,
440 728 529 785 tantis
550 724 689 784 laudibus
712 726 869 799 abstineas,
892 743 988 803 neque
1011 728 1170 803 pessimum
1186 725 1351 803 exemplum
1367 728 1442 787 intur

78 812 278 891 philosophus
300 822 422 887 statuas,
447 814 500 872 tibi
523 829 592 871 vero
616 812 794 889 persuadeas
817 816 883 892 ipsi,
907 831 963 889 me,
985 815 1050 873 sive
1073 814 1190 871 16161161
1211 814 1266 872 6161
1280 816 1370 873 166116
1387 828 1442 875 cu·

78 903 203 977 66111116,
226 900 414 960 vehementer
435 902 471 959 iis
495 898 618 973 offendi,
642 902 706 959 sive
729 918 783 977 par
803 904 832 958 in
856 903 977 959 minima
1000 916 1046 973 16,
1070 908 1168 959 tamen
1191 901 1229 959 ab
1251 902 1288 958 ils
1311 909 1440 963 metuero

77 989 244 1047 sinceritati
271 985 498 1066 philosophandi
527 988 643 1064 ipsique
672 987 747 1047 adeo
778 990 899 1064 pietati3
927 1006 980 1059 ne,
1012 987 1079 1045 dum
1103 996 1221 1065 propter
1244 991 1441 1064 cognitionem

78 1092 205 1152 operum
228 1076 392 1135 divinornm
414 1082 531 1134 nostras
555 1077 683 1150 ipsorum
699 1092 959 1135 commemoramus
974 1074 1168 1150 audimusque
1182 1074 1296 1149 laudes,
1320 1075 1441 1135 laudum

77 1180 226 1235 verarum,
251 1179 327 1239 quac
349 1163 567 1238 sapientissimo
591 1170 737 1222 tantorum
761 1181 882 1241 operum
904 1165 1016 1223 auctori
1040 1162 1196 1235 debentur,
1220 1162 1438 1225 obliviscamur.

76 1248 141 1309 Res
163 1251 238 1327 ipsa,
263 1266 351 1326 quam
373 1253 458 1326 petis,
482 1253 507 1308 si
530 1267 596 1308 cum
618 1257 662 1309 tot
678 1250 884 1310 blandimentis
900 1258 1091 1327 eomparatur,
1116 1249 1269 1326 pudendae
1284 1253 1439 1326 parvitatis

75 1344 135 1410 est,
158 1354 219 1412 qua
242 1339 382 1414 praestari
405 1344 511 1414 potest,
535 1354 595 1413 qua
618 1354 687 1395 vero
710 1338 839 1397 nondum
863 1346 968 1413 petest,
992 1336 1079 1396 nullis
1102 1337 1258 1396 verborum
1278 1337 1440 1411 lenociniis,

76 1422 132 1483 sed
154 1423 329 1483 assiduitate
353 1424 600 1497 observationum,
624 1422 722 1483 studio
746 1432 776 1485 et
797 1424 1043 1501 contemplatione
1066 1423 1212 1484 indefessa
1228 1434 1258 1483 et
1272 1428 1440 1485 versatione

76 1513 191 1588 ingenii
206 1513 235 1569 iu
251 1520 348 1589 partes
365 1529 465 1571 616666
481 1510 663 1589 expedienda
680 1521 735 1571 est.
764 1513 873 1573 Notum
888 1514 943 1572 tibi
958 1513 1044 1585 lacio,
1068 1519 1241 1571 6166661616
1257 1514 1326 1570 6661
1345 1515 1438 1587 1614,

79 1616 158 1673 quae
181 1600 275 1675 prima
297 1598 377 1672 161111,
401 1599 488 1657 durno
512 1602 676 1675 composita
698 1608 766 1678 post
788 1600 945 1660 iniortuuia
966 1608 996 1659 et
1018 1601 1207 1673 migrationes
1223 1601 1330 1672 varias,
1356 1602 1440 1675 qnie-

80 1694 142 1745 tem
164 1688 317 1746 restituere
340 1689 406 1747 visa
428 1695 481 1760 est,
504 1688 534 1743 in
556 1687 684 1746 mutibus
706 1687 810 1747 stellae
829 1688 953 1748 Veneris
975 1686 1162 1747 restituendis
1185 1703 1303 1763 operam
1327 1689 1440 1746 insum·

82 1773 168 1846 sisso,
198 1791 277 1833 anno
304 1776 386 1832 1615
410 1776 438 1832 16
461 1773 606 1834 Mercurio
629 1777 787 1846 successit,
811 1776 865 1835 sed
886 1777 1030 1852 posterior
1052 1783 1081 1833 ct
1102 1777 1256 1850 potissima
1278 1792 1347 1851 pars
1369 1776 1440 1834 anni

10 1916 13 1927 ,
87 1867 234 1920 6666116116
255 1880 275 1920 6
295 1878 343 1920 166
366 1863 471 1919 1111116
494 1863 678 1938 geometricis
701 1861 997 1939 contemplationibus
1013 1870 1041 1920 et
1057 1865 1267 1935 stereometria,
1291 1869 1324 1920 ut
1349 1871 1439 1939 typo-

10 1992 13 1997 .
91 1947 242 2025 paphum,
267 1949 317 2024 qui
340 1965 441 2008 recens
464 1948 522 2008 huc
544 1950 684 2021 accessit,
715 1952 838 2008 materia
860 1951 954 2023 magis
976 1949 1112 2025 populari
1135 1951 1268 2024 meisque
1292 1949 1437 2008 sumtibus

10 2038 26 2081 '·-
92 2032 229 2107 juvarem,
259 2042 395 2113 essetque
425 2036 496 2095 mihi
519 2038 548 2093 16
571 2042 719 2111 posterum
743 2044 869 2113 praesto.
916 2033 957 2096 Ut
977 2040 1102 2111 primum
1126 2044 1224 2095 autom
1249 2045 1314 2093 tuas
1337 2037 1439 2111 accepi

10 2142 32 2205 :l
96 2116 191 2197 literas,
215 2124 312 2182 visum
336 2131 389 2194 est,
412 2124 528 2183 lunares
551 2123 767 2200 speculationes
790 2140 856 2183 cum
878 2130 995 2200 propter
1011 2124 1155 2198 abjectam
1172 2141 1190 2180 a
1205 2122 1346 2200 Tychone
1361 2131 1439 2183 tem-

16 2222 33 2247 -·
96 2213 161 2279 puris
183 2212 403 2290 aequationem,
426 2221 488 2268 tum
511 2218 629 2287 propter
651 2211 802 2287 eclipsium
826 2214 855 2268 16
871 2213 963 2287 signis
977 2208 1245 2286 aequinoctialibus
1261 2209 1438 2270 anomaliam

10 2370 21 2379 -
97 2292 127 2351 ai
151 2314 256 2357 616666
286 2315 410 2358 sumere.
456 2297 541 2358 Hane
570 2299 657 2373 igitur
686 2298 763 2358 habe
790 2301 914 2375 gratiam
938 2315 989 2375 pro
1013 2306 1064 2355 tuo
1087 2300 1274 2374 panegyrico,
1298 2314 1384 2374 qucm
1408 2300 1437 2355 16

10 2390 31 2475 ζ,
93 2384 199 2444 emotis
223 2386 393 2445 nationibus
416 2385 487 2443 mihi
510 2385 613 2445 scribis
637 2384 817 2459 decantasse,
842 2386 920 2463 quod
944 2386 1002 2443 tuis
1025 2387 1143 2460 nuperis
1166 2385 1257 2444 literis
1279 2388 1437 2461 instigatus

90 2478 180 2531 turam
201 2470 279 2531 hanc
301 2474 441 2545 resumsi,
470 2490 537 2532 cum
565 2471 649 2531 multi
678 2490 730 2549 per
755 2490 840 2533 casus
863 2472 1004 2532 adversos
1026 2471 1155 2531 familiae
1178 2490 1262 2532 meae
1286 2474 1439 2533 fluxissent

10 2568 24 2601 ²*
85 2560 159 2633 tunt,
183 2576 219 2619 ex
243 2576 303 2637 quo
324 2560 525 2621 mathematici
548 2558 686 2619 Germani
709 2559 747 2618 ad
770 2578 816 2619 166
839 2568 1056 2637 provocassent,
1079 2567 1252 2619 caussantes
1276 2563 1385 2636 passim
1408 2563 1437 2618 in

10 2654 27 2749 3'ss
81 2635 500 2724 ’661661161611616
523 2646 656 2706 residuas
679 2648 919 2725 imperfectiones.
966 2646 1051 2722 Quod
1075 2649 1232 2706 antevertit
1254 2648 1371 2725 eclipsis
1394 2644 1437 2728 Θ

10 2764 17 2879 ἔ
75 2730 512 2882 ὂᾚὶ1116611ἶ61ξ1ῃῖ11366ῗ1111ἳ1ᾞ1
525 2752 607 2884 (3⁰⁸1
618 2735 1129 2898 {td‘lpssgstoffigrvrlardmhinitiuffl‘l’u
1140 2734 1294 2902 1666665631,
1315 2752 1437 2882 idrgurlrn

10 2890 13 2949 Ϊ
73 2909 184 2967 'tinum
215 2917 261 2968 661
289 2909 391 2985 eclipsi
422 2910 490 2969 anni
522 2915 621 2981 1605,
656 2910 740 2986 cujus
771 2910 992 2969 observationes
1015 2928 1033 2968 6
1056 2910 1149 2968 1111166
1177 2912 1439 2986 praestantissimis

10 2986 12 2997 '
72 2996 304 3070 mathematicis,
329 2996 434 3069 Ericio,
458 2996 608 3074 Tychonis
632 2996 785 3074 discipulo,
808 2996 934 3055 hundini
959 2999 986 3054 in
1007 2996 1168 3069 Britannia,
1192 2996 1336 3072 Coigneto
1361 2999 1438 3057 Aut-

72 3084 218 3161 werpiae,
244 3084 379 3144 Fabricio
402 3086 433 3142 16
456 3085 550 3143 Frisia
573 3085 718 3158 orientali,
741 3102 835 3143 616616
859 3085 1093 3143 observationem
1109 3084 1223 3160 Pragac
1247 3087 1274 3141 16
1299 3085 1436 3145 1111116116

73 3154 216 3231 Caesada
248 3173 323 3231 inter
355 3172 456 3230 turbas
485 3171 647 3230 aulicorum
675 3172 807 3231 habitam
837 3174 939 3231 erroris
967 3180 1019 3230 aut
1040 3170 1226 3231 hortulanum
1250 3171 1346 3231 616166
1369 3171 1438 3232 iidci

76 3260 216 3333 ⁸tguunt,
242 3260 293 3336 qui
314 3276 373 3317 nnn
398 3259 552 3335 diligenter
567 3262 693 3319 arcuerit
708 3260 747 3319 ab
762 3262 960 3319 instrumentis
977 3260 1153 3318 turbatores.
1177 3263 1245 3331 (cir.
1257 3268 1302 3316 111.
1322 3268 1373 3317 766
1387 3264 1436 3333 aa.)

11 3348 15 3355 '
77 3328 154 3405 Nam
177 3348 293 3406 initium
317 3347 346 3404 16
371 3346 504 3422 Epistola
528 3346 564 3405 de
587 3348 643 3406 hac
666 3347 767 3424 eclipsi
791 3347 870 3407 edita
892 3347 1033 3422 adscripsi
1056 3346 1085 3406 h.
1113 3355 1140 3408 1.
1168 3344 1196 3405 6’
1220 3364 1249 3422 p.
1274 3365 1321 3421 m.,
1357 3348 1438 3425 quud

84 3438 131 3497 lter
158 3436 247 3492 trium
276 3433 416 3493 dictorum
445 3434 576 3492 locorum
600 3435 757 3494 observata
780 3437 854 3493 16161
876 3453 907 3494 66
930 3433 1306 3504 666666116611611611666
1329 3444 1436 3511 potest.

86 3508 135 3579 lita
157 3521 249 3597 igitur
271 3521 391 3597 eclipsis
413 3524 571 3581 antevertit
593 3523 734 3594 similiter,
758 3524 886 3581 vicissim
910 3522 1025 3597 eclipsis
1047 3526 1237 3581 66661598.
1261 3523 1373 3582 tardius
1389 3526 1437 3581 16-

92 3607 152 3667 cidit
175 3610 205 3667 in
229 3609 315 3685 signo
338 3608 478 3668 Piscium.
523 3610 628 3684 ltaque
650 3611 704 3671 6161
728 3610 857 3669 66611661
880 3611 1037 3685 quicquam
1060 3611 1234 3687 pronuncio,
1258 3626 1316 3667 non
1339 3617 1436 3671 tamen

90 3694 174 3757 telarn
196 3713 318 3773 possum
339 3698 524 3773 suspiciones
547 3704 576 3756 et
598 3697 764 3757 molitiones
786 3715 876 3756 meas.
915 3696 1058 3755 Nimirum
1081 3704 1179 3755 motus
1202 3698 1286 3773 primi
1310 3698 1436 3769 mobilis,

10 3790 19 3843 '.
88 3786 127 3858 qui
151 3782 392 3843 praevolatione
414 3783 541 3843 Telluris
567 3787 643 3845 circa
665 3802 751 3844 suum
774 3802 858 3843 61616
875 3783 1062 3855 immobilem,
1087 3783 1196 3843 tardior
1219 3801 1283 3843 esse
1312 3783 1436 3857 videtur,

10 3862 12 3867 ’
86 3887 144 3930 6661
167 3870 260 3931 Terra
282 3878 327 3931 est
350 3872 379 3928 16
403 3870 537 3948 aphelio,
564 3872 621 3933 hoc
651 3880 736 3932 6616
759 3870 827 3929 Sole
858 3879 953 3930 166166
987 3879 1106 3929 auctore
1137 3878 1264 3945 remota,
1296 3872 1436 3945 velocior,

82 3976 144 4018 cum
168 3966 213 4017 est
237 3960 400 4037 propinqua
422 3957 494 4017 Soli.
541 3960 659 4036 Digitus
682 3960 839 4018 observavi
863 3964 1052 4019 66661611.
1076 3957 1190 4018 1111169
1216 3966 1248 4017 ut
1270 3958 1435 4032 videbatur,

80 4044 231 4106 Monachii
255 4048 401 4106 aestimati
423 4054 491 4104 sunt
514 4065 587 4123 pene
603 4053 632 4108 9.
669 4045 813 4123 Equidem
835 4047 861 4103 si
884 4046 939 4105 11111
962 4053 991 4104 61
1008 4047 1176 4122 promotior,
1201 4063 1290 4120 quam
1306 4045 1436 4107 calculus

77 4132 219 4203 ostendit,
242 4133 297 4192 luit
320 4142 350 4193 et
372 4133 450 4192 nodo
475 4134 597 4193 vicinior
620 4142 650 4193 61
672 4132 841 4205 6661161161,
866 4131 944 4210 qnod
967 4150 1130 4209 repugnare
1154 4132 1270 4192 videtur
1293 4134 1439 4194 observa-

76 4222 170 4296 tioni3
193 4219 246 4279 sed
270 4238 335 4281 cum
358 4228 510 4297 praeterea
532 4222 642 4281 multae
666 4224 838 4282 concurrant
861 4237 977 4293 causae,
1001 4219 1160 4297 parallaxis
1177 4220 1255 4279 Solis
1278 4229 1307 4279 et
1322 4219 1434 4294 Lunae,

74 4308 206 4385 angulus
229 4306 409 4382 latitudinis,
434 4307 576 4369 diameter
598 4308 716 4382 Lunae,
750 4308 878 4367 nondum
902 4308 1024 4385 despero
1049 4307 1084 4366 de
1107 4307 1319 4367 conciliatione.
1364 4308 1435 4368 ι1616

71 4396 257 4473 subjungam
280 4395 425 4455 calculum
447 4395 579 4456 locorum
603 4396 794 4474 planetarum,
818 4403 958 4473 quantum
983 4394 1100 4471 quidem
1123 4396 1187 4471 ejus
1211 4413 1303 4471 usque
1319 4394 1357 4454 ad
1373 4394 1435 4455 dis·

70 4502 194 4549 6666166
217 4486 387 4545 mercatoris
407 4482 573 4561 Pragensis,
598 4488 644 4545 cui
667 4484 782 4559 legatus
805 4485 937 4544 Venetus
959 4483 1016 4543 hoc
1037 4484 1189 4559 negotium
1211 4482 1435 4561 commendavit,

66 4574 138 4637 fieri
162 4573 279 4649 poterit.
