3284 5520
523 297 1059 372 autiirum111.ann·tycaonscap.
1080 302 1122 357 20.
1437 299 1502 369 263

145 479 298 557 pinquatio
320 477 359 538 ad
380 477 613 556 magnitudinem
634 479 742 542 Terrae
766 484 899 560 pertinet,
924 490 955 541 at
977 483 1052 542 bene
1074 478 1112 540 ed
1136 479 1365 558 magnitudinem
1389 479 1504 538 distan-

145 566 198 626 tiac
222 584 242 626 a
265 564 368 631 Tama.
412 565 478 626 Hoc
501 569 577 626 enlm
601 571 752 628 verissime
776 569 843 631 inde
866 568 1036 647 colligeres,
1066 570 1091 628 si
1123 571 1220 627 omnia
1242 577 1320 627 recte
1343 568 1501 628 haherent:

143 653 216 715 hauc
237 655 537 733 appropinquatiunls
551 654 764 733 longitudinem
781 657 866 716 valde
883 658 972 716 luisse
988 655 1165 730 sensibilem,
1191 655 1326 716 collatam
1342 673 1407 714 cum
1423 663 1503 713 tota·

142 741 217 801 libus
241 741 392 802 distantiis
415 751 546 802 contetae
571 761 590 802 a
615 742 720 816 Terra,
755 753 865 820 quatita
897 763 964 804 vero
994 745 1080 804 luerit
1108 744 1154 803 vel
1184 761 1243 802 una
1273 744 1320 802 vcl
1351 743 1444 802 altera
1474 744 1502 799 in

141 828 366 889 semidiametrls
388 828 513 903 Terrae,
542 848 579 889 ex
601 830 657 891 hac
679 831 818 892 methodo
842 850 899 891 non
923 840 1100 909 sequeretur.
1146 831 1213 891 Nou
1238 831 1306 890 licet
1328 832 1357 887 in
1381 847 1501 907 geome-

142 918 193 976 tria
215 919 370 977 somniari.

248 1006 280 1064 0.
318 1002 410 1064 Miror
431 1011 546 1077 tamen,
568 1008 593 1064 ai
616 1004 674 1065 hoc
696 1005 760 1064 vult
783 1005 1017 1078 claromontius,
1041 1021 1099 1082 quo
1123 1003 1180 1064 fine
1202 1003 1331 1082 applicet
1353 1002 1503 1062 animutba

141 1099 165 1150 ct
184 1090 373 1153 altitudines.
407 1092 474 1151 Non
497 1094 573 1151 enim
597 1092 704 1153 diserte
727 1093 784 1152 hoc
807 1092 925 1168 indicet,
949 1092 1044 1153 solum
1068 1094 1249 1169 ingeniosam
1272 1101 1303 1152 et
1324 1108 1431 1150 uorum
1454 1091 1501 1147 iu-

141 1179 312 1239 rantionom
333 1179 384 1239 iol.
399 1180 473 1240 044.
497 1179 656 1259 praedicat.
695 1180 800 1240 Cetera
822 1181 879 1241 hoc
901 1181 966 1241 loco
990 1183 1156 1240 cimmerius
1174 1187 1243 1239 sunt
1259 1180 1405 1238 tenebrae.
1436 1177 1500 1236 Nisi

139 1272 240 1327 lamen
263 1265 360 1341 fallor,
384 1265 442 1325 hoc
464 1266 514 1326 ille
537 1266 609 1340 tuit,
634 1269 730 1345 posito
754 1268 833 1344 quod
857 1277 988 1329 cometae
1004 1267 1098 1327 cauda
1114 1266 1249 1326 tendatur
1264 1269 1293 1324 ln
1309 1264 1417 1325 circulo
1433 1281 1502 1323 ver-

139 1353 219 1413 ticuli
240 1354 341 1430 sitque
364 1363 454 1434 caput
476 1353 621 1427 deorsum,
645 1362 714 1415 tunc
733 1354 798 1414 linis
815 1357 927 1416 carrdae
942 1373 1063 1433 parram
1078 1353 1201 1414 habebit
1216 1353 1389 1431 parallaxin,
1414 1367 1500 1410 eaor-

136 1448 182 1501 tua
205 1459 229 1500 a
250 1443 350 1520 capite
364 1458 510 1518 namnam.
546 1442 594 1502 lta
615 1442 729 1518 longior
753 1443 900 1502 uidebitur
922 1443 1025 1514 cauda,
1049 1458 1137 1518 quam
1160 1445 1223 1502 sine
1247 1440 1390 1520 parallaxl
1414 1439 1500 1498 vide·

133 1536 226 1589 retur.
275 1529 446 1589 Accendant
463 1529 527 1605 jam
550 1539 639 1607 caput
661 1538 691 1589 et
713 1530 809 1589 cauda
830 1531 929 1604 altius,
953 1531 1182 1590 attenuabuntur
1204 1527 1379 1604 parallaxes,
1402 1527 1499 1603 magis

130 1624 236 1677 tamen
261 1618 453 1676 extremitatis
476 1616 597 1690 caudae,
621 1616 730 1695 quippe
745 1617 865 1679 altioris.
903 1618 950 1677 lta
973 1617 1135 1677 differentia
1157 1615 1351 1693 parallaxium
1372 1613 1446 1672 initii
1471 1619 1500 1672 et

127 1701 203 1763 tinia
229 1703 345 1763 caudae
367 1706 481 1763 auctior
503 1707 558 1764 erit
580 1713 721 1780 tantoque
745 1715 775 1764 et
795 1704 912 1782 longior
933 1706 1085 1782 apparebit
1110 1703 1212 1762 cauda

246 1791 277 1849 6.
307 1790 340 1849 Si
361 1789 419 1851 ltoc
442 1791 507 1851 vult
521 1791 745 1867 claromontius,
769 1810 946 1871 supponens,
960 1792 1074 1852 xeodem
1097 1790 1251 1851 intervallo
1274 1795 1387 1848 remota
1408 1786 1498 1846 luisse

121 1826 268 1937 auferte
290 1879 489 1947 taminitium
512 1896 601 1955 quam
623 1880 712 1940 finem
728 1879 849 1953 caudae,
874 1889 926 1940 aut
948 1881 1011 1957 ejus
1034 1878 1244 1956 longitudinem
1268 1877 1372 1936 saltem
1396 1873 1506 1949 eodem‘

121 1965 299 2041 utrobique
327 1964 436 2043 angulo
465 1967 636 2026 inclinatam
663 1966 755 2026 inisse
780 1967 817 2026 ad
840 1968 949 2028 lineam
972 1986 1007 2028 ex
1030 1967 1121 2027 Terra
1144 1964 1295 2040 eductam,
1325 1972 1354 2024 et
1376 1961 1498 2023 eandem

121 2054 284 2112 mansisse
316 2051 483 2112 distantiam
516 2072 613 2113 voram
645 2062 776 2115 cometae
801 2073 819 2113 a
840 2064 939 2115 centro
963 2055 1070 2115 'letrae
1093 2072 1112 2113 a
1136 2061 1164 2114 4.
1189 2055 1218 2110 in
1245 2054 1293 2112 18.
1317 2050 1497 2122 Decembris,

121 2155 233 2216 eoque
257 2139 390 2199 diversas
413 2150 544 2201 comatae
568 2141 738 2202 altitudines
760 2142 797 2201 ab
820 2143 972 2202 horizonte
995 2157 1139 2218 usurpans
1163 2150 1303 2217 tanquam
1328 2157 1363 2198 ex
1387 2153 1444 2196 uuo
1470 2143 1498 2196 et

121 2227 242 2288 eodem
266 2227 330 2300 dio,
352 2228 463 2288 abusus
490 2228 528 2287 ad
556 2229 613 2289 hoc
638 2229 826 2289 indicandum
854 2247 927 2289 voce
950 2232 1231 2305 appropinquavit.-
1261 2237 1330 2286 tunc
1353 2224 1403 2284 ille
1426 2241 1497 2283 sane

121 2318 227 2375 mbae
242 2315 454 2390 magnitudinis
469 2315 565 2376 eliciet
579 2316 753 2392 parallaxes,
778 2326 810 2376 ut
826 2334 949 2394 quarunt
966 2317 1190 2376 diberentiarum
1207 2315 1370 2375 differentia
1385 2321 1498 2388 septem

121 2404 270 2478 integros
292 2401 400 2478 gradm
424 2403 521 2463 elficit.
560 2404 668 2463 Valeat
690 2406 777 2480 igitur
801 2421 867 2463 cnm
889 2405 934 2463 his
957 2404 1154 2482 positionibus
1177 2406 1238 2462 suis
1260 2400 1496 2462 indemonstratis

121 2507 285 2569 unperque
308 2492 353 2563 iis,
377 2496 409 2548 ut
434 2490 504 2563 vult,
528 2498 622 2551 turres
645 2494 673 2549 in
697 2496 764 2551 abre
787 2500 926 2552 exstruat.

243 2581 274 2638 7.
306 2576 369 2636 lmu
385 2594 465 2650 veto,
487 2579 545 2636 nisi
568 2596 614 2638 rna
637 2578 785 2656 decipiunt
808 2597 908 2639 ornnes
931 2579 1126 2654 conjecturae,
1150 2576 1259 2654 Scipio,
1283 2572 1496 2653 quantocitius

121 2679 162 2725 se
185 2665 310 2740 putabit
332 2682 422 2740 supra
444 2667 568 2742 primurn
590 2665 672 2724 illum
695 2684 812 2725 serrsum
829 2669 1033 2739 assurrexisse,
1057 2674 1138 2724 teuto
1160 2665 1216 2723 fnit
1238 2664 1313 2723 inira
1335 2661 1496 2731 secundum

121 2752 304 2812 demissior.
348 2751 429 2810 Nihil
453 2751 489 2811 de
512 2753 568 2812 hac
588 2753 782 2830 parallaxium
806 2754 967 2814 subtilitate
992 2754 1085 2813 volvit
1106 2755 1215 2825 animo,
1239 2751 1349 2810 nudum
1373 2760 1403 2810 et
1424 2751 1495 2808 aim·

121 2840 245 2913 plicam
268 2854 387 2899 sensum
410 2843 703 2919 appropinquatiotris
727 2842 831 2901 extulit
852 2860 887 2901 ex
910 2841 1018 2900 libellis
1040 2838 1215 2918 sphaericis,
1243 2842 1272 2896 in
1296 2839 1402 2915 quibus
1425 2854 1494 2914 pro-

121 2925 234 3000 batur,
259 2925 368 2985 Terrae
390 2926 637 2995 semidiametrum
658 2946 717 2987 non
741 2946 806 2989 esse
828 2930 996 2989 sensibilem
1011 2927 1049 2988 ad
1066 2928 1235 2988 distantiam
1249 2926 1381 2997 fixarum,
1406 2942 1496 3001 argu-

121 3022 236 3077 mento
261 3012 322 3087 illo,
346 3014 425 3091 quod
448 3014 604 3075 distantiae
626 3023 746 3075 mutuae
762 3017 892 3088 lixarum,
916 3020 945 3074 in
961 3019 1070 3076 vertice
1087 3016 1275 3087 versantium,
1298 3014 1496 3079 instrumentis

121 3102 288 3161 dimensae
311 3117 370 3160 nou
384 3103 570 3163 inveniantur
584 3104 719 3179 majores,
743 3121 831 3179 quam
847 3104 1040 3182 projecturum
1055 3106 1083 3161 in
1100 3103 1292 3175 horizontem,
1315 3119 1382 3161 cum
1398 3109 1495 3160 tamen

121 3189 161 3248 in
179 3190 293 3249 vertice
310 3197 461 3249 vementes
476 3189 562 3249 oculo
576 3193 635 3250 sint
649 3195 801 3268 propiores
817 3209 875 3250 una
891 3190 1108 3252 semidiametro
1122 3191 1239 3263 Terrae,
1265 3207 1353 3266 quam
1368 3190 1494 3248 orientes

121 3277 181 3338 vel
207 3276 384 3336 occidentes.
431 3276 518 3338 Hune
540 3278 605 3354 ejus
626 3282 785 3354 genuinum
808 3297 871 3339 esse
894 3296 1028 3352 sensum,
1061 3278 1106 3338 vel
1135 3278 1240 3337 saltem
1262 3276 1493 3348 fundamentum,

121 3365 250 3447 patebit
273 3371 360 3442 tunc,
390 3366 414 3423 ei
438 3365 529 3425 verba
549 3367 670 3447 (etenim
693 3367 741 3425 dic
762 3370 790 3425 4.
814 3367 946 3426 demeat
967 3385 1013 3442 gr.
1037 3369 1078 3424 64
1101 3363 1167 3444 ete.)
1190 3382 1247 3423 non
1271 3365 1412 3423 iaciamus
1435 3364 1495 3421 ini-

121 3455 208 3511 tium
236 3454 501 3526 argumentationis
528 3457 696 3529 sequentia,
727 3453 779 3513 sed
806 3457 944 3530 exegesin
967 3455 1260 3532 appropinquationis
1283 3451 1492 3510 antecedentis.

123 3538 203 3599 Hoc
224 3538 316 3598 etiam
337 3537 567 3617 mudo'parinde
583 3543 647 3620 erit,
669 3544 733 3600 sive
755 3540 898 3614 verticuli,
921 3544 984 3601 sive
1008 3544 1170 3616 cuicunque
1193 3540 1244 3598 alii
1268 3538 1376 3599 circulo
1399 3536 1495 3597 cauda

123 3623 340 3696 subtandatur,
363 3643 452 3702 quam
473 3626 639 3687 libertatem
662 3628 761 3704 Scipio
784 3629 936 3705 profitetur
957 3628 1008 3705 ¹iol.
1033 3629 1104 3687 340.

242 3718 271 3772 8.
308 3712 372 3787 Age
395 3715 492 3789 igitur,
516 3717 542 3773 si
564 3715 620 3775 hoc
642 3715 736 3775 voluit
752 3716 860 3793 Scipio,
885 3717 982 3794 potius
1005 3733 1094 3792 quam
1118 3719 1228 3773 textum
1250 3713 1323 3790 ejus,
1348 3711 1495 3789 deprava-

126 3801 282 3885 tissimum
310 3800 348 3858 ob
371 3800 527 3861 ruditatem
550 3802 770 3881 chalcographi,
799 3821 850 3881 par
872 3812 951 3862 totns
976 3810 993 3862 6
1018 3805 1109 3862 iacies
1132 3801 1296 3873 emendem,
1326 3803 1424 3877 potina
1447 3802 1493 3859 in-

130 3904 226 3964 quam
249 3887 286 3947 dc
308 3903 386 3946 noro
411 3890 597 3965 computabo,
621 3890 692 3966 quid
716 3891 752 3949 ad
775 3898 901 3951 montem
918 3890 1064 3967 Scipionis
1087 3889 1237 3949 alliciatur.
1274 3887 1319 3947 Sit
1339 3886 1493 3963 longitudo

134 3992 209 4035 nara
231 3974 344 4034 caudae
368 3975 471 4035 cadem
494 3985 619 4053 utroque
637 3978 693 4050 die,
718 3979 852 4038 videatur
868 3996 938 4037 vero
952 3979 1041 4054 priori
1058 3975 1124 4050 210,
1148 3978 1301 4052 posteriori
1317 3971 1374 4033 280
1387 3975 1492 4050 longa:

136 4064 288 4139 quaeritur
316 4070 427 4138 quanto
456 4066 576 4140 propior
603 4067 689 4124 oculo
717 4068 755 4124 sit
777 4066 878 4125 iacta?
911 4066 1092 4143 Supponitur
1115 4071 1229 4138 autem,
1260 4062 1362 4123 eudem
1385 4060 1493 4137 angulo

140 4150 294 4226 nuoblque
316 4151 407 4210 inimo
428 4151 598 4211 inclinatam
621 4152 660 4212 ad
682 4152 788 4212 lineam
812 4156 966 4226 visorium,
994 4153 1044 4229 qui
1068 4160 1164 4212 rectus
1186 4169 1223 4209 an
1248 4148 1385 4226 obliquus
1407 4149 1494 4209 suerit

139 4236 209 4296 nihil
233 4236 392 4297 admodum
414 4239 543 4311 interest,
568 4249 599 4300 at
621 4238 804 4316 aliquantum
828 4244 957 4315 interest,
982 4240 1018 4300 ad
1036 4247 1124 4317 caput
1141 4245 1272 4298 cometae
1287 4238 1373 4297 luerit
1387 4244 1493 4311 rectus,

142 4341 176 4383 an
196 4327 228 4384 in
251 4323 348 4384 medio
370 4323 563 4401 longitudinis
586 4328 707 4387 caudae.

242 4412 287 4471 Sit
310 4414 404 4488 primo
427 4413 464 4472 ad
488 4421 578 4490 eaput
600 4424 732 4475 cometae
755 4416 794 4486 C,
817 4417 858 4473 sit
879 4414 957 4474 cut)
975 4412 1040 4487 210,
1065 4433 1134 4491 crgo
1159 4411 1237 4471 EDC
1253 4409 1318 4471 600.
1356 4410 1493 4486 Qualium

145 4515 207 4577 ergo
230 4500 285 4559 nc
307 4508 353 4559 est
378 4501 518 4574 100000,
543 4504 597 4561 erit
619 4501 669 4561 OE
692 4504 836 4574 260500,
861 4502 914 4559 Da
939 4505 1077 4562 270043.
1124 4501 1170 4561 Sit
1193 4498 1298 4560 deinde
1321 4496 1401 4558 001)
1426 4495 1492 4572 200,

145 4602 208 4664 ctgo
231 4584 314 4646 ODG
339 4583 404 4647 620.
451 4587 588 4662 Qualium
611 4606 680 4664 ergo
703 4590 757 4648 Dc
784 4591 924 4662 100000‚
954 4590 1008 4649 erit
1031 4589 1082 4652 00
1109 4593 1250 4660 168073,
1273 4584 1329 4646 DO
1353 4587 1492 4646 213005.

147 4675 397 4753 hpptopinqnavit
426 4692 496 4751 ergo
527 4677 659 4754 caputC
692 4676 778 4736 oculo
803 4675 828 4735 0
858 4693 910 4753 per
935 4679 1055 4749 72406,
1088 4675 1183 4737 cauda
1211 4690 1262 4751 per
1286 4675 1402 4733 66038.
1447 4672 1493 4734 Sit

146 4762 266 4824 mundo
295 4761 470 4825 Omedium
500 4764 612 4831 madae
642 4773 672 4836 et
701 4764 779 4829 000
814 4762 867 4825 100
895 4762 958 4847 660,
992 4763 1072 4831 000
1101 4763 1156 4834 190
1178 4766 1241 4839 600,
1274 4761 1322 4821 OE
1354 4761 1492 4851 500502,
