3284 5520
138 276 204 345 568
599 277 646 334 Ex
663 275 891 348 premeridibus
908 276 1040 349 liapheri:

138 453 291 532 indulgere
312 455 417 533 possis.
462 454 530 516 Hoc
552 463 622 516 voto
645 456 724 529 tinio,
746 455 808 516 111⁸·
824 452 856 516 θ’
873 454 925 514 Ῥ·
947 474 994 515 me
1017 473 1083 517 cum
1102 458 1180 518 omui
1195 458 1391 519 remmono
1412 474 1485 519 com·

140 542 291 606 mendane.
335 542 445 621 Sagani
468 543 505 603 ad
527 543 598 605 Idus
620 544 718 605 Julias
741 562 818 605 auno
840 542 1038 604 mbcxxx.

720 682 781 742 111⁸·
805 681 837 743 0ι
858 683 909 742 Τ··

826 798 993 876 subjectiss.
1017 797 1179 859 clientulus

1055 912 1193 973 Joomaea
1218 910 1394 991 KeppIerus

1119 998 1320 1051 Mathematicus.

548 1292 733 1397 premeris
759 1293 801 1373 ad
828 1317 947 1376 annum
976 1292 1077 1376 tete.

464 1457 614 1514 «Ioannes
635 1455 827 1525 Kepplemas
849 1455 990 1513 Lectori
1011 1456 1043 1515 8.
1065 1457 1101 1516 Ρ.
1115 1457 1164 1520 D.

245 1592 318 1652 Oum
335 1592 379 1651 vir
393 1590 572 1651 clarissimus
586 1590 723 1650 Jocabor
736 1589 916 1651 Bortsebtua
930 1590 1009 1652 lded.
1024 1592 1123 1667 Dect,
1139 1609 1227 1669 quem
1243 1609 1339 1669 nuper
1354 1609 1482 1668 generum

140 1681 290 1758 adoptavi,
315 1677 478 1740 calculandi
500 1678 566 1738 loca
588 1677 772 1755 planetarum
792 1678 894 1738 iecerit
917 1682 1031 1739 initium
1054 1680 1092 1739 ab
1115 1679 1171 1739 hoc
1194 1696 1272 1739 anno
1300 1685 1396 1740 1629.
1417 1680 1485 1756 jam·

140 1787 197 1847 que
220 1775 314 1827 exstet
334 1767 408 1826 baec
431 1766 600 1843 Ephemeris
623 1780 692 1825 cura
714 1767 841 1825 auctoris
871 1765 951 1826 edita
973 1765 1110 1846 Lipsiae,
1140 1767 1235 1827 torma
1265 1766 1390 1844 quidem
1418 1765 1486 1826 hand

140 1855 282 1933 sequiori,
314 1871 402 1930 quam
423 1853 472 1912 hic
492 1870 596 1912 recusa
619 1860 676 1925 est,
708 1869 767 1911 non
789 1854 843 1913 ahs
863 1870 895 1913 re
922 1857 1041 1932 putavi,
1065 1861 1189 1914 emtores
1213 1853 1249 1914 de
1273 1855 1376 1913 causis
1398 1864 1486 1914 muta·

140 1946 251 2004 tionum
274 1940 405 2012 edocere,
429 1940 508 2016 quod
531 1941 689 2000 rectissime
711 1939 842 2019 habebit,
864 1942 889 2000 si
913 1958 963 2019 per
983 1942 1110 2020 vestigia
1126 1941 1268 2020 epistolae
1283 1941 1488 2002 Bartschianae

140 2030 363 2109 praeliminaris,
386 2028 457 2086 mibi
480 2029 644 2105 inscriptae,
668 2028 823 2087 incessero.

243 2115 421 2193 Principium
442 2115 512 2175 iecit
526 2114 696 2174 Bartschius
710 2133 729 2173 a
744 2116 891 2176 mentione
912 2115 1043 2175 locorum
1065 2115 1263 2193 planetarum:
1288 2131 1342 2175 eos
1366 2116 1489 2176 inveniet

140 2210 233 2265 emtor
255 2222 275 2263 a
297 2220 343 2262 me
366 2202 414 2262 hic
436 2204 652 2280 transscriptos,
674 2209 879 2279 praeterquam
892 2204 921 2260 in
937 2202 1073 2277 Saturno,
1096 2204 1126 2260 in
1149 2219 1207 2279 quo
1224 2202 1406 2263 errorculum
1424 2202 1491 2263 duo-

139 2310 204 2351 rum
226 2291 276 2350 vel
297 2289 335 2349 ad
357 2307 503 2349 summum
525 2292 611 2348 trium
633 2290 835 2367 scrupulorum
849 2289 1018 2350 Bartschius
1035 2294 1097 2370 ipse
1114 2284 1305 2372 (sphalmatis
1327 2289 1489 2351 tabularum

140 2377 306 2438 admonitus
334 2378 363 2435 in
390 2394 457 2436 mea
480 2377 518 2436 ad
541 2379 636 2455 ipsum
658 2375 783 2455 epistola
812 2379 1009 2455 responsoria,
1043 2395 1119 2455 quae
1151 2372 1262 2458 exstat)
1286 2377 1419 2437 sustulit
1459 2377 1491 2437 In

135 2466 206 2526 'loco
223 2464 301 2524 Solis
323 2464 461 2541 scrupula
482 2462 612 2524 secunda
634 2471 702 2523 sunt
722 2481 758 2522 ex
773 2479 839 2523 meo
855 2463 978 2537 adculo,
1001 2467 1073 2542 quia
1086 2474 1222 2525 numerat
1237 2482 1345 2542 operae
1362 2467 1490 2542 pretium,

142 2553 194 2612 illa
212 2553 276 2630 jam
299 2550 408 2610 dudum
431 2554 540 2630 scriptu
562 2552 592 2608 in
616 2550 774 2629 exemplari
797 2549 892 2611 denuo
923 2550 1063 2628 refingere
1092 2568 1128 2612 ex
1151 2551 1315 2614 Bartscbio,
1361 2552 1417 2611 Est
1445 2553 1491 2611 nbi

142 2642 216 2699 inter
247 2641 438 2699 correctiones
467 2640 531 2716 typi
561 2640 591 2696 in
613 2637 740 2714 planetis
762 2638 882 2714 reliquis
904 2638 1043 2715 scrupula
1065 2642 1154 2699 etiam
1176 2641 1270 2716 prima
1293 2656 1361 2699 cum
1381 2640 1491 2716 jactura

141 2728 262 2787 unitatis
284 2728 314 2783 in
336 2726 487 2802 sequelam
510 2726 695 2800 diurnorum,
725 2742 801 2801 quae
825 2727 993 2797 concinnior
1015 2729 1094 2800 risa,
1125 2725 1242 2804 redegi,
1272 2742 1331 2786 non
1357 2725 1439 2802 qnod
1458 2725 1491 2786 de

141 2815 199 2876 fide
221 2811 324 2875 calculi
341 2812 525 2874 Bartschiani
547 2812 585 2872 ad
609 2813 679 2884 dies,
704 2812 741 2872 ad
764 2829 839 2890 quos
862 2816 1053 2890 computavit,
1077 2814 1250 2888 dubitarem,
1273 2812 1326 2873 sed
1348 2816 1422 2890 quia
1436 2813 1491 2873 ias·

141 2920 191 2961 sus
215 2910 277 2962 erat
299 2903 361 2977 ipse
385 2900 572 2974 Bartschius,
602 2918 634 2961 se
656 2916 714 2959 non
737 2898 776 2958 ad
800 2917 900 2960 omnes
924 2900 985 2960 dies
1008 2908 1209 2979 computasse,
1243 2900 1282 2962 ad
1305 2900 1488 2962 intermedius

143 3008 213 3049 vero
244 2986 482 3049 accommodasse
513 2996 609 3047 motus
636 3004 688 3063 per
718 2985 895 3047 differentias
919 2988 1102 3067 diurnorum,
1132 2987 1233 3048 ordine
1256 2996 1425 3050 crescentes
1446 2985 1489 3047 sel

30 3148 36 3163 ,
143 3079 280 3150 minutas,
301 3075 457 3150 jussitque,
479 3076 573 3134 sicubi
597 3076 783 3147 aberraverit,
807 3075 888 3134 locos
910 3075 1119 3152 praecedentes
1135 3082 1164 3135 et
1179 3083 1335 3151 sequentes
1354 3077 1491 3153 inspicere

145 3172 234 3240 atque
263 3163 401 3222 conferre.
446 3162 511 3222 Hac
539 3179 606 3238 ergo
635 3160 753 3221 licentia
779 3161 840 3221 fieri
870 3162 957 3223 icelle
986 3170 1083 3239 potest
1111 3170 1143 3221 ut
1170 3164 1279 3222 abusus
1309 3165 1367 3222 sim
1398 3167 1429 3222 in
1449 3161 1491 3221 die

146 3255 234 3312 etiam
264 3251 430 3309 examinata
461 3268 527 3310 cum
557 3248 649 3308 multa
679 3251 765 3308 unius
795 3251 936 3325 scrupuli,
967 3248 1032 3310 loco
1063 3249 1158 3310 elicito
1189 3251 1328 3326 irrogata,
1375 3250 1491 3328 Excipio

144 3339 319 3416 sphalmata,
344 3354 433 3395 unum
457 3346 545 3413 atquo
568 3337 700 3411 alterum,
725 3338 936 3415 typographica
959 3338 1076 3397 sublata
1097 3337 1299 3412 scrupulorum
1321 3337 1457 3416 plurium.

101 3484 104 3491 ,
249 3425 384 3484 Secundo
417 3423 452 3482 de
480 3425 660 3500 temporibus
687 3432 858 3502 aspectuum
881 3424 1051 3484 Bartschius
1079 3423 1203 3483 sollicite
1226 3435 1326 3484 monet
1348 3425 1490 3497 lectorem,

145 3530 182 3571 ne
210 3529 263 3571 suo
294 3510 406 3571 calculo
430 3514 550 3570 nimium
573 3511 654 3571 fidat.
699 3512 762 3587 Ego
786 3528 855 3571 vero
878 3511 966 3571 horas
989 3520 1018 3571 et
1040 3511 1177 3588 scrupula
1199 3519 1391 3587 aspectuum,
1422 3528 1491 3589 qnae

146 3607 228 3658 tanto
250 3599 360 3659 laboris
384 3599 530 3675 impendio
554 3604 774 3675 computaverat
796 3598 974 3671 Bartschius,
999 3598 1159 3658 omittenda
1181 3601 1294 3672 censui,
1328 3599 1409 3675 quod
1434 3601 1491 3677 jam

146 3686 254 3746 dudum
284 3689 314 3743 in
342 3685 467 3762 epistola
496 3704 563 3746 mea
591 3688 776 3761 responsoria
806 3685 844 3745 ad
867 3685 1051 3745 Bartschium
1080 3704 1126 3746 me
1154 3686 1298 3746 iacturum
1321 3687 1491 3765 significavi.

146 3776 258 3832 Causas
281 3772 371 3832 habet
393 3773 484 3831 lector
506 3775 534 3832 in
558 3774 741 3832 institutione
764 3790 851 3849 super
873 3791 952 3832 nova
974 3774 1079 3846 forma,
1104 3791 1179 3849 qnae
1202 3774 1272 3833 huic
1293 3781 1374 3834 tomo
1399 3774 1492 3851 Ephr-

146 3860 289 3920 meridum
317 3862 478 3936 praemissa
507 3868 559 3920 cst.
604 3861 689 3936 Ipsae
721 3860 838 3935 quidem
869 3860 1113 3937 configurationes
1140 3860 1242 3920 Lunae
1274 3879 1341 3921 cum
1372 3861 1493 3939 planetis

145 3948 388 4026 planetarumque
419 3949 493 4007 inter
520 3947 789 4023 se‘quadrantibus
819 3948 875 4007 diei
904 3949 1046 4007 naturalis
1073 3965 1125 4024 per
1151 3957 1260 4024 puncta
1283 3957 1312 4008 et
1335 3951 1493 4009 emotiones

147 4036 345 4096 characterum
369 4052 384 4092 e
407 4034 484 4093 linea
508 4039 644 4111 expressi,
669 4043 700 4094 ut
722 4051 798 4094 anno
826 4042 917 4095 1617.
942 4038 1034 4112 coepi,
1059 4044 1188 4112 tempore
1211 4036 1308 4096 medio
1332 4046 1362 4096 et
1385 4053 1492 4113 aequa·

144 4123 206 4195 bili,
231 4130 262 4180 ut
278 4120 457 4194 Bartschius,
478 4121 529 4181 sed
545 4122 705 4181 meridiano
722 4120 933 4199 Uraniburgico
950 4133 980 4182 et
995 4123 1128 4182 Romano
1144 4126 1312 4200 supposit03
1335 4123 1375 4182 ad
1392 4124 1493 4201 phasee

144 4216 243 4270 tamen
267 4206 367 4268 Lunae
391 4209 485 4284 adjeci
508 4209 595 4268 horas
618 4217 648 4267 et
669 4211 796 4283 minuta,
827 4219 859 4267 ut
882 4209 1032 4269 hactenus.
1078 4209 1108 4269 Si
1133 4213 1199 4285 quis
1221 4209 1385 4270 errorcnlus
1408 4212 1493 4270 inter-

147 4298 235 4356 cessit
258 4298 286 4353 in
309 4296 366 4355 hac
388 4304 470 4371 parte
493 4296 597 4354 calculi
621 4296 794 4355 secundaria
820 4313 875 4356 nec
905 4296 1062 4356 admodum
1089 4299 1256 4357 necessaria
1284 4314 1381 4373 eoque
1404 4298 1494 4357 minue

146 4386 245 4455 anxia,
269 4384 355 4459 culpa
374 4385 429 4441 crit
443 4400 517 4456 mea,
532 4400 589 4440 non
606 4383 759 4442 Bartschii.
790 4382 856 4443 Hoc
871 4402 941 4444 vero
957 4401 1015 4443 non
1031 4392 1144 4443 tentum
1161 4384 1197 4444 de
1212 4384 1300 4459 hujus
1317 4386 1386 4443 anni
1407 4390 1492 4444 1629.

145 4469 337 4546 Ephemeride
367 4470 461 4545 accipi
488 4468 574 4542 volo,
607 4469 658 4530 sed
688 4469 723 4529 de
754 4471 887 4529 omnibus
917 4471 1106 4547 sequentibus
1129 4471 1329 4530 Bartschianis
1351 4473 1492 4549 usquein

146 4574 254 4615 annum
280 4563 371 4616 1636.
419 4556 577 4632 Eclipsium
608 4559 696 4615 etiam
725 4557 932 4632 descriptiones
961 4565 990 4618 et
1018 4558 1065 4617 hic
1093 4565 1122 4617 et
1144 4560 1173 4615 in
1197 4559 1390 4634 sequentibus
1413 4574 1491 4618 ame

146 4644 293 4720 proiectae
321 4651 402 4717 suut,
435 4651 464 4703 et
486 4645 633 4719 ingressus
656 4643 734 4703 Solis
756 4645 785 4701 in
808 4652 918 4719 puncta
940 4644 1100 4704 cardinalia
1121 4663 1173 4721 per
1195 4653 1329 4721 tempora
1350 4645 1490 4723 aequalia,

147 4731 198 4792 ubi
220 4731 301 4806 Argo
323 4729 453 4791 nundum
476 4733 634 4796 exercitato
657 4747 715 4792 non
738 4733 832 4810 patuit
855 4731 1004 4793 oculorum
1023 4750 1098 4794 unns
1113 4735 1142 4792 in
1156 4749 1217 4793 rem
1230 4734 1343 4794 minimi
1358 4733 1491 4796 momenti
