3284 5520
149 336 214 410 10ss
271 326 274 331 ’
661 344 703 400 ne
721 344 841 403 consus
858 345 944 402 1666
960 346 1010 403 us

37 512 59 589 'j
149 516 187 578 ad
217 524 312 579 totum
344 520 483 582 circulum
514 520 563 581 vel
592 523 657 597 eJus
686 521 816 598 aliquam
845 540 982 600 magnam
1003 530 1115 599 partem
1139 527 1301 606 comparari
1322 542 1383 587 non
1405 523 1511 602 possit,

147 613 260 667 comata
285 608 368 685 prius
390 609 559 683 excedente,
583 626 635 688 pro
659 627 729 670 arcu
752 609 852 669 circuli
876 613 974 687 magni
998 610 1130 671 habetur.

251 692 304 754 VI.
336 693 433 770 Quare
457 704 589 757 cometae
611 697 686 756 tardi
709 698 780 757 iacti
803 700 947 774 incipiunt
970 715 1089 758 curvare
1112 701 1217 760 itinera
1234 717 1298 775 sua,
1321 698 1401 776 quod
1427 697 1510 760 icoc-

148 787 214 840 runt
237 788 369 843 cometae
392 785 460 842 anal
487 790 579 844 1607.
604 793 633 845 61
659 791 751 845 1618.
775 786 911 844 etmulti
934 784 1009 845 allii

117 892 119 898 ·
252 867 329 929 Olim
353 872 533 946 existimavi,
564 889 629 932 esse
651 873 731 933 reale
754 874 921 949 quippiam3
950 875 1049 948 itaque
1073 872 1109 933 du
1132 873 1230 932 causis
1252 873 1383 952 physicis
1406 872 1508 951 philo·

145 956 302 1032 sophabsr.
341 958 400 1019 Sed
424 967 469 1019 est
492 976 572 1019 mera
594 962 676 1019 visus
698 959 842 1035 deceptio,
866 968 900 1019 ut
921 967 951 1019 et
972 962 1113 1020 stationes
1136 969 1166 1026 et
1187 964 1383 1035 regressiones
1399 961 1507 1038 plano-

146 1050 249 1102 tarum.
294 1045 419 1106 Cometa
440 1048 526 1121 enim,
549 1050 580 1105 in
601 1054 681 1107 recta
703 1047 783 1107 linea
804 1046 928 1105 multum
944 1065 962 1106 a
978 1047 1068 1106 Terra
1089 1046 1236 1118 recedens,
1258 1049 1383 1109 multum
1398 1051 1505 1110 minuit

145 1130 1504 1212 immmmmmmfflmmwmmwfflmmmmmm

145 1218 1504 1300 vmmmmmwwmmmmmffiwmmssmwffl

145 1307 1503 1389 tmmmmmmmmwmwmmmmmfflmfflmmwmm

144 1393 231 1453 batur
253 1398 545 1472 apparentiacirculi
568 1399 681 1474 magni,
711 1413 788 1472 quaa
810 1396 909 1455 lutura
936 1396 1032 1455 iuerat
1054 1397 1126 1456 citra
1147 1404 1258 1455 motum
1281 1397 1419 1458 Telluris.
1466 1398 1501 1457 ld

144 1486 242 1541 autem
267 1491 312 1543 est
333 1491 408 1559 tum,
440 1502 505 1544 oum
536 1492 651 1545 cometa
671 1483 794 1542 multum
817 1485 937 1543 recessit
959 1500 977 1540 a
1000 1483 1105 1556 Terra,
1135 1486 1243 1560 quippo
1265 1487 1295 1543 in
1318 1493 1398 1547 recta
1422 1484 1501 1545 linea

143 1567 230 1628 latus.
276 1570 381 1647 Itaque
411 1574 554 1650 promotio
585 1579 715 1632 cometae
744 1573 861 1649 propria
890 1569 1051 1630 secundum
1081 1570 1292 1647 longitudinem
1317 1580 1362 1633 ost
1384 1574 1503 1648 exigna,

143 1655 232 1716 lertur
254 1660 331 1718 enim
355 1667 423 1723 tunc
444 1668 579 1737 respectu
601 1658 709 1719 Terrae
733 1667 845 1718 tantum
867 1659 897 1715 16
920 1657 1094 1734 profundum
1118 1658 1261 1734 aetheris;
1292 1659 1401 1721 Terrae
1432 1672 1504 1720 vero

143 1747 288 1819 promotio
312 1753 380 1806 tunc
403 1754 449 1807 est
469 1746 604 1822 evidens,
636 1749 744 1823 quippe
775 1746 960 1821 trajectoriae
987 1753 1057 1805 tunc
1080 1748 1164 1821 quasi
1187 1744 1226 1805 ad
1248 1747 1373 1823 angulos
1394 1755 1502 1809 rectos.

144 1830 227 1891 Tunc
257 1834 333 1891 euim
363 1850 483 1894 necessu
511 1841 571 1910 ost,
602 1835 700 1893 vitiari
729 1834 930 1909 apparentiam
954 1830 1053 1892 circuli
1076 1835 1184 1909 magni.
1224 1837 1305 1907 (vide
1323 1844 1360 1893 th.
1380 1839 1503 1905 xxviii,

144 1914 263 1983 xndp

247 1988 315 2048 VII.
360 1990 470 2049 Notent
499 1996 597 2050 autem
626 1995 656 2049 ot
677 1988 734 2049 lroc
756 1989 886 2067 physici,
919 1994 1049 2049 cometas
1071 1987 1161 2049 hosce
1183 1990 1334 2067 trajecisse
1358 1989 1503 2067 sphaeras

135 2074 323 2159 ⁸diversorum
353 2076 547 2154 planetarum.
591 2077 696 2153 ltaque
728 2075 842 2136 discant
869 2076 958 2136 etiam
979 2075 1064 2148 hinc,
1095 2079 1247 2137 materiem
1271 2076 1420 2138 coelorum
1443 2095 1504 2137 non

143 2180 208 2224 csse
229 2163 363 2238 solidam,
387 2163 440 2224 sed
462 2163 604 2240 liquidam
627 2173 657 2224 ct
678 2180 915 2240 quaquaversum
938 2164 1079 2239 perviam.

246 2251 330 2311 VHl.
376 2252 513 2330 Amplius
535 2251 603 2310 hinc
626 2252 717 2311 discet
740 2251 895 2328 physicus,
919 2257 1099 2311 cometarum
1121 2248 1247 2326 aliquos,
1271 2249 1408 2310 utillum
1432 2252 1503 2310 anni

145 2339 240 2417 1607,
264 2340 339 2398 16161
361 2341 445 2398 initia
467 2341 564 2397 minus
585 2347 670 2418 aptos
694 2355 759 2398 esse
776 2337 813 2397 ad
829 2346 951 2413 motum,
974 2341 1075 2413 itaque
1090 2336 1221 2398 fortassis
1235 2340 1381 2398 attenuari
1397 2337 1503 2398 eadem

143 2429 340 2503 proportione,
364 2445 423 2502 qua
438 2434 652 2502 semoventur,
676 2426 792 2501 aliquos
815 2426 844 2483 16
867 2425 924 2485 fine
947 2427 1046 2503 potius
1068 2424 1270 2504 languescere,
1292 2426 1368 2484 utin
1385 2434 1503 2486 cometa

141 2515 210 2573 anui
238 2519 329 2573 1618.
354 2513 469 2574 accidit
515 2512 634 2590 Cogitet
656 2514 833 2589 speculator,
857 2530 894 2571 an
918 2530 1008 2572 causa
1030 2513 1078 2585 sit,
1102 2512 1252 2588 quoditie
1276 2529 1377 2572 versus
1399 2511 1503 2573 Solem

141 2608 186 2660 est
208 2600 331 2675 delatus,
355 2600 403 2661 hic
418 2619 436 2660 a
451 2600 545 2661 Sole?
573 2602 649 2661 Nam
672 2604 715 2660 sic
737 2600 770 2658 fit
792 2602 822 2660 in
845 2601 979 2659 circulari
1001 2607 1083 2659 motu
1098 2598 1281 2676 planetarum
1297 2602 1373 2659 circa
1388 2598 1501 2676 Solem,

140 2696 173 2747 nt
195 2686 239 2746 illi
262 2696 358 2749 motus
380 2705 450 2749 suos
474 2687 626 2748 intendant
651 2688 697 2748 vel
720 2690 869 2747 remittant
890 2704 943 2764 pro
965 2689 1079 2748 ratione
1094 2687 1321 2764 propinquitatis
1338 2684 1386 2747 vel
1400 2705 1501 2748 remo-

139 2776 227 2835 tionis
243 2795 262 2835 6
277 2775 345 2836 Sole
360 2777 537 2836 rectilineae.
576 2774 673 2851 Quare
696 2791 755 2834 non
778 2775 911 2835 absimile
929 2791 1008 2847 vero,
1031 2774 1088 2834 lroc
1104 2773 1182 2835 idem
1197 2777 1285 2835 etiam
1300 2776 1330 2833 in
1345 2774 1500 2836 rectilineo

140 2869 317 2924 cometarum
340 2871 421 2923 motu
444 2863 520 2934 fieri,
546 2870 578 2921 ut
600 2864 640 2922 ibi
664 2862 716 2923 Sol
738 2864 777 2921 sit
799 2865 897 2921 omnia
919 2863 949 2919 in
973 2861 1128 2936 omnibus,
1153 2879 1243 2923 causa
1265 2879 1366 2922 eorum
1389 2871 1498 2923 motus.

245 2949 302 3010 IX.
345 2951 481 3027 Denique
505 2958 578 3025 quot
600 2958 669 3009 sunt
691 2951 720 3007 in
744 2949 827 3008 coelo
850 2957 991 3021 cometae,
1015 2956 1060 3009 tot
1080 2958 1149 3008 sunt
1171 2957 1344 3026 argumenta
1365 2944 1501 3031 (praetor

138 3054 183 3112 aa,
206 3055 282 3114 quse
298 3037 513 3115 aplanetarnm
535 3038 664 3096 motibus
686 3032 894 3117 deducuntur),
918 3036 1038 3095 Terram
1059 3039 1173 3096 moveri
1194 3045 1275 3097 motu
1298 3054 1395 3097 annuo
1420 3038 1500 3099 circs

139 3125 248 3186 Qum
298 3121 1303 3201 Vncstmmmm,mimmmmmnmmmndmecmmmm.

571 3264 710 3325 Finis
740 3262 879 3323 Libri
908 3262 1063 3322 Primi.
