3284 5520
602 368 765 441 Ephemeris
783 371 818 429 ed
836 384 936 428 mnam
955 371 1033 431 1617.
1432 372 1498 443 497

140 562 250 625 genus.
295 546 360 624 Ego
384 563 454 607 vero
477 545 572 608 nudos
593 554 731 624 aspectus
754 551 849 627 posui,
872 552 941 630 sine¹
958 549 1087 610 numeris
1109 548 1247 611 horarum
1270 556 1300 610 et
1321 550 1500 613 minutorum

138 632 307 709 iudicibus,
338 642 541 711 praeterquam
572 637 602 694 in
633 635 790 697 columella
813 637 949 715 phesium
973 638 1084 698 Lunae.
1129 638 1358 700 Excusationem
1381 639 1499 716 quidem

137 722 290 799 privatum
313 724 413 781 omissi
436 721 523 798 hujus
546 722 657 783 laboris
676 724 740 799 Jam
763 727 916 802 praemisi,
947 727 1114 802 angustiam
1141 726 1219 800 lolii,
1251 744 1303 804 per
1326 745 1414 804 quam
1436 727 1499 788 fieri

138 824 201 868 non
224 810 328 886 potuit,
354 812 424 887 quin
447 820 500 870 eut
522 810 599 871 hanc
622 828 809 871 numerorum
825 813 1041 874 multitudinem
1056 812 1250 888 excluderem,
1273 814 1371 891 spatia
1394 832 1499 892 aspec-

138 902 226 956 tuum
248 896 351 958 Lunae
374 905 562 971 coarctarem,
585 906 638 957 aut
660 900 833 977 praecipuos
858 908 996 978 aspectus
1011 900 1196 980 planetarum
1220 904 1296 961 iuter
1318 920 1350 963 se
1374 903 1403 959 in
1426 920 1498 963 con-

137 982 258 1044 tusione
281 987 404 1061 entique
425 984 620 1062 relinquerem
643 986 828 1064 eandemque
843 992 931 1049 novis
945 989 1113 1066 aspectibus
1129 987 1335 1049 accedentibus
1358 990 1498 1066 majorem

138 1072 232 1131 etiem
253 1071 388 1132 iacerem.
434 1073 525 1150 Atqui
551 1072 625 1133 illud
648 1077 749 1150 potius
771 1075 844 1134 mihi
866 1075 1031 1138 laciendum
1055 1076 1215 1137 arbitretur
1232 1093 1298 1137 sum
1321 1093 1410 1153 quam
1432 1077 1497 1139 boc.

137 1156 217 1219 Nam
238 1160 273 1233 si,
297 1161 429 1237 seposita
451 1162 604 1236 utriusque
626 1162 667 1221 rei
695 1162 831 1237 utilitate,
854 1163 952 1225 undae
975 1163 1071 1224 solum
1086 1181 1133 1223 res
1153 1181 1219 1225 cum
1234 1164 1322 1224 rebus
1345 1165 1499 1224 conseran-

140 1252 201 1325 tur,
227 1263 265 1307 eu
286 1263 346 1306 non
369 1249 500 1324 iniquum
525 1247 678 1322 videatur,
711 1249 814 1310 Lunae
839 1259 977 1329 aspectus
1000 1269 1065 1311 eum
1081 1250 1205 1328 singulis
1226 1252 1352 1331 planetis
1375 1252 1499 1328 singulis
1629 1248 1634 1259 ’

137 1333 272 1393 exbiberi
295 1334 459 1395 columellis
483 1334 651 1410 distinctim,
679 1335 817 1397 Mercurii
842 1340 1010 1416 aspectibus
1026 1355 1091 1399 cum
1108 1337 1234 1416 planetis
1250 1340 1385 1399 omnibus
1408 1356 1498 1417 supe·

137 1421 266 1481 rioribus
288 1438 325 1480 ne
348 1424 464 1482 unicam
488 1422 607 1498 quidem
633 1423 793 1485 concedere
825 1425 1011 1487 columellam
1042 1433 1222 1505 separatam,
1254 1444 1320 1486 cum
1350 1433 1447 1486 tamen
1477 1428 1498 1484 ii

138 1510 256 1585 possint
283 1508 462 1586 quandoque
484 1527 622 1588 superare
653 1513 683 1569 in
712 1528 770 1572 nno
801 1529 902 1593 mense
930 1530 1082 1574 numerum
1108 1520 1280 1593 aspectuum
1310 1516 1497 1592 antiquorum

139 1592 243 1656 Lunae
267 1612 333 1656 cum
356 1613 414 1656 uuo
437 1595 581 1677 planeta?

244 1682 298 1743 Sin
320 1692 419 1745 autem
442 1684 480 1745 ad
503 1702 588 1744 usum
612 1687 763 1762 utriusque
785 1689 829 1747 rei
854 1685 1084 1763 descendamus,
1112 1686 1148 1748 de
1171 1686 1355 1764 planetarum
1378 1686 1497 1764 quidem

139 1771 311 1849 aspectibus
332 1775 442 1832 mutuis
461 1773 524 1848 jem
546 1772 655 1832 dietam
678 1781 731 1847 est,
763 1791 813 1834 cnr
837 1773 1008 1835 distribuu'o
1033 1790 1132 1834 eorum
1156 1777 1185 1834 in
1209 1773 1379 1835 columellas
1403 1777 1497 1834 omitti

138 1872 192 1920 uec
216 1860 313 1935 possit
334 1876 389 1920 nec
411 1860 526 1934 debeat,
551 1859 587 1919 de
610 1859 762 1920 lunaribus
788 1879 857 1923 vero
884 1864 1014 1941 syzygiis
1039 1861 1124 1922 facile
1148 1864 1214 1939 qnis
1237 1863 1417 1938 probaverit,
1442 1864 1498 1921 etsi

137 1944 252 2006 nedum
276 1946 515 2024 impedimentum
539 1948 670 2007 obstaret
691 1948 852 2009 inserendis
872 1952 1000 2010 numeris
1015 1949 1151 2009 horarum
1168 1955 1198 2009 et
1211 1951 1398 2021 minutorum,
1421 1949 1497 2008 ultro

137 2034 333 2094 omittendam
359 2050 424 2095 esse
447 2035 623 2114 superfluam
646 2035 726 2095 illam
750 2036 947 2113 diligentiam,
971 2053 1036 2096 cum
1058 2037 1141 2096 nulla
1163 2036 1250 2113 plane
1273 2044 1415 2116 appareat
1437 2045 1496 2097 tam

136 2127 265 2181 exactae
287 2122 525 2198 scrupulositatis
548 2121 669 2182 utilitas.
703 2123 778 2182 Nam
801 2141 897 2201 neque
917 2124 1060 2201 juvantur
1082 2124 1250 2198 astronomi,
1276 2140 1341 2182 cum
1364 2141 1421 2183 non
1446 2140 1497 2183 so·

133 2204 223 2270 leant
246 2210 417 2270 observari:
448 2211 599 2269 minimum
623 2213 700 2269 enim
723 2211 835 2287 aliquid
857 2210 896 2270 ad
917 2214 1095 2271 mutationes
1118 2228 1206 2271 auree
1229 2212 1401 2270 subitaneus
1424 2227 1497 2269 con-

129 2294 237 2357 taam
259 2306 395 2375 aspectus
420 2295 536 2372 Lunae,
568 2298 639 2374 quia
668 2296 778 2358 tardius
805 2298 944 2376 pluviosa
974 2301 1144 2358 constitutio
1174 2314 1241 2358 cum
1263 2298 1392 2376 perlecta
1415 2306 1496 2356 treu-

127 2382 289 2461 qnillitate
309 2392 513 2459 commutatur,
540 2402 629 2462 quam
646 2394 782 2462 aspectus
797 2385 900 2446 Lunae
917 2402 983 2445 cum
999 2394 1120 2462 aspectu
1135 2384 1204 2459 alio,
1227 2384 1336 2444 stimuli
1353 2384 1384 2443 hi
1400 2401 1495 2462 neque

123 2469 230 2532 sortes
245 2479 323 2547 snut,
348 2480 465 2549 propter
481 2471 664 2532 celerrimum
679 2472 781 2532 Lunae
796 2479 1003 2546 transcursam,
1027 2488 1123 2549 neque
1140 2471 1259 2546 insoliti,
1282 2470 1334 2531 sed
1356 2480 1496 2550 perpetua

123 2560 213 2619 serie
233 2559 291 2618 sibi
313 2559 504 2620 succedentes
526 2577 620 2636 eoque
644 2560 808 2620 inefficaces
830 2560 868 2620 ad
890 2559 1075 2620 excitandam
1098 2567 1249 2634 naturam3
1279 2562 1308 2618 in
1331 2567 1393 2619 toto
1418 2576 1495 2619 anno

122 2647 311 2725 paucissimi
336 2647 398 2708 dies
421 2656 575 2708 occurrunt
598 2655 719 2724 aspectu
741 2647 844 2707 Lunae
868 2654 1008 2723 carentes,
1032 2664 1067 2707 ec
1087 2650 1141 2707 etsi
1158 2645 1336 2724 quandoque
1351 2664 1495 2707 acervan-

121 2742 182 2794 tur
209 2734 240 2791 in
265 2750 353 2793 unam
376 2734 453 2794 diem
476 2737 539 2795 seni
562 2734 665 2795 Lunae
689 2751 755 2794 cum
776 2735 903 2811 planetis
926 2752 987 2809 sex,
1013 2733 1092 2812 quod
1114 2751 1174 2793 non
1197 2751 1273 2810 nego
1296 2733 1434 2812 proficere
1457 2735 1495 2794 sd

121 2819 350 2899 impellendam
373 2830 518 2895 naturam,
542 2823 563 2880 ii
586 2829 763 2882 tamennon
786 2839 837 2901 per
859 2821 947 2881 horas
972 2830 1000 2882 et
1024 2824 1138 2882 minute
1152 2839 1217 2896 sua,
1240 2821 1293 2880 sed
1310 2830 1404 2881 tractu
1427 2821 1495 2881 loo·

121 2910 221 2987 glore
251 2912 390 2987 temporie
422 2911 585 2986 viriumque
616 2909 785 2969 contusione
815 2909 986 2986 proficiunt,
1020 2909 1111 2987 litque
1141 2908 1197 2969 hoc
1228 2910 1344 2968 nonnisi
1367 2907 1494 2985 planctis
1623 2982 1626 2991 Ι

122 2996 213 3074 ipsis
235 2997 311 3057 luter
331 3015 363 3058 se
385 2999 517 3076 proxime
540 2996 703 3072 conjunctis
719 3004 770 3057 aut
785 2996 984 3074 configuretis,
1009 2997 1059 3057 ubi
1075 2997 1258 3074 planetarum
1275 2998 1373 3075 potius
1389 3013 1495 3075 espec-

124 3084 178 3144 tul
206 3090 347 3162 acceptus
362 3084 452 3144 lertur
466 3085 595 3159 effectus,
618 3102 707 3161 quam
731 3084 832 3145 Lunae
855 3101 921 3144 cum
945 3083 1079 3162 planetis.
1112 3084 1224 3144 Demus
1239 3101 1310 3143 vero
1326 3084 1383 3143 hoc
1398 3092 1494 3142 estro·

123 3166 231 3248 logie,
263 3171 451 3233 tribuendum
479 3189 543 3232 esse
571 3170 682 3248 aliquid
712 3171 876 3231 defluxibns
900 3171 1001 3231 Lunae
1031 3191 1049 3231 e
1076 3170 1158 3231 radio
1188 3174 1274 3230 unius
1296 3171 1433 3249 planetae
1456 3170 1494 3230 ed

125 3256 256 3319 redium
277 3259 413 3334 alteriue,
439 3266 469 3319 et
491 3261 630 3320 interesse
653 3257 692 3317 ed
714 3261 892 3319 mutationes
914 3276 1017 3332 aurae,
1041 3261 1093 3336 qui
1115 3258 1285 3335 praecedat,
1310 3261 1360 3335 qui
1385 3275 1494 3335 seque·

126 3350 203 3407 tur:
227 3353 261 3405 at
282 3346 312 3406 id
334 3345 470 3424 perfacile
493 3354 575 3424 patet
598 3345 646 3405 vel
669 3348 731 3406 eine
754 3349 881 3406 numeris
896 3345 1089 3406 horarum-ex
1112 3348 1220 3406 intuitu
1235 3349 1360 3423 primum
1384 3344 1493 3405 ordinis

129 3433 270 3511 lpsorum
293 3434 492 3495 characterum
514 3436 543 3492 in
566 3442 648 3512 parte
672 3434 787 3508 dextra,
819 3433 939 3508 deinde,
970 3434 996 3492 si
1024 3431 1122 3510 plures
1151 3435 1180 3491 in
1209 3433 1333 3493 eandem
1363 3432 1494 3492 incidant

129 3516 264 3591 lineam,
296 3520 457 3599 quantulae
481 3529 525 3581 est
547 3537 667 3597 operae,
698 3520 801 3582 oculos
823 3520 861 3581 ad
884 3522 1031 3580 sinistram
1053 3521 1208 3580 transferre
1231 3527 1388 3597 motusque
1410 3523 1493 3598 ipsos

132 3607 270 3669 intueri?
292 3609 367 3670 Nam
389 3610 517 3688 planete,
540 3610 590 3685 qui
614 3611 643 3666 in
667 3609 854 3687 paucioribus
878 3614 924 3668 est
945 3607 1085 3684 gradibus
1106 3610 1152 3666 sui
1173 3608 1259 3684 sigui,
1282 3610 1362 3687 prior
1384 3609 1494 3685 excipit

133 3694 256 3757 Lunam
271 3705 402 3773 aspectu,
425 3698 476 3773 qui
497 3698 527 3754 in
548 3695 689 3774 pluribus,
713 3698 867 3775 posterius,
891 3713 957 3756 curn
974 3695 1058 3755 Luna
1073 3712 1188 3772 semper
1202 3697 1241 3755 sit
1256 3694 1365 3757 directe
1387 3694 1493 3772 louge·

134 3800 197 3863 que
220 3781 350 3844 velocior
373 3785 476 3844 ceteris
500 3783 643 3842 omnibus.
1386 3854 1390 3861 Ι

245 3871 371 3932 Restant
393 3873 481 3949 igitur
503 3871 584 3930 solae
607 3869 773 3941 electiones,
797 3886 843 3930 res
866 3870 957 3928 totius
980 3866 1159 3946 astrologiae
1182 3870 1326 3929 vilissima
1350 3876 1492 3945 tantoque

134 3959 234 4036 magis
255 3959 404 4035 neglecta,
436 3966 545 4034 quanto
569 3959 662 4033 magis
685 3956 735 4016 lux
760 3959 891 4018 veritatis
920 3958 949 4014 in
972 3956 1059 4016 rebus
1082 3955 1213 4036 physicis
1236 3965 1266 4016 et
1289 3958 1492 4015 astronomicis

135 4049 276 4109 noritur.
310 4045 393 4106 Haec
416 4045 467 4105 illa
490 4047 577 4105 unica
599 4045 678 4104 Diva
700 4051 753 4115 eet,
777 4045 823 4104 cui
844 4043 987 4104 sacellum
1008 4043 1075 4118 hoc,
1099 4051 1270 4121 aspectuum
1293 4042 1331 4102 ad
1354 4042 1441 4103 horae
1464 4048 1494 4102 st

134 4133 278 4212 scrupula
299 4140 542 4211 computatorem,
567 4136 770 4191 exstruxerunt
791 4130 928 4192 artifices.
964 4131 1029 4190 Etsi
1044 4147 1113 4191 vero
1131 4132 1289 4192 electiones
1305 4128 1492 4191 medicinales

135 4236 198 4282 nou
220 4228 321 4283 carent
341 4224 472 4296 ratione,
503 4220 650 4281 rarissime
680 4225 776 4277 tamen
808 4219 959 4278 observari
987 4216 1083 4278 solent
1109 4218 1157 4279 vel
1180 4226 1313 4295 possunt.
1358 4216 1492 4293 Quotus·

136 4310 265 4387 quisque
286 4309 467 4370 medicorum
490 4314 535 4370 est
556 4306 653 4380 hodie,
676 4307 727 4382 qui
749 4304 851 4365 horam
866 4314 1012 4381 aspectus,
1035 4322 1073 4364 ne
1088 4303 1124 4366 de
1145 4308 1258 4365 minuto
1274 4305 1377 4379 dicam,
1402 4304 1493 4380 eligat

135 4395 177 4457 ed
200 4413 295 4457 venae
316 4399 474 4458 sectionem
496 4403 549 4456 aut
570 4393 607 4453 ad
631 4396 780 4470 potionem
804 4392 1022 4454 exhibendam?
1049 4392 1155 4455 Nonne
1178 4395 1354 4453 matutinum
1377 4398 1492 4468 tempus

135 4485 292 4563 lmperaut,
315 4486 432 4561 quoties
453 4483 483 4543 id
506 4483 597 4543 teneri
619 4479 740 4558 potest?
767 4478 841 4540 Cum
865 4498 934 4541 vero
958 4479 1122 4558 periculum
1145 4488 1190 4540 est
1213 4482 1242 4539 in
1265 4497 1356 4552 mora,
1380 4479 1492 4539 nullum

134 4570 182 4632 illi
212 4578 379 4651 aspectum,
411 4570 521 4631 nullam
554 4568 613 4628 diei
643 4574 742 4627 notem
771 4568 928 4628 inlaustem
958 4576 1116 4629 morentur.
1163 4567 1201 4626 Et
1223 4577 1321 4627 tamen
1345 4569 1374 4624 in
1397 4584 1492 4627 venes

134 4660 279 4735 afflone,
302 4661 328 4720 sl
349 4676 408 4720 non
431 4658 591 4730 consultus,
614 4655 718 4717 saltem
743 4662 899 4716 excusatus
922 4654 1020 4714 adhuc
1035 4662 1080 4715 eet
1095 4671 1167 4714 usus
1183 4653 1359 4715 electionum
1383 4653 1492 4714 doctri·

132 4764 204 4809 uae.
250 4747 306 4809 cul
328 4747 413 4824 adde,
437 4749 462 4806 ei
484 4747 590 4824 placet,
615 4744 761 4823 chymiam
784 4750 813 4802 et
835 4741 1053 4823 agriculturam.
1088 4743 1269 4803 Excusatum
1293 4744 1414 4820 inquam
1435 4741 1492 4802 ha·

131 4837 226 4913 bebo,
249 4838 276 4897 sl
298 4837 365 4914 quis
388 4836 461 4896 hore
484 4833 578 4896 electa
600 4830 760 4892 secundum
782 4837 920 4908 aspectae
942 4829 1045 4891 Lunae
1068 4829 1220 4890 metallum
1242 4829 1346 4907 liquet,
1369 4829 1492 4907 spiritus

188 4958 285 5011 ΜΗ
297 4956 381 5009 opem.
408 4953 460 4997 vn.
1239 4943 1280 4998 82
