3284 5520
208 322 274 393 320
655 326 688 385 Iu
707 326 856 386 chdhdsm
872 326 1113 399 bogarithmornm

209 503 413 564 sensibilitatis
427 502 566 582 demergi,
591 507 828 581 constitueretur,
851 514 884 568 ut
901 509 944 568 sic
966 507 1129 568 teodemiri
1152 523 1239 568 usum
1260 507 1358 584 ipsum
1381 521 1567 566 numerorum

208 591 401 666 redundaret,
438 593 567 653 absurda
597 592 716 671 quidem
747 592 973 670 demonstranti,
1007 594 1060 657 sed
1092 595 1248 656 utilissima
1279 595 1480 671 computanti,
1514 594 1567 651 in-
1638 648 1641 653 .

208 678 587 741 communicabilium
609 684 908 759 proportionum
930 684 1135 743 communis
1157 698 1339 756 mansura,
1361 679 1566 758 Logarith·

207 783 287 827 mus
310 765 424 828 dicta.

311 853 407 915 Simul
435 860 535 915 autern
564 854 620 915 luit
648 857 713 932 ipso
741 872 829 932 opere
856 854 1019 916 monendus
1046 856 1140 916 lector
1161 873 1261 928 meus,
1291 853 1487 932 logarithmos
1507 870 1565 913 non

206 942 331 1019 primunr
358 944 441 1003 nesci
464 958 529 1002 cum
551 944 689 1017 sinubus,
723 960 776 1003 seu
799 946 885 1004 rectis
909 946 939 1002 ln
962 942 1085 1019 circulo,
1118 944 1197 1021 quod
1219 944 1388 1021 Nepotiane
1410 940 1565 1019 descriptio

207 1029 353 1089 incautius
384 1032 518 1107 inspecta
547 1047 618 1108 prae
646 1047 679 1091 ss
707 1030 781 1090 ierre
813 1031 944 1104 videtur,
978 1030 1030 1090 sed
1053 1031 1123 1090 ioris
1147 1040 1230 1092 extra
1252 1030 1444 1107 geometriam
1467 1029 1566 1088 circuli

205 1118 360 1190 constitui,
393 1125 534 1195 tanquam
562 1120 638 1178 inira
669 1126 763 1178 metas
792 1117 859 1177 libri
882 1119 977 1196 quinti
999 1117 1146 1193 Euclidis,
1177 1118 1243 1179 inde
1272 1134 1344 1178 vero
1372 1124 1566 1177 transsumtos

206 1204 349 1281 applicari
360 1205 492 1279 sinubus,
509 1221 603 1283 eoque
616 1203 838 1283 concipiendam
850 1222 914 1266 esse
928 1206 1025 1265 animo
1039 1203 1140 1286 (quam
1152 1208 1216 1283 ipse
1231 1204 1343 1265 dudum
1354 1203 1566 1281 descripseram

206 1291 237 1348 in
260 1290 375 1371 tabula)
396 1293 546 1353 matricem
569 1292 718 1370 quandam
738 1292 995 1370 logsrithmorum,
1018 1310 1054 1352 ex
1078 1295 1253 1370 quaomnia
1276 1309 1329 1370 per
1350 1308 1489 1352 numeros
1512 1309 1566 1351 ex·

205 1394 307 1455 pressa
322 1381 481 1457 quantitas,
504 1382 592 1440 etiam
607 1382 689 1440 sinus
705 1382 770 1458 ipsi,
793 1396 864 1440 suos
879 1379 1073 1457 logarithmos
1087 1388 1228 1457 peterent,
1246 1398 1283 1440 ea
1297 1382 1364 1456 ipsa
1377 1395 1566 1438 numerorum

205 1462 279 1541 ilde,
310 1484 370 1545 qua
396 1469 478 1528 sinus
508 1467 564 1544 ipsi
592 1476 661 1527 sunt
689 1469 719 1526 in
748 1470 909 1544 geometria
939 1466 1040 1529 circuli
1062 1466 1190 1527 definiti:
1225 1469 1305 1527 utsi
1327 1466 1484 1543 quirinus
1506 1482 1566 1525 uon

206 1550 338 1630 legitimo
352 1571 473 1615 numero
497 1557 536 1615 sit
550 1571 714 1633 expressus,
738 1554 815 1617 idem
837 1560 926 1616 etiam
949 1572 986 1616 ex
1007 1553 1064 1615 hae
1086 1558 1205 1615 matrice
1226 1553 1434 1631 logarithmum
1456 1555 1566 1631 imper·

204 1640 313 1701 lectum
329 1642 487 1703 hausturus
501 1645 549 1717 alt,
571 1641 654 1703 nullo
668 1644 807 1716 matricis,
830 1642 883 1703 sed
897 1659 952 1702 suo
968 1642 1084 1722 proprio
1101 1644 1184 1704 virio.
1220 1641 1288 1702 Hoc
1307 1643 1397 1718 igitur
1411 1642 1565 1718 proposito

206 1736 238 1789 at
260 1736 432 1808 computata
454 1736 500 1791 est
521 1747 540 1789 a
561 1747 608 1791 me
623 1728 769 1789 chilias
788 1729 1100 1807 Logarithmorum
1124 1739 1153 1790 et
1174 1728 1319 1789 adornata
1335 1730 1423 1788 etiam
1440 1727 1566 1788 demon·

196 1818 324 1892 stratio,
354 1834 432 1895 quae
454 1815 586 1877 ordinem
606 1818 763 1894 praecipue
784 1833 969 1877 numerorum
992 1815 1134 1877 chiliadis
1158 1823 1202 1877 est
1225 1814 1377 1893 complexa
1398 1831 1566 1891 comasque

207 1903 273 1980 ejus
303 1906 333 1962 in
360 1903 455 1964 lucem
485 1904 604 1981 proiert.
648 1904 695 1964 De
724 1920 779 1964 usu
801 1902 944 1966 chiliadis
967 1904 1102 1981 populari
1125 1906 1264 1982 cogitatio
1287 1901 1420 1979 aequalis
1444 1901 1566 1978 quidem

207 1997 348 2068 tempora,
371 2000 478 2052 natura
492 2001 590 2051 tamen
613 1991 668 2051 init
683 1993 834 2068 posterior.
873 1991 1009 2051 cbilisda
1025 2008 1090 2052 cum
1110 1990 1359 2053 demonstratione
1382 1998 1415 2049 nt
1437 1991 1567 2066 primum

207 2078 338 2155 perlecta
360 2079 416 2138 luit
439 2080 585 2139 transmisi
600 2078 704 2139 Lineio
720 2086 861 2155 tanquam
877 2078 914 2139 ad
930 2077 1144 2156 Philippum
1167 2078 1447 2154 Landgrarium
1468 2076 1568 2137 Has·

205 2166 299 2240 sias,
322 2165 374 2226 sed
397 2182 449 2244 per
470 2166 611 2244 ambages
630 2167 775 2242 itinerum,
797 2169 827 2224 iu
845 2167 952 2244 quibus
967 2166 1084 2226 libellus
1099 2165 1196 2227 haesit
1210 2168 1238 2225 in
1255 2168 1372 2225 tertium
1386 2181 1495 2224 aunum
1512 2182 1568 2224 us·

206 2269 276 2329 que.
313 2252 388 2330 Spes
404 2253 549 2315 interdum
572 2252 682 2313 silulsit
705 2254 786 2328 mihi,
808 2253 943 2315 libellum
965 2270 1105 2314 excusum
1127 2256 1163 2312 iri
1183 2271 1254 2314 eura
1267 2255 1436 2330 peritorum,
1458 2250 1513 2312 sod
1530 2268 1567 2312 aa

205 2339 332 2402 subinde
347 2344 452 2401 iterum
469 2344 613 2402 exstincta
624 2341 688 2401 luit.
718 2341 824 2417 ltaque
839 2341 950 2400 refrixit
964 2344 1052 2401 etiam
1069 2340 1149 2418 apud
1163 2359 1210 2401 me
1225 2340 1354 2400 studium
1368 2338 1460 2399 libelli
1475 2353 1568 2400 exor-

203 2426 304 2491 nandi.
330 2427 466 2489 Tandem
481 2431 510 2487 in
527 2445 630 2488 manus
644 2431 761 2505 patroni
776 2430 822 2487 sui
839 2428 1026 2488 illustrissimi
1038 2428 1178 2506 perlatus,
1196 2445 1242 2488 me
1256 2430 1375 2505 penitus
1390 2429 1494 2503 ignaro
1509 2442 1566 2487 neo

205 2515 364 2592 quicquam
386 2515 446 2575 tals
462 2516 610 2592 opinante,
634 2516 712 2593 typis
734 2515 890 2575 mandatus
905 2516 968 2587 luit,
991 2526 1024 2575 ut
1044 2517 1125 2594 prius
1148 2533 1184 2576 ex
1207 2515 1343 2592 catalogo
1366 2514 1565 2574 nundinarum

205 2600 509 2678 Francoiurtensium,
542 2620 632 2679 quam
655 2620 690 2662 ex
713 2601 805 2663 literis
827 2602 903 2663 cels.
927 2619 999 2662 suae
1021 2600 1107 2683 (quas
1128 2601 1296 2662 adhucdum
1319 2604 1348 2661 in
1371 2603 1473 2661 itincre
1497 2618 1565 2661 esse

203 2705 298 2766 nuper
319 2689 477 2751 admodum
499 2688 634 2767 resciri),
665 2689 736 2766 quid
759 2698 895 2766 ageretur
916 2693 1103 2767 perceperim.
1147 2690 1215 2750 Non
1238 2688 1356 2761 dubito,
1388 2690 1459 2766 quin
1482 2687 1564 2748 cels.

204 2778 310 2837 suain
332 2778 425 2838 literis
448 2795 495 2839 me
517 2784 645 2850 moneat,
668 2778 694 2836 al
716 2777 788 2853 quid
810 2777 848 2837 ds
870 2794 925 2836 usu
947 2775 1090 2837 Chiiladis
1106 2779 1297 2854 conceperim,
1320 2784 1353 2836 ut
1374 2774 1405 2834 id
1426 2774 1565 2835 subsidio

203 2864 333 2940 mittam,
365 2882 425 2942 quo
453 2863 683 2926 commendatior
713 2873 742 2925 st
771 2864 870 2925 utilior
897 2865 1015 2924 libellus
1038 2872 1134 2926 exeat.
1178 2864 1254 2924 Nam
1277 2862 1320 2922 illi
1339 2863 1404 2939 jam
1425 2864 1564 2938 superius

205 2955 425 3014 commemorati
456 2952 531 3013 lines
562 2952 729 3029 scriptionis
765 2950 987 3012 reconditiorem
1021 2969 1139 3012 sensum
1174 2951 1284 3011 habent
1316 2949 1414 3026 adque
1447 2966 1565 3026 paucos

204 3042 361 3116 portinent.
398 3040 436 3099 ut
459 3039 549 3101 habet
570 3056 643 3099 saus
665 3040 732 3116 ipsa
754 3038 866 3099 chilias
888 3047 946 3098 uos
966 3039 1117 3099 columnas
1139 3037 1354 3116 superadditas,
1379 3053 1456 3115 quse
1478 3043 1564 3097 totae

203 3144 237 3187 se
258 3145 278 3187 a
298 3126 462 3188 subtilitate
489 3126 542 3187 illa
570 3125 849 3187 demonstrationum
878 3125 1047 3186 subducunt
1074 3126 1171 3202 adque
1201 3144 1286 3184 usum
1314 3126 1474 3185 conserunt.
1523 3121 1565 3185 Ut

204 3216 310 3291 igitur,
347 3214 426 3293 quod
459 3216 490 3272 in
521 3214 578 3274 hac
615 3213 743 3274 editione
776 3222 941 3292 temporum
975 3221 1005 3274 et
1035 3213 1167 3273 locorum
1201 3214 1288 3290 culpa
1321 3214 1377 3272 luit
1408 3213 1563 3284 omissum,

203 3300 389 3379 suppleatur,
422 3309 457 3362 nt
485 3301 597 3362 scilicet
619 3300 732 3362 chilias
762 3303 858 3361 istae
886 3300 1087 3379 penetralibus
1116 3300 1172 3360 illis
1195 3300 1430 3377 speculationum
1452 3306 1484 3359 et
1507 3297 1564 3360 do·

202 3391 465 3464 monstrationem,
498 3406 621 3466 quarum
649 3391 806 3467 praecipue
830 3406 921 3448 eausa
943 3390 1107 3465 composita
1127 3389 1198 3462 luit,
1231 3390 1319 3447 etiam
1342 3386 1379 3446 ad
1402 3385 1564 3464 populares

204 3494 275 3538 usus
306 3475 464 3551 educatur,
498 3478 578 3555 prius
609 3484 678 3535 suut
709 3476 810 3554 aliqua
840 3475 910 3536 mihi
943 3475 1104 3552 praefanda
1137 3475 1173 3534 de
1206 3475 1301 3533 titulo.
1346 3474 1377 3532 Is
1407 3473 1565 3550 profitetur

203 3562 480 3625 demonstrationem
517 3563 677 3641 legitimam
715 3574 795 3623 ortus
831 3563 1095 3638 Logarithmorum.
1141 3563 1179 3621 Et
1210 3579 1296 3638 spero
1332 3564 1462 3620 laesuros
1494 3578 1563 3622 esse

202 3660 384 3729 geometras,
414 3650 494 3728 qnod
523 3652 554 3709 in
584 3650 693 3711 chartis
716 3653 830 3711 excusis
851 3650 930 3710 hune
951 3667 1072 3727 scopum
1094 3650 1149 3708 sim
1173 3657 1356 3709 consecutus.
1401 3646 1564 3709 Profitetur

201 3754 274 3800 vero
297 3742 385 3800 etiam
409 3738 687 3799 demonstrationem
709 3756 779 3799 usus
802 3737 1067 3815 Logarithmorum.
1110 3736 1169 3796 Hie
1190 3737 1317 3796 subsiste
1340 3735 1441 3795 lector.
1480 3735 1562 3794 Dum

202 3827 280 3887 euim
294 3828 337 3887 rei
361 3826 640 3887 demonstrationem
664 3824 821 3904 polliceor,
844 3843 904 3886 rem
924 3827 1017 3902 ipsam
1039 3840 1244 3902 praesuppono
1265 3823 1327 3900 jam
1349 3832 1437 3882 antea
1460 3830 1564 3882 uotam

201 3912 353 3991 vulgoque
368 3916 476 3973 uitam.
514 3911 666 3988 Quasnam
682 3931 752 3975 vero
766 3932 814 3974 res
830 3916 905 3972 istst
934 3911 1007 3988 Quis
1023 3928 1094 3971 usus
1109 3910 1387 3987 Logarithmorumi
1415 3909 1562 3969 Nimirum

201 4002 317 4078 islpss,
339 4002 390 4079 qui
402 4001 466 4081 jam
488 4008 556 4061 ants
572 3999 672 4062 decern
695 4018 788 4061 annos
811 4002 939 4078 aprimo
962 4006 1082 4059 auctore
1094 3998 1210 4077 Nepero
1233 3999 1288 4058 luit
1301 3997 1426 4057 traditus
1450 3998 1564 4074 quique

201 4088 297 4148 trihus
326 4089 426 4149 serbis
447 4094 546 4167 potest
566 4090 698 4167 concipi:
735 4086 969 4164 Ubicunque
1001 4094 1212 4147 occurrunt
1243 4087 1280 4144 in
1310 4084 1563 4145 arithmetica

202 4177 382 4236 communi
412 4178 524 4253 inque
554 4177 687 4253 regula
708 4177 817 4236 trium
840 4173 1064 4235 duonumsri
1088 4175 1186 4232 iuter
1206 4191 1246 4233 sc
1269 4170 1561 4250 multiplicandi,

201 4262 258 4324 ihi
279 4271 369 4324 snnt
390 4279 518 4324 eorum
539 4261 778 4340 Logarithmi
800 4265 836 4321 in
860 4279 969 4322 unam
991 4278 1164 4321 summam
1186 4259 1361 4334 addendi,
1384 4258 1449 4319 ubi
1472 4274 1562 4321 vero

201 4365 385 4412 numerus
407 4347 619 4412 absolutus
638 4351 809 4427 jubetur
831 4351 978 4410 iactum
1001 4347 1185 4419 dividere,
1209 4347 1262 4406 ibi
1287 4346 1562 4422 Logarithmus

201 4436 319 4499 llllns
342 4447 403 4499 est
425 4436 663 4500 auferendus
685 4456 704 4498 a
726 4436 1070 4514 Logarithmorum
1093 4452 1250 4494 summa:
1282 4441 1324 4493 ut
1345 4432 1563 4510 Logarlth·

201 4541 298 4597 mus,
321 4524 410 4586 illic
431 4531 650 4599 acervatur,
680 4524 745 4585 hie
766 4524 962 4597 residuus,
990 4530 1180 4582 monstret
1201 4538 1385 4580 numerum
1409 4523 1447 4579 in
1469 4539 1563 4599 qua·

201 4608 297 4672 libet
325 4616 558 4690 operatione
586 4614 810 4689 quaesitum.
854 4611 929 4681 Hic,
962 4613 1096 4686 inquam,
1132 4617 1176 4669 est
1198 4625 1270 4668 usus
1293 4608 1562 4685 Logarithmorum.

200 4696 301 4775 Hujus
331 4718 402 4760 usus
425 4700 701 4761 demonstrationem
723 4699 816 4761 habos
838 4701 868 4758 in
890 4698 1142 4776 propositionibus
1168 4698 1223 4769 111,
1249 4697 1306 4769 19,
1331 4698 1387 4769 10,
1419 4704 1454 4756 ιιι
1476 4696 1564 4757 vides

201 4786 232 4845 iu
259 4803 359 4850 earum
381 4788 544 4852 corollariis
566 4790 711 4868 expressis
733 4789 833 4850 verbis
854 4785 1024 4848 indicatum.
1069 4781 1221 4865 Perpeude
1241 4800 1321 4864 rem,
1354 4783 1454 4862 dices,
1486 4787 1563 4862 scio,
