3284 5520
603 333 818 392 martenesiae
836 332 956 405 Kepleri
1393 336 1457 405 779

103 532 160 575 non
184 515 269 575 deest
284 516 349 576 Deo
373 518 605 587 instrumentum,
628 532 687 590 quo
704 521 826 587 tantum,
850 524 910 575 tam
927 517 1094 576 diuturnum
1111 523 1200 589 atque
1216 514 1321 574 stabile
1337 531 1455 591 regnum

103 603 274 672 labefactet,
306 605 373 662 dum
405 606 572 662 intestinum
604 603 711 662 bellum
742 607 859 662 excitat.
906 606 1003 678 Quare
1033 606 1190 663 etiamnum
1220 601 1307 662 bodie
1331 620 1389 661 non
1414 613 1457 662 est

102 691 314 766 respiciendum
339 692 425 750 rebus
444 691 608 761 ,Turcarnm
631 691 828 763 solummodo,
862 695 946 767 quasi
970 710 1028 749 tran
1050 694 1145 767 possit
1168 692 1258 749 everti
1282 708 1402 763 regnum
1427 691 1456 748 id

103 781 157 836 nisi
181 780 218 838 ab
243 787 361 838 externo
385 779 478 837 hoste.
516 779 633 838 Certum
657 778 774 853 quidem
792 789 844 849 est,
868 782 892 835 si
909 782 1091 838 conferemus
1107 785 1235 837 nostrum
1252 795 1372 847 reanum
1391 795 1456 835 curu

103 865 241 933 Tuscico,
275 869 422 925 imminere
451 867 535 926 uobis
559 866 678 925 fatalem
700 868 870 925 servitutem
894 870 970 926 intra
993 884 1102 943 paucos
1125 882 1227 923 untros.
1273 865 1330 923 Sed
1354 883 1457 940 spera-

104 953 207 1025 bimus,
232 953 387 1013 Turcicum
411 955 562 1030 imperinm
585 972 617 1012 se
638 956 701 1029 ipso
716 956 875 1028 periturum
890 965 1003 1030 suaque
1019 957 1111 1029 ipsius
1127 952 1202 1011 mole
1218 955 1368 1014 ruiturum.
1386 962 1456 1010 ,tarta

104 1041 174 1099 olim
197 1041 379 1100 dissensione
403 1045 476 1100 inter
499 1058 640 1118 proceres.
677 1040 740 1098 Nisi
764 1041 823 1113 fiat,
848 1060 902 1115 ego
927 1060 998 1101 sane
1017 1042 1059 1100 illi
1076 1058 1179 1117 parurn
1195 1052 1292 1097 uretuo
1309 1043 1345 1097 ab
1362 1040 1456 1097 tutasti-

103 1128 157 1186 bns
180 1132 337 1200 extraneis,
362 1129 532 1187 Christianis
556 1136 585 1186 et
605 1128 710 1201 Persis,
734 1130 838 1204 utqui
862 1138 974 1187 tantum
999 1129 1041 1187 illi
1063 1130 1185 1187 materia
1209 1128 1355 1187 crescendi
1379 1135 1455 1197 sunt,

104 1214 171 1274 dnm
195 1219 334 1274 continua
358 1216 435 1274 bellu
457 1220 531 1291 gerit
554 1215 668 1291 hocque
691 1217 756 1292 ipso
779 1217 868 1274 sortes
892 1219 998 1275 milites
1024 1217 1120 1287 eflicit,
1144 1216 1288 1290 nobisque
1311 1218 1455 1290 pervices

103 1314 192 1378 atque
216 1304 312 1362 Persis
335 1307 461 1378 spatium
486 1304 633 1363 crescendi
656 1302 823 1377 indulgens,
855 1312 992 1379 utrosque
1016 1306 1136 1378 ignavia
1159 1312 1246 1377 atque
1270 1302 1404 1361 socordia
1427 1309 1457 1360 et

102 1390 327 1449 meticulositate
356 1391 481 1449 conficit.
529 1391 567 1448 Ia
595 1394 703 1465 tamem.
752 1389 808 1448 Alii
838 1389 938 1451 dicunt
967 1394 1166 1461 antisbastum,
1198 1393 1248 1465 qui
1278 1391 1402 1449 tortasse
1426 1392 1455 1447 in

103 1478 220 1545 Croeso,
246 1478 358 1554 Lydiae
382 1496 464 1554 rege,
489 1478 553 1535 ialsi
577 1490 646 1536 sunt
667 1487 783 1553 propter
804 1478 1024 1537 similitudinem
1049 1479 1244 1537 ilistoriarum.

208 1563 442 1638 Sieidanns:
471 1566 514 1623 Hi
536 1566 597 1624 duo
618 1567 763 1642 praefecti
785 1567 997 1625 monarchiam
1020 1575 1088 1640 post
1109 1569 1189 1624 iata
1211 1568 1455 1642 repastinatum

103 1660 131 1710 et
151 1652 299 1712 Betocbus
321 1653 441 1728 quidem
465 1653 644 1731 Babylonis,
666 1654 798 1712 Arbaccs
820 1672 890 1712 ocra
914 1653 1073 1713 Medorum
1097 1661 1188 1728 atque
1212 1653 1378 1709 Persarum
1392 1642 1457 1710 'sce

101 1742 202 1816 factus
224 1747 274 1799 cst.
317 1741 385 1798 Fuit
407 1740 463 1799 hoc
486 1744 666 1816 prooemium
689 1740 791 1799 saltem
816 1744 985 1801 mutationis
1007 1742 1089 1815 regni
1107 1740 1290 1816 Babylonici.
1332 1739 1457 1796 Familia

105 1844 162 1885 una
193 1826 307 1902 dejecta
336 1835 412 1898 erat,
442 1830 583 1887 successit
604 1828 704 1887 altera.
751 1828 788 1886 Et
811 1832 927 1886 omnino
952 1828 1109 1887 verisimile
1132 1837 1190 1892 est,
1221 1826 1380 1885 Belacbnm
1403 1842 1457 1901 pro

103 1915 262 1990 republica,
285 1932 343 1973 riou
368 1925 468 1973 contra
491 1933 555 1974 eam
579 1933 660 1973 arma
682 1919 830 1985 sumsisse,
854 1919 909 1972 nisi
934 1917 1011 1992 qnod
1037 1918 1099 1991 ipse
1123 1933 1176 1972 sua
1196 1931 1320 1991 persona
1334 1930 1457 1989 regulum

102 2002 236 2078 appetiit.
276 2001 409 2073 Regnum
434 2012 531 2061 autem
554 2006 677 2078 partitus
701 2012 746 2062 est
767 2021 832 2061 curn
857 2005 972 2063 Arbace
988 2004 1085 2075 Medo,
1110 2005 1179 2078 quia
1203 2005 1227 2060 is
1250 2005 1347 2060 scelus
1370 2001 1457 2059 lubo-

101 2107 164 2147 rnm
188 2098 217 2148 ct
239 2089 372 2167 periculi,
397 2093 456 2147 iuro
479 2094 549 2163 quia
573 2094 633 2164 ipse
656 2091 769 2148 itteinns
793 2108 883 2148 ausus
906 2095 1074 2167 regiamque
1097 2092 1280 2165 majestatem
1304 2090 1378 2147 serre
1401 2086 1457 2146 ad-

103 2186 183 2235 ortus
199 2187 269 2234 erat.
305 2175 365 2253 (Sic
382 2176 540 2235 bitunicins
555 2188 582 2235 et
599 2177 751 2248 ilenricus,
768 2176 884 2236 Galliae
900 2196 1043 2253 proceres,
1059 2195 1140 2236 arma
1156 2177 1344 2251 sumserunt.)
1381 2174 1456 2234 Nam

104 2266 225 2340 Assyria
254 2263 376 2322 Belochi
404 2267 623 2324 successoribus
653 2264 825 2341 Babyloniis
853 2269 954 2336 cessit,
987 2269 1049 2324 siue
1079 2268 1225 2324 mentione
1257 2263 1335 2322 belli.
1380 2262 1458 2321 Hinc

104 2351 271 2421 verisimile,
297 2352 440 2411 Arbacem
463 2351 558 2410 solum
578 2370 612 2409 ex
630 2352 725 2410 Medis
741 2351 810 2410 dum
827 2355 939 2410 virseret
955 2354 1105 2430 Assyrium
1122 2357 1258 2419 tenuisse,
1282 2359 1350 2426 post
1366 2352 1457 2424 ipsius

104 2447 227 2496 mortem
261 2438 381 2497 rediisse
415 2439 452 2496 ad
486 2439 678 2516 Babylonius.
733 2439 880 2498 Belocirus
909 2440 1084 2516 Babylonis.
1130 2440 1176 2498 lta
1210 2439 1326 2514 quidem
1358 2446 1458 2497 noster

104 2535 215 2597 auctor,
240 2528 322 2600 qnasi
348 2528 469 2602 Assyria
491 2526 577 2584 simul
601 2537 630 2585 ct
653 2526 803 2585 Chaldaea
827 2528 966 2599 Belocbo,
990 2526 1091 2586 Media
1114 2537 1202 2600 atque
1223 2527 1321 2584 i’ersia
1340 2525 1456 2597 Arbaci,

102 2615 216 2688 utrique
239 2613 319 2687 regio
343 2613 438 2684 titulo,
463 2617 607 2672 cessisset.
647 2614 704 2672 Sed
728 2613 863 2673 Justinus
880 2615 987 2674 Arbaci
1011 2633 1121 2675 merum
1145 2624 1174 2673 ct
1197 2632 1282 2673 onnia
1305 2614 1457 2688 imperium

102 2701 258 2774 adscribit3
289 2700 485 2776 adstipulatur
516 2701 679 2772 Diodorus,
711 2706 759 2776 qui
785 2702 892 2760 Arbaci
917 2704 1067 2779 Assyriam
1098 2705 1175 2777 regis
1203 2703 1319 2759 notrtine
1347 2700 1456 2769 tribuit,

103 2788 262 2847 Belochnm
288 2789 464 2863 praesectum
487 2789 558 2847 lacit
575 2788 744 2864 Babylonis.
780 2790 853 2847 Cum
870 2799 968 2849 autem
986 2807 1136 2848 successor
1151 2790 1270 2849 Beloebi
1284 2789 1346 2864 Jam
1363 2789 1458 2863 Assy-

101 2878 162 2935 riae
185 2874 381 2933 dominaretur
404 2883 432 2935 et
456 2875 618 2953 Babyloni,
648 2875 716 2933 binc
739 2886 875 2951 apparet,
905 2877 1028 2936 alteram
1048 2877 1110 2952 jam
1134 2880 1240 2935 l'actam
1265 2877 1456 2934 mutationem

103 2964 224 3038 imperii,
248 2981 298 3021 seu
323 2973 419 3037 pacto,
443 2981 504 3031 scu,
530 2963 608 3038 qnod
625 2964 792 3022 credibilius
809 2974 862 3032 est,
885 2969 1055 3039 interregni
1072 2965 1203 3023 aemulos
1220 2963 1299 3022 bello
1316 2963 1457 3022 sturmis.

102 3049 152 3109 Sic
168 3052 256 3119 iaitnr
272 3050 447 3109 tenendum:
472 3052 606 3126 Babylon
623 3051 707 3108 sedes
723 3053 777 3109 suit
791 3055 872 3125 regni
890 3069 982 3126 usque
996 3052 1034 3111 ad
1050 3052 1301 3126 Sardanapalum,
1326 3050 1457 3108 Arbacen

103 3137 208 3195 Medus
231 3138 382 3214 Assyriam
406 3155 457 3213 pro
482 3137 551 3196 sede
574 3140 655 3209 teani
678 3137 775 3214 elegit,
800 3140 863 3213 ejus
887 3142 1050 3215 praelectus
1073 3140 1219 3199 Beloclms
1242 3141 1304 3208 luit,
1327 3136 1458 3195 residens

103 3225 266 3300 Babylone.
315 3226 422 3283 Arbaci
451 3235 564 3283 mortno
592 3228 732 3284 successit
756 3226 901 3284 Belocbns
931 3230 959 3284 in
989 3228 1091 3285 eadem
1115 3228 1238 3303 Assyria
1265 3227 1347 3299 regni
1376 3222 1456 3283 sede.

101 3314 161 3370 Ant
191 3313 246 3369 snit
269 3314 392 3370 tortasse
417 3314 517 3387 biceps
541 3330 659 3383 reguum
683 3322 713 3371 et
735 3321 856 3387 uterque
880 3332 910 3371 sc
934 3325 1032 3388 regern
1057 3317 1243 3391 Assyriorum
1268 3313 1354 3383 attuit,
1387 3328 1455 3369 nant

100 3411 234 3458 auctores
258 3402 411 3474 Assyriam
435 3400 532 3458 Persis
557 3401 662 3458 Arbaei
687 3409 715 3459 et
739 3401 889 3465 Matutam,
913 3401 1062 3476 Scriptura
1079 3402 1252 3478 Babyloniis
1277 3399 1456 3469 adscribunt,

100 3498 129 3545 et
151 3487 212 3545 lieri
237 3495 349 3561 potest,
379 3495 410 3544 ut
436 3488 565 3546 Arbaces
589 3488 698 3547 bellum
722 3489 750 3544 in
775 3492 884 3546 oriente.
908 3491 1042 3559 gesserit,
1073 3488 1218 3547 Belou-bns
1242 3490 1270 3545 in
1295 3486 1455 3557 occidente,

100 3591 141 3632 se.
167 3577 194 3630 in
218 3573 346 3632 Judaea.
385 3574 640 3649 complectebatur
663 3584 759 3634 antem
785 3576 854 3632 illud
880 3593 998 3644 reanum
1016 3576 1259 3652 Mesopotamiam
1283 3577 1348 3631 sire
1364 3571 1456 3631 Cisal-

102 3660 214 3731 dacem,
241 3662 402 3737 Assyriam,
425 3661 563 3729 Mediam,
587 3662 728 3734 l’ersiam,
745 3666 938 3734 Carmaniam,
958 3663 1114 3733 Bactriam,
1138 3667 1294 3721 maximam
1310 3679 1349 3721 se.
1367 3662 1456 3719 Asiae

101 3757 223 3824 partem.
263 3750 310 3805 Ab
335 3748 484 3808 occidente
508 3749 661 3808 liniebatur
686 3749 841 3825 Euphrate,
868 3752 977 3809 Arabia
999 3762 1029 3809 et
1051 3750 1145 3827 Syria,
1169 3752 1218 3809 nbi
1237 3749 1405 3808 Palaestina
1427 3753 1457 3806 ct

98 3835 224 3905 Judaea,
249 3838 446 3910 septentrione
470 3836 587 3911 Scythis
610 3846 639 3893 et
662 3840 734 3894 aratri
759 3837 876 3912 Caspio,
901 3839 938 3895 ab
962 3840 1073 3897 oriente
1096 3839 1182 3896 India
1205 3848 1234 3896 et
1257 3836 1329 3894 ltrdo
1353 3836 1455 3904 tlnvio,

99 3923 259 3982 ameridie
283 3926 353 3980 utari
377 3925 441 3981 slve
465 3926 530 3981 sinn
547 3922 673 3980 Persico.
715 3924 747 3979 ln
772 3926 878 3982 vicinia
904 3934 986 3983 errant
1009 3925 1090 3983 attriti
1107 3927 1208 3997 reguli,
1234 3942 1290 3982 nou
1308 3926 1356 3980 uni
1374 3939 1456 3981 com·

99 4013 177 4068 muni
202 4012 322 4085 imperio
346 4011 480 4085 subjecti,
505 4012 658 4085 potissima
681 4018 777 4068 tanuen
801 4029 892 4084 tegna
915 4014 1139 4088 Aegyptiacnm,
1165 4012 1355 4069 israeliticum
1380 4016 1456 4067 tem·

98 4115 168 4174 pore
192 4097 318 4157 Ilavidis
342 4106 371 4156 et
393 4115 412 4155 a
435 4100 632 4172 septentrione
655 4097 793 4174 Scythae.
841 4100 924 4157 [luae
957 4101 1042 4159 nrbes
1074 4100 1202 4159 celebres
1236 4108 1331 4165 eraut,
1362 4096 1456 4155 Ninus

99 4194 127 4244 et
143 4185 288 4261 Babylon,
312 4185 447 4244 ltebraice
464 4185 570 4243 Ninive
587 4193 615 4243 et
632 4185 735 4255 Babel,
760 4202 883 4260 quarum
907 4186 957 4244 illa
981 4187 1019 4245 ad
1035 4187 1145 4259 Tigrin,
1170 4187 1242 4244 lraec
1265 4185 1302 4243 ad
1320 4183 1456 4260 littpltra-

99 4281 155 4332 tem
178 4275 251 4345 sita,
276 4271 529 4331 occidentalierem
552 4272 647 4345 Tigri,
679 4275 728 4346 qui
759 4272 817 4331 duo
842 4273 923 4331 ssnvii
947 4275 1021 4332 inira
1045 4274 1228 4350 Babylonem
1253 4273 1402 4346 conjuncti
1425 4273 1453 4328 ln

98 4362 194 4418 sinum
217 4360 366 4419 Persicum
390 4367 591 4419 exonerantur.
640 4358 774 4436 Babylon
798 4376 816 4418 a
839 4363 940 4435 primis
962 4361 1131 4418 bominibus
1155 4361 1288 4429 ctradita,
1314 4365 1455 4418 exaurata

98 4466 115 4505 a
139 4447 330 4506 Semiramide
354 4455 383 4505 et
410 4453 492 4505 1000
516 4448 600 4504 annis
623 4456 727 4524 postea
749 4466 767 4505 a
790 4447 909 4513 Nitocri,
935 4449 1059 4507 leminis.
1097 4448 1199 4520 Ninus,
1224 4456 1254 4506 ut
1277 4447 1403 4506 habetur
1425 4447 1455 4503 in

98 4534 223 4607 Genesi,
255 4534 436 4593 aNimrodo
459 4534 587 4593 condita.
634 4534 761 4593 Primum
785 4536 814 4590 iu
839 4534 993 4611 Babylone
1016 4538 1206 4612 imperatum,
1237 4543 1304 4611 post
1325 4537 1355 4592 in
1377 4534 1454 4593 Nino

97 4639 191 4697 usque
215 4620 251 4680 ad
267 4621 511 4697 Sardanapalum,
537 4621 671 4698 Babylon
696 4624 805 4679 interea
828 4626 974 4697 praelecto
998 4625 1149 4698 permissa.
1187 4622 1244 4680 Sed
1261 4629 1328 4699 post
1343 4620 1454 4681 Sarda·

97 4709 237 4786 napalum
268 4711 409 4769 sactiones
440 4710 592 4780 exstitere,
624 4708 698 4767 adeo
730 4716 760 4766 ut
783 4718 881 4767 essent
905 4727 988 4783 reges
1009 4709 1077 4767 Nini
1101 4718 1130 4769 et
1152 4709 1331 4788 Babylonis,
1362 4718 1395 4769 nt
1417 4726 1453 4768 cx

97 4796 250 4858 Herodoto
273 4805 303 4858 et
324 4796 354 4857 S.
378 4796 485 4859 biteris
508 4795 654 4872 colligitur
676 4802 706 4855 ct
729 4797 971 4871 insequentibus
995 4797 1151 4857 videbitur.
