3284 5520
139 321 204 392 428
566 320 732 379 Tabularum
748 319 891 395 lindolpbl
907 319 1067 391 meropia

244 498 285 556 Sit
302 497 522 555 commutationis
539 494 656 567 angulus
677 495 741 553 1480
758 497 793 566 00,
818 501 849 551 ut
870 495 987 566 angulus
1010 496 1081 551 iuter
1098 493 1187 551 latera
1202 495 1240 550 sit
1256 494 1315 552 32⁰.
1350 489 1502 564 Propertio

137 573 253 633 laterum
270 574 376 631 illorum
394 576 430 632 sit
448 577 544 633 34587.
574 574 688 645 Oportet
705 574 827 631 invenire
844 574 958 642 angulos
977 572 1012 628 ad
1034 573 1122 644 basin,
1140 572 1187 642 qni
1202 571 1292 641 juncti
1303 568 1415 627 facim
1429 571 1501 628 1480.

139 655 252 711 Secetur
277 655 451 711 commutatio
477 656 505 710 in
523 661 615 727 partes
633 652 791 723 inaequales
816 669 865 724 pro
885 650 1012 721 arbitrio,
1038 651 1113 707 verbi
1131 667 1215 708 causa
1231 650 1260 705 in
1276 650 1335 713 730.
1351 650 1414 706 750.
1447 648 1502 705 Est

137 732 220 802 igitur
239 734 349 804 majoris
367 738 417 791 750
433 734 612 803 legarithmus
630 734 713 800 3407,
742 733 789 803 qul
807 732 917 788 additus
934 732 969 787 ad
987 732 1179 804 logarithmum
1196 732 1385 805 proportionis
1403 732 1498 799 34537,

138 811 248 868 conficit
266 829 397 867 summam
416 815 510 871 38034.
546 814 622 868 Ηιιι
639 813 667 866 in
686 826 789 867 canone
808 811 933 879 quaesita
951 811 1022 867 inter
1033 811 1220 882 logaritbmos‚
1238 811 1352 868 exbibet
1364 828 1459 868 amum
1469 809 1497 864 in

137 891 228 946 bonta
246 899 275 947 ιι
292 891 403 948 sinistro
420 894 540 963 margine
558 892 607 947 430
624 894 658 947 80.
695 891 747 945 Ηὶι
763 891 846 959 igitur
863 906 943 946 arcus
961 906 1102 962 emergens
1121 893 1173 947 erit
1189 891 1303 961 propior
1320 905 1400 954 vero,
1419 904 1497 959 quam

138 970 198 1034 730,
223 970 300 1024 initio
323 970 429 1041 positus
450 977 580 1039 tanquam
606 969 721 1023 duonum
739 969 835 1025 miuor.
870 969 946 1023 Pone
971 984 1035 1038 ergo
1058 968 1191 1039 seeundo,
1217 969 1351 1025 minorem
1368 969 1493 1039 angulum

139 1063 199 1104 esse
216 1051 265 1106 430
282 1050 317 1106 80,
341 1050 394 1104 erit
411 1064 475 1117 ergo
493 1049 581 1117 major
598 1048 731 1117 1040520,
756 1048 935 1117 logaritbmus
953 1050 1030 1106 3405.
1067 1050 1119 1105 Ilio
1139 1047 1263 1119 atljeetns
1283 1048 1321 1105 sd
1341 1048 1433 1106 34557
1451 1046 1494 1103 dat

139 1144 270 1184 summam
289 1128 384 1191 37972,
402 1127 480 1196 cnjus
498 1136 529 1181 nt
545 1125 698 1196 logarithmi
717 1140 798 1180 arcus
816 1132 859 1181 est
869 1127 918 1183 430
934 1130 983 1184 100.
1019 1129 1058 1183 st
1076 1128 1181 1196 positus
1198 1133 1258 1183 erat
1274 1125 1367 1183 minor
1383 1126 1491 1197 angulus

138 1208 259 1263 secundo
277 1215 341 1263 actu
353 1208 401 1263 430
412 1208 448 1263 80.
484 1207 559 1276 Ergo
577 1222 648 1275 pone
665 1206 796 1261 minorem
814 1207 943 1274 angulum
961 1208 1041 1263 tertio
1059 1208 1172 1275 430100,
1191 1205 1243 1261 erit
1258 1205 1348 1275 major
1368 1206 1435 1264 1040
1446 1208 1488 1263 500.

139 1287 230 1356 Hujus
248 1301 312 1340 uero
331 1284 509 1353 logarithmus
522 1286 599 1349 3383,
617 1283 727 1339 additus
745 1282 780 1338 ad
792 1285 995 1355 proportionem
1007 1284 1103 1352 34567,
1120 1290 1244 1357 praestat
1257 1298 1394 1342 summam
1406 1284 1488 1352 37353

139 1367 218 1435 cuius
234 1374 266 1421 ut
282 1363 437 1434 logarithmi
455 1379 535 1419 arens
553 1369 597 1418 est
614 1364 716 1420 430100
735 1362 816 1432 paulo
835 1363 911 1434 plus3
930 1364 987 1419 iere
1005 1370 1037 1421 ut
1053 1364 1136 1435 prius
1172 1363 1264 1419 Minor
1278 1361 1366 1435 igitur
1384 1362 1487 1436 angulas

140 1452 183 1498 ιιι
200 1443 250 1500 430
269 1444 318 1509 100,
336 1442 424 1510 major
441 1442 507 1498 1040
523 1442 575 1497 500.

596 1585 783 1665 Compendio
803 1605 857 1647 seu
878 1589 1042 1649 couboues.

242 1699 326 1761 Haec
347 1700 451 1778 regula
472 1699 617 1778 generalis
639 1700 758 1778 quidem
781 1709 827 1761 est
847 1701 995 1776 etfacilis,
1018 1710 1050 1761 at
1064 1719 1123 1764 non
1143 1709 1242 1763 ιιωιιι
1256 1702 1332 1763 citra
1345 1701 1487 1763 manua

140 1786 283 1865 quasdam
306 1787 458 1848 suadenda
480 1790 653 1866 promiscue.
691 1788 768 1848 Nam
788 1790 814 1846 si
830 1788 923 1866 maj0r
938 1790 1111 1867 angulorum
1131 1791 1333 1867 quaesitorum
1345 1790 1489 1851 ιιιιιιιήι

139 1874 263 1935 multum
287 1893 306 1935 a
328 1875 500 1951 quadrante,
523 1876 695 1953 longissima
717 1883 846 1937 oreretur
867 1879 958 1938 series
981 1879 1199 1956 repetitionum.
1231 1876 1312 1953 Ergo
1334 1881 1370 1936 nt
1392 1876 1489 1937 abbre-

139 1963 236 2022 vietur
265 1965 413 2039 operatio,
437 1962 582 2040 quaedam
611 1970 679 2022 suut
707 1963 892 2024 observanda
914 1966 1013 2024 statim
1036 1967 1135 2039 initio,
1166 1963 1315 2042 quaedam
1338 1965 1369 2022 ln
1393 1962 1489 2024 media

139 2049 197 2108 Pro
229 2048 334 2109 initiali
365 2049 444 2111 felici
471 2053 618 2128 positione
649 2050 724 2111 duae
752 2059 821 2111 sunt
850 2051 969 2129 regulae
999 2060 1111 2126 certae,
1144 2054 1222 2130 prior
1245 2050 1427 2111 universalis
1448 2067 1491 2129 pso

140 2145 367 2215 quantocunque
390 2140 629 2198 commutationis
652 2137 771 2215 angulo,
795 2142 939 2217 posterior
953 2139 1147 2217 particularis,
1172 2138 1291 2216 quaudo
1307 2140 1492 2199 commutatio

140 2224 255 2285 excedit
284 2225 485 2301 quadrantem.
531 2225 566 2285 In
589 2235 714 2303 utraque
736 2224 839 2302 regula
863 2225 1056 2304 legaritbmus
1079 2228 1276 2305 proportionis
1298 2224 1493 2287 immittendus

140 2320 185 2372 ιιι
208 2314 237 2370 in
261 2329 402 2372 canonem
424 2313 665 2390 legarithmorum
688 2312 862 2373 semicirculi
886 2324 916 2373 et
938 2314 1136 2393 excerpendae
1159 2314 1223 2390 ejus
1246 2329 1342 2373 arcus.

243 2399 297 2459 Est
311 2402 400 2476 igitur
414 2403 493 2478 prior
507 2399 610 2476 regula
624 2403 690 2473 ista,
714 2400 794 2477 qnod
812 2401 986 2476 angulorum
1001 2404 1201 2479 quaesitorum
1216 2403 1311 2460 minor
1321 2417 1389 2461 non
1405 2405 1494 2479 potest

140 2504 203 2548 essa
228 2486 322 2563 major
345 2504 415 2547 arcu
436 2490 643 2567 proportionis,
668 2485 721 2548 sed
743 2494 788 2548 est
809 2487 980 2566 plerumque
1002 2491 1112 2563 minor,
1143 2506 1209 2548 oum
1236 2505 1307 2549 vcro
1332 2490 1432 2549 minor
1452 2488 1494 2548 bic

140 2582 185 2635 est
207 2574 341 2651 aequalis
364 2577 445 2635 arcad
468 2577 677 2652 proportionis,
701 2583 771 2635 tunc
794 2578 991 2652 quaesitorum
1014 2577 1108 2653 major
1129 2593 1244 2654 semper
1265 2583 1312 2636 est
1337 2572 1406 2637 300.

246 2701 329 2758 Utin
348 2703 473 2772 exemplo
492 2709 599 2766 nostro,
620 2703 687 2771 quia
709 2703 851 2773 proportio
869 2703 956 2760 34567
977 2709 1009 2757 ut
1026 2701 1207 2771 legaritlnmus
1225 2701 1273 2757 dat
1289 2716 1386 2758 smum
1404 2701 1498 2767 45030,

140 2781 227 2836 minor
248 2780 362 2849 angulus
382 2782 460 2837 initio
478 2798 533 2837 nan
553 2781 648 2837 debuit
665 2782 731 2851 poni
748 2781 836 2850 major
853 2780 906 2836 hoc
924 2795 1002 2849 meu,
1030 2786 1059 2834 et
1075 2778 1200 2849 imperite
1216 2778 1324 2850 positus
1340 2778 1408 2849 init,
1427 2778 1498 2849 qussi

140 2860 177 2915 sit
194 2860 251 2917 730.
291 2860 360 2928 Quia
382 2861 444 2929 imo,
463 2862 527 2932 qula
545 2860 645 2915 additis
664 2862 713 2916 90⁰
730 2860 765 2914 ad
783 2861 833 2914 450
850 2859 885 2930 30,
903 2859 1075 2928 componitur
1094 2858 1205 2929 135030,
1224 2859 1260 2913 ab
1276 2858 1332 2913 hoc
1348 2873 1416 2914 reso
1433 2873 1497 2914 coss·

140 2939 254 2995 mutatio
273 2940 337 2995 1480
354 2938 464 2994 differre
476 2938 694 3008 deprehenditur,
714 2938 823 2992 omnino
836 2935 975 3007 quaesitus
988 2935 1206 3007 minorangulus
1214 2934 1384 3004 arguebatur
1394 2935 1499 2993 tumne

140 3017 210 3073 inira
228 3019 277 3072 450
295 3020 329 3083 30,
348 3017 452 3072 scillcet
469 3019 518 3074 430
538 3020 588 3073 100.
1490 3076 1495 3083 ,

246 3096 290 3152 Sic
315 3095 337 3149 si
361 3097 580 3151 commutationis
605 3095 720 3166 angulus
743 3100 817 3150 esset
834 3094 892 3162 830,
919 3092 984 3161 quia
1005 3093 1051 3148 hIc
1074 3092 1189 3148 multum
1211 3091 1314 3148 recedit
1331 3090 1367 3146 ab
1386 3092 1453 3147 1350
1469 3091 1499 3157 30,

141 3177 329 3247 quaesitorum
347 3177 435 3230 minor
453 3176 505 3231 erit
523 3176 604 3245 longe
621 3175 692 3230 inira
709 3175 758 3230 450
770 3176 803 3230 30.
840 3173 909 3227 Nam
929 3188 983 3226 non
1001 3187 1061 3229 esse
1079 3171 1156 3227 illurn
1174 3171 1318 3239 aequalem
1335 3170 1391 3241 Ipsi
1411 3170 1500 3237 45030,

140 3257 168 3310 in
188 3256 241 3310 boc
260 3254 383 3323 exemplo
404 3254 485 3309 etlam
498 3253 561 3309 inde
575 3260 690 3321 constat,
710 3253 774 3322 quia
785 3268 847 3307 cum
859 3251 893 3306 da
905 3249 1067 3319 angulorum
1079 3251 1182 3305 minore
1195 3257 1301 3320 agatur,
1320 3264 1403 3304 arcus
1416 3244 1500 3305 45030

142 3341 217 3391 ιιιιι
235 3335 395 3403 angulorum
413 3333 507 3402 major,
527 3332 592 3401 quia
609 3331 671 3401 plus
691 3330 800 3386 dImidio
819 3330 905 3400 ipsius
923 3330 980 3385 890.

245 3447 266 3503 Ι.
292 3446 368 3500 Pane
394 3460 457 3512 crgo
476 3449 532 3514 300,
558 3445 683 3502 residuus
709 3446 760 3500 erit
780 3447 837 3503 530.
875 3443 1067 3515 Logaritbmus
1091 3443 1175 3499 15412
1194 3442 1308 3512 (14384)
1332 3457 1397 3498 eum
1419 3441 1501 3498 34557

143 3524 209 3579 facit
227 3523 314 3578 43079
334 3523 457 3592 (48951),
476 3522 616 3592 perhanc
634 3540 714 3579 arcus
733 3524 886 3579 ostenditur
904 3523 992 3579 verior
1007 3524 1056 3578 370
1067 3522 1109 3577 210
1127 3523 1205 3591 (430).
1240 3521 1277 3576 II.
1303 3520 1381 3576 Pone
1394 3520 1502 3590 370210,

142 3604 194 3660 erit
211 3602 296 3671 major
318 3605 366 3658 510
387 3603 439 3658 330.
469 3603 664 3670 Logaritbmus
682 3604 768 3659 24305
787 3621 848 3660 cum
870 3604 956 3659 34507
979 3601 1044 3656 iacit
1065 3602 1159 3670 58872,
1179 3617 1258 3657 mous
1277 3600 1366 3655 verior
1386 3598 1501 3658 330430.

143 3683 193 3737 III.
221 3682 296 3736 Pone
314 3681 406 3750 3343,
434 3692 555 3750 emerget
573 3685 661 3740 3534.
698 3683 744 3739 1v.
772 3683 848 3737 Pone
874 3680 968 3749 3534,
995 3685 1115 3750 emerget
1133 3680 1221 3738 3438.
1258 3679 1291 3734 7.
1320 3678 1398 3733 Pone
1418 3678 1502 3747 3458

142 3768 263 3829 emerget
292 3760 364 3815 357.
402 3760 449 3815 71.
481 3760 557 3815 Pone
587 3762 656 3830 357,
689 3768 808 3830 emerget
838 3760 925 3815 3452.
968 3759 1027 3815 711.
1056 3760 1132 3813 Pone
1162 3757 1251 3823 3452,
1282 3762 1406 3824 emerget
1435 3757 1503 3813 350

57 3894 60 3898 ,
142 3837 217 3894 VIII.
246 3838 321 3892 Pone
341 3839 411 3906 350,
439 3846 559 3906 emerget
576 3840 665 3896 3453.
702 3841 749 3894 ΙΧ.
776 3841 852 3895 Pone
871 3838 958 3905 3450,
987 3844 1107 3905 emerget
1130 3835 1219 3893 3458.
1255 3835 1289 3890 Χ.
1317 3834 1397 3888 Pone
1415 3833 1503 3903 3458,

142 3924 264 3985 emerget
280 3916 367 3973 3457.
407 3918 454 3972 xl.
476 3919 551 3973 Pone
569 3920 656 3988 3457,
676 3926 797 3988 emerget
813 3919 903 3975 3457.

246 4013 299 4069 Hic
317 4021 360 4069 est
378 4029 443 4084 ergo
462 4015 549 4069 miuor
567 4015 692 4085 angulus,
711 4030 775 4084 ergo
793 4014 879 4083 major
898 4014 941 4068 540
959 4013 1002 4067 300.

247 4157 396 4218 Posterior
417 4155 520 4233 regala
542 4175 596 4235 pro
618 4156 690 4218 solis
714 4156 772 4216 illis
796 4155 1086 4226 commutationibus,
1119 4169 1196 4231 quae
1224 4148 1421 4228 quadrantem
1448 4169 1500 4212 er·

144 4244 262 4319 cedunt,
285 4247 376 4304 utitur
398 4252 428 4304 et
450 4262 521 4307 areu
544 4244 593 4304 illo
618 4246 830 4324 proportionis,
854 4252 884 4304 et
906 4243 1118 4321 complemento
1142 4239 1380 4301 commutationis
1403 4238 1502 4317 anguli

145 4333 182 4394 ad
213 4333 286 4392 duos
314 4339 419 4393 rectos.
466 4332 541 4392 Nam
572 4335 597 4392 ai
620 4351 705 4392 arcus
727 4332 924 4411 proportionis
947 4332 1033 4391 luerit
1056 4329 1130 4389 intra
1154 4324 1219 4401 300,
1250 4326 1366 4386 tertiam
1390 4334 1504 4404 partem

144 4420 332 4498 quadrantis,
366 4421 566 4496 quaesitorum
588 4419 761 4498 angulorum
784 4421 878 4480 minor
901 4420 956 4479 erit
978 4418 1053 4477 inira
1074 4414 1328 4495 complementum.
1374 4415 1504 4474 Atrum

145 4526 230 4569 arcus
253 4509 448 4587 proportionis
471 4509 631 4568 excesserit
652 4525 710 4567 non
733 4515 848 4569 tautum
868 4507 947 4566 hunc
968 4506 1174 4583 praestitutum
1190 4503 1343 4562 termInum
1360 4498 1429 4577 300,
1452 4500 1503 4562 ssd

67 4597 69 4602 ⁴
145 4597 233 4657 etiam
256 4593 498 4672 complementum
521 4597 627 4674 ipsum,
653 4604 721 4655 tuuc
745 4597 833 4655 etiam
856 4596 1054 4671 quaesitorum
1078 4589 1254 4667 angulorum
1269 4590 1363 4649 minor
1378 4587 1499 4650 excedet

144 4683 202 4743 hoc
225 4682 468 4761 complementum
489 4681 580 4760 fitque
605 4700 719 4761 semper
734 4689 816 4744 tauta
834 4684 956 4743 vicinior
972 4683 1052 4741 moui
1066 4678 1272 4757 proportionis,
1296 4682 1410 4754 quanto
1425 4676 1499 4737 viei-

145 4772 210 4831 nior
232 4778 278 4833 ast
298 4773 354 4832 ista
373 4767 516 4850 gradibus
539 4771 591 4837 45.
