3284 5520
488 344 531 404 ns
548 348 723 420 9919999
739 348 953 407 oenomaum
969 348 998 404 n
1016 347 1137 406 nanas.
1426 348 1490 417 999

139 530 244 585 nentur
266 527 296 584 in
318 533 411 587 morte
435 525 550 600 Christi,
575 528 750 604 incipiantur
771 544 789 587 9
813 534 840 588 7.
865 528 1033 587 Artaxerxis
1056 536 1084 589 et
1106 529 1195 587 misso
1219 526 1321 593 Esdra.
1364 528 1422 588 Pro
1445 529 1491 589 his

138 615 210 673 lacit
248 612 276 694 1)
299 616 447 690 999991999
482 630 618 675 9999999
652 621 715 676 490
748 632 906 690 annorum,
946 611 977 696 9)
1000 618 1172 675 999919999
1204 618 1319 675 1911199
1353 624 1383 676 91
1415 616 1490 692 9919,

140 701 172 777 3)
195 703 269 761 99119
298 701 450 761 divisionis
482 703 510 760 in
539 701 642 761 ultima
670 702 864 763 hebdomada.
910 702 985 762 Nam
1007 704 1036 760 in
1059 702 1184 763 mediam
1206 702 1421 764 hebdomadem
1443 705 1491 763 in·

140 786 209 848 cidit
233 788 340 848 Christi
363 790 535 867 baptismus,
560 791 589 847 in
612 789 698 850 finem
722 807 807 853 mors.
846 787 932 865 Quod
955 798 1053 850 autem
1077 792 1159 850 initio
1175 790 1239 867 ejus
1253 790 1350 850 nullos
1366 798 1491 851 eventus

139 879 289 952 assignare
314 884 455 954 possunt,
488 876 517 935 id
543 894 604 937 non
631 877 789 936 admodum
813 884 964 954 coguntur.
1009 877 1058 937 Sic
1080 879 1174 951 enim,
1206 895 1271 937 enm
1295 878 1417 955 angelus
1439 880 1492 958 ait,

139 980 204 1023 9999
235 980 328 1040 usque
355 962 564 1023 9901919199
593 970 632 1024 69
655 964 871 1038 hebdomadas,
902 982 959 1024 non
983 973 1088 1040 negat,
1119 964 1197 1041 quod
1222 964 1318 1043 plnres
1341 967 1410 1024 9991
1432 982 1491 1026 999

138 1053 211 1122 9191,
244 1050 297 1110 999
325 1050 397 1109 11199
427 1058 555 1126 199199,
588 1052 666 1128 quod
695 1052 794 1128 plnres
816 1052 1015 1113 hebdomades
1037 1068 1178 1112 annorum
1201 1069 1258 1112 non
1282 1054 1356 1126 sint,
1386 1060 1491 1130 postea

139 1139 238 1197 919119
261 1140 345 1214 qnasi
369 1155 401 1198 99
424 1139 569 1214 corrigens
591 1138 713 1216 angelus
737 1138 828 1200 919991
851 1147 949 1217 991991
968 1138 1075 1200 addere
1090 1139 1128 1215 id,
1152 1138 1489 1216 (9999999999119919

138 1226 267 1301 integras
289 1224 488 1285 hebdomades
511 1225 641 1286 additum
665 1233 718 1301 991,
741 1244 782 1289 99.
807 1223 869 1309 3’),
893 1243 994 1287 99999.

243 1328 353 1389 Verum
376 1338 405 1389 et
427 1330 500 1391 haec
524 1332 622 1407 opinio
644 1330 718 1390 haee
740 1329 925 1391 incommoda
947 1349 1012 1391 cnm
1035 1331 1233 1408 superioribus
1254 1329 1343 1390 habet
1358 1347 1490 1390 commu-

139 1418 198 1491 919,
221 1415 300 1493 quod
323 1416 427 1477 falsum
450 1421 661 1496 praesupponit
677 1420 706 1475 in
723 1418 912 1495 chronologia
927 1418 963 1478 dc
980 1419 1139 1479 Artaxerxe
1154 1419 1259 1495 priore,
1282 1420 1333 1494 qui
1348 1420 1492 1494 posterior

139 1513 199 1578 est,
234 1506 303 1564 item
333 1513 363 1564 et
388 1506 448 1564 alia
475 1505 628 1581 quaedam.
673 1505 749 1564 Tum
778 1514 875 1566 autem
898 1505 954 1565 hoc
975 1505 1122 1582 peculiare
1144 1506 1249 1579 habet,
1281 1504 1361 1582 quod
1383 1504 1491 1565 Esdras

140 1608 217 1651 9999
243 1599 271 1652 7.
295 1592 464 1652 Artaxerxis
486 1595 609 1652 mittitur
630 1608 688 1652 non
712 1593 750 1652 ad
773 1592 983 1654 aedificandam
1007 1595 1116 1667 urbem,
1139 1593 1191 1653 sed
1213 1592 1251 1651 99
1275 1591 1438 1653 99999999
1461 1599 1491 1652 91

138 1678 218 1755 leges
250 1679 440 1740 revocandas.
485 1679 593 1757 Daniel
626 1696 695 1739 vero
726 1680 761 1739 dc
793 1679 911 1740 decreto
942 1680 1088 1756 loquitur,
1119 1688 1151 1739 91
1180 1679 1381 1740 999991999199
1412 1680 1490 1739 urbs.

138 1765 253 1825 Deinde
276 1766 404 1825 medinm
426 1765 546 1828 ultimae
568 1766 760 1827 hebdomadis
780 1768 936 1844 allegorice
952 1770 1164 1844 interpretatur,
1187 1769 1295 1845 quippe
1310 1784 1362 1843 per
1378 1767 1491 1843 baptis·

138 1870 217 1912 mum
233 1859 262 1914 91
284 1854 397 1913 initium
413 1855 543 1932 mysterii
559 1854 665 1913 Christi
679 1856 726 1914 lex
743 1863 771 1915 et
786 1855 929 1915 sacrificia
943 1854 1131 1932 spiritualiter
1146 1855 1258 1915 aboleri
1274 1860 1387 1931 coepta,
1412 1852 1492 1929 quod

138 1949 236 2001 tamen
258 1940 345 2018 longe
368 1945 475 2002 rectius
497 1959 549 2019 999
571 1950 692 2002 999199
717 1942 824 2002 Christi
846 1943 954 2001 lactum
978 1950 1064 2002 esset.
1101 1942 1138 2001 Et
1153 1941 1285 2001 Christus
1309 1943 1372 2019 ipse
1391 1950 1492 2001 contra

137 2028 213 2087 hanc
230 2026 362 2088 Danielis
385 2028 629 2106 applicationem:
654 2046 711 2088 non
736 2032 803 2090 9991
826 2038 858 2089 91
880 2029 975 2107 legem
997 2030 1142 2089 aboleam.
1179 2028 1272 2106 lgitnr
1286 2036 1315 2089 et
1329 2029 1402 2088 haec
1416 2028 1492 2088 heb·

139 2114 297 2175 domadum
320 2118 491 2190 numeratio,
514 2116 657 2176 hactenus
678 2133 731 2194 pro
755 2119 915 2177 certissima
929 2117 1039 2190 habita,
1062 2134 1114 2193 per
1129 2116 1268 2176 historiae
1283 2124 1312 2175 et
1327 2122 1490 2192 temporum

138 2201 349 2262 ordinationem
372 2203 601 2280 Scaligerianam
624 2201 758 2264 concidit.

243 2314 385 2392 Septimo.
424 2315 503 2375 Huic
526 2316 613 2376 modo
636 2319 797 2376 9999991199
819 2324 848 2375 91
870 2316 1010 2391 superiori
1034 2318 1136 2376 tertiae
1160 2314 1254 2374 alfinis
1277 2322 1322 2376 991
1344 2315 1395 2373 1119
1415 2332 1492 2392 quo·

138 2403 259 2462 999999
281 2405 434 2477 999199119,
459 2421 536 2480 quac
553 2402 754 2463 hebdomadas
769 2405 871 2481 incipit
885 2419 951 2461 curn
966 2404 1052 2463 tertia
1066 2420 1086 2461 a
1101 2403 1224 2463 conditis
1240 2404 1328 2462 muris
1344 2418 1422 2461 anuo
1439 2408 1491 2463 90.

139 2492 322 2563 Artaxerxis,
345 2491 409 2549 finit
432 2507 498 2550 cum
519 2499 603 2551 99919
626 2493 763 2568 99191999
784 2491 814 2547 19
837 2492 975 2567 passione
998 2489 1111 2552 Christi.
1158 2491 1258 2550 Annos
1281 2506 1350 2549 9999
1373 2490 1491 2550 1999999

138 2580 242 2652 99911,
274 2581 345 2655 quia
367 2578 521 2638 Danielem
552 2578 708 2639 verisimile
736 2581 774 2638 sit
796 2576 985 2638 Chaldaicam
1008 2579 1077 2635 9991
1099 2579 1239 2637 99119999
1262 2583 1393 2637 9999199
1416 2594 1491 2651 9999,

139 2669 190 2741 qui
213 2664 252 2724 ad
275 2665 389 2724 Lunam
411 2666 467 2723 luit
489 2665 735 2737 accommodatus,
758 2669 802 2725 919
824 2675 856 2724 ut
881 2672 919 2724 19
939 2663 1090 2724 9991119919
1111 2683 1219 2723 99999
1242 2681 1331 2724 unum
1354 2663 1491 2739 efficiant,

139 2770 198 2830 quo
221 2752 309 2811 modo
334 2759 395 2813 499
418 2755 487 2812 9991
510 2753 626 2812 lunares
649 2752 778 2813 efficiunt
803 2748 909 2835 4751),
932 2751 1052 2812 9919999.
1098 2753 1123 2810 A
1148 2759 1199 2813 9ο.
1228 2768 1298 2811 9999
1319 2752 1492 2811 Artaxerxis

139 2839 177 2899 ad
194 2841 362 2916 passionem
376 2838 484 2900 Christi
499 2847 567 2899 sunt
583 2847 655 2913 477,
678 2847 812 2916 utsupra
827 2839 945 2912 dictum,
964 2838 1126 2899 9199999119
1141 2856 1200 2899 999
1215 2840 1309 2916 major
1326 2835 1387 2920 1¹l,
1403 2854 1490 2899 anno.

138 2927 188 2988 Sic
210 2928 299 3004 igitur
321 2928 394 2988 haec
416 2930 491 2987 ratio
513 2935 631 3004 propter
653 2929 792 3005 temporis
815 2928 1009 3004 quantitatem
1030 2927 1214 2987 rationabilis
1237 2934 1291 3000 991,
1313 2928 1396 2986 191119
1421 2942 1492 2986 9999

139 3032 205 3074 999
234 3016 337 3087 199119,
368 3015 425 3075 999
453 3031 518 3074 curn
546 3024 630 3074 sexta
657 3017 685 3071 in
715 3014 817 3074 eadem
844 3013 972 3073 absurda
998 3016 1125 3074 incurrit.
1172 3013 1285 3089 Quibus
1308 3012 1381 3072 illud
1404 3016 1492 3074 etiam

140 3101 268 3176 9999911,
291 3101 370 3177 quod
392 3118 450 3160 non
473 3102 553 3161 soliti
575 3109 643 3161 9991
666 3101 817 3175 Chaldaei,
839 3109 982 3177 utsupra
1003 3119 1071 3178 pag.
1095 3107 1155 3161 897
1181 3101 1249 3171 dixi,
1272 3101 1375 3161 talium
1395 3117 1492 3161 anno·

138 3207 202 3249 rum
224 3187 353 3264 aliquam
375 3189 516 3265 majorem
539 3191 610 3248 inire
632 3206 774 3249 summam
797 3192 860 3249 sine
883 3188 1114 3250 intercalaribus.

243 3298 367 3362 091999.
399 3300 524 3377 Quidam
539 3319 557 3360 9
573 3303 719 3378 baptismo
736 3300 841 3361 Christi
856 3310 932 3360 retro
947 3300 1157 3362 numerandum
1174 3303 1370 3361 9999991485
1387 3316 1490 3374 99999,

140 3390 211 3467 quia
225 3388 333 3448 Daniel
344 3389 414 3448 dicit
426 3406 539 3466 „usqne
551 3388 589 3448 ad
602 3388 748 3448 Christum
760 3388 894 3448 dueem“.
926 3388 1032 3448 Incidit
1044 3390 1133 3465 igitur
1143 3390 1257 3448 initium
1272 3389 1301 3446 in
1317 3405 1424 3448 annum
1441 3393 1492 3462 nt,

140 3478 224 3535 initia
245 3477 324 3553 regis
345 3475 464 3536 Xerxis.
510 3477 534 3535 li
558 3494 624 3537 cum
646 3476 703 3537 hoc
725 3477 768 3536 119
788 3476 850 3535 9991
873 3475 979 3537 dehere
1002 3484 1252 3554 praesupponant,
1275 3492 1329 3535 999
1352 3475 1492 3535 aliorsum

139 3565 312 3641 9999191991,
341 3563 538 3640 multipliciter
560 3566 590 3622 19
614 3563 835 3641 chronologicas
857 3566 984 3624 rationes
1007 3565 1169 3641 impingant
1191 3580 1311 3624 necesse
1334 3570 1386 3623 cst
1432 3562 1493 3623 lios

140 3654 230 3730 igitur
250 3653 409 3711 mittamus.

246 3759 331 3819 Nona
354 3764 398 3818 991
421 3759 520 3834 991919
535 3755 687 3834 Scaligeri,
710 3759 762 3833 qni
785 3758 885 3835 incipit
907 3754 1106 3817 hebdomadas
1122 3772 1140 3813 9
1156 3759 1185 3813 9.
1202 3769 1279 3827 anno
1295 3753 1377 3813 Darii
1392 3751 1492 3828 Nothi,

141 3847 205 3907 9911
225 3850 255 3906 19
279 3847 358 3905 urbis
382 3844 504 3905 excidio.
542 3844 684 3903 Rationes
700 3844 764 3920 ejus
779 3844 834 3904 luae
849 3850 933 3905 aunt:
959 3844 991 3920 1)
1007 3843 1093 3902 Anno
1111 3848 1139 3901 9.
1163 3841 1247 3900 Darii
1260 3840 1350 3900 Nothi
1366 3839 1493 3900 edictum

142 3936 234 3995 991911
256 3933 293 3993 99
315 3931 513 3992 restaurandis
535 3930 739 4009 ierosolymis,
764 3928 881 3991 91199.
906 3936 935 4005 4,
959 3930 995 3991 99
1017 3931 1100 4007 cujus
1122 3929 1188 3988 llbri
1210 3928 1382 3987 auctoritate
1405 3944 1493 4003 supra

143 4023 332 4102 disputatum.
378 4021 475 4097 Atque
499 4017 601 4079 eodem
624 4036 701 4078 anno
724 4018 847 4079 reditum
871 4026 916 4078 est
937 4018 975 4078 99
998 4018 1099 4095 199911
1122 4014 1366 4089 aedificationem,
1396 4014 1494 4091 coepit

142 4111 224 4171 Dens
255 4123 367 4167 rursum
396 4110 509 4168 mittere
537 4104 710 4184 prophetas,
741 4108 791 4182 qui
820 4123 893 4183 opus
920 4104 1021 4183 templi
1043 4110 1185 4165 urserunt.
1231 4101 1264 4180 9)
1288 4102 1334 4160 Ab
1357 4116 1392 4162 eo
1415 4118 1493 4162 anno

143 4215 235 4274 usque
266 4193 305 4255 ad
327 4193 470 4254 excidium
493 4193 742 4273 Jerosolymarum
765 4201 834 4265 sunt
855 4194 923 4252 anni
948 4199 1026 4265 499,
1058 4189 1226 4252 99999999
1249 4189 1394 4266 99991919
1419 4194 1491 4249 491.

143 4285 284 4360 Congruit
299 4283 388 4360 igitur
402 4299 524 4353 summa,
542 4297 609 4340 nam
625 4298 700 4340 unns
716 4288 768 4339 991
784 4283 977 4357 sesquiannus
993 4283 1022 4337 in
1038 4296 1158 4340 excessu
1173 4295 1231 4335 non
1247 4279 1345 4353 magni
1361 4276 1402 4352 tit,
1427 4292 1493 4336 cum

144 4371 252 4431 Daniel
274 4370 411 4447 loquatur
434 4368 470 4430 de
492 4370 671 4447 septimanis,
695 4383 753 4427 nou
775 4367 897 4445 singulis
912 4370 1005 4428 99919.
1045 4367 1077 4443 3)
1093 4366 1118 4424 A
1136 4372 1165 4425 9.
1182 4365 1265 4424 Darii
1281 4363 1385 4425 9939.
1403 4364 1492 4424 Arta·

143 4457 254 4532 xerxis,
285 4474 344 4535 qno
366 4457 523 4518 Nehemlas
553 4455 707 4516 aedificato
735 4472 817 4514 muro
847 4464 875 4515 et
904 4455 1008 4533 plateis
1037 4453 1153 4514 directis
1181 4451 1310 4513 officiose
1334 4449 1492 4526 abdicavit,

144 4552 263 4606 coactus
285 4562 320 4604 99
342 4553 429 4622 99919
449 4543 487 4604 99
503 4560 600 4621 regem
616 4543 717 4615 redire,
740 4551 809 4602 sunt
825 4532 866 4603 49
880 4544 957 4616 9991,
982 4541 1050 4601 11199
1073 4558 1114 4602 99.
1132 4543 1149 4598 7
1173 4542 1354 4615 septimanae
1370 4541 1492 4615 priores.

146 4632 176 4715 4)
199 4629 368 4693 Hebdomas
391 4633 493 4693 ultima
514 4630 633 4708 pulchre
657 4630 825 4706 9991199199,
849 4647 901 4706 999
922 4646 1010 4706 quarn
1033 4631 1176 4706 integram
1197 4625 1287 4687 Jesus
1310 4626 1406 4686 Anani
1429 4625 1493 4687 cla·

145 4723 237 4781 mavit
265 4734 322 4780 999
351 4736 438 4797 snper
464 4720 565 4780 urbem
593 4725 622 4779 at
643 4717 796 4798 populum,
826 4719 985 4794 terruitque
1008 4714 1177 4778 1199991119
1199 4712 1492 4793 plurimlsprodiglts
