3284 5520
477 376 629 446 Responsio
647 377 682 432 ad
699 377 835 433 Bartsclrii
853 376 1011 446 Epistulam
1353 372 1417 440 585

69 564 195 615 nossent
224 571 311 634 super
340 557 472 614 novitate
496 555 599 615 calculi
623 573 768 633 superque
791 557 880 614 variis
903 553 998 615 modis
1022 555 1225 633 computandi,
1252 554 1419 613 demeruisti

57 642 132 715 tibi,
157 642 235 719 quod
259 651 329 720 opto
353 650 382 701 st
405 659 497 719 spero,
522 652 660 720 patronos
683 645 821 721 privatos.
859 641 932 701 Mihi
956 659 1025 703 vero
1046 644 1207 718 ceterisque
1224 642 1344 700 curiosis
1361 656 1417 699 non

67 738 168 805 potest
195 730 269 789 haec
297 729 432 788 editionis
461 738 528 790 tuae
559 731 650 790 lorma
680 748 739 791 noo
766 748 830 790 esse
853 730 1032 806 gratissima,
1063 738 1095 789 ut
1119 748 1193 805 quae
1217 726 1419 788 methodorum

68 816 252 877 diversarum
275 817 542 893 aequipollentiam,
567 836 654 894 quam
678 817 774 878 verbis
797 816 942 896 profiteor,
964 836 995 876 re
1017 821 1082 896 ipsa
1104 824 1133 877 et
1147 817 1236 892 longa
1250 816 1418 874 inductione

67 906 175 980 integri
200 907 268 963 anni
284 906 468 981 comprobat,
493 923 568 980 quae
585 922 758 964 consensum
773 907 802 962 in
818 904 901 963 Luna
916 922 980 963 cum
997 904 1110 964 calculo
1126 903 1273 981 Tychonis
1290 902 1419 961 ostendit

68 1008 144 1051 sane
167 1008 255 1068 quam
278 994 481 1069 propinquum,
506 1011 570 1051 curn
595 992 643 1052 illc
666 1000 762 1051 tamen
786 999 1022 1067 computatores
1046 990 1168 1064 circulis,
1192 1007 1247 1066 ego
1271 1009 1306 1051 ox
1323 991 1418 1049 causis

65 1078 209 1157 physicis,
234 1096 310 1153 quae
333 1078 532 1155 differentiam,
558 1080 700 1155 quantula
716 1098 751 1139 ea
766 1088 897 1155 superest
912 1081 1029 1156 passim,
1053 1096 1127 1156 pene
1144 1096 1258 1137 omnem
1275 1080 1302 1134 in
1319 1078 1418 1134 varia-

66 1168 158 1225 tionis
181 1165 368 1242 Tychonicac
398 1165 515 1224 modum
545 1185 634 1243 penes
664 1185 709 1228 me
739 1167 885 1226 diversum
916 1167 1048 1242 conjicit,
1080 1166 1205 1241 denique
1233 1182 1308 1242 quae
1331 1163 1418 1222 fidem

65 1254 148 1325 lacit,
171 1253 274 1311 modos
297 1254 482 1330 computandi
506 1271 599 1312 noros
623 1254 886 1332 perlogaritbmos
908 1254 1074 1313 nullamne
1101 1254 1322 1311 minutissimam
1350 1252 1417 1326 qui·

66 1341 138 1400 dem
159 1356 295 1416 respuere
317 1340 509 1400 subtilitatem
533 1344 620 1401 etiam
644 1343 680 1400 ad
703 1340 831 1401 secunda
853 1358 946 1417 usque
970 1340 1223 1419 progredientium.

176 1426 259 1487 Haeo
281 1436 376 1486 tamen
400 1430 486 1487 unius
509 1431 578 1488 anni
602 1428 791 1505 premeride
814 1430 996 1504 comprobari
1019 1431 1091 1487 satis
1114 1428 1177 1499 sirit,
1201 1429 1231 1484 lu
1253 1425 1328 1484 libro
1351 1423 1419 1500 plu-

65 1516 146 1573 rium
168 1514 392 1591 Ephemcrldum
416 1515 533 1574 modum
557 1518 666 1594 imponi
681 1517 841 1575 curiositati
857 1515 983 1592 expedit.
1021 1514 1124 1574 Exstat
1135 1516 1197 1592 jam
1213 1514 1305 1573 lorma
1320 1511 1419 1589 Ephe·

67 1601 212 1660 meridum
236 1619 254 1660 a
276 1620 321 1661 me
345 1602 518 1676 introducta,
540 1607 599 1662 imo
620 1605 726 1680 potiori
741 1610 822 1680 parte
839 1620 874 1663 ex
890 1605 1010 1678 antiquo
1025 1610 1151 1662 retenta:
1175 1604 1205 1659 ln
1220 1619 1264 1674 ca,
1287 1607 1419 1676 praetcr-

67 1706 160 1765 quam
192 1690 219 1745 in
248 1688 333 1762 Sole,
365 1693 570 1749 aconcisionc
601 1691 729 1767 scrupuli
757 1691 840 1767 primi
870 1696 1060 1766 temperatur,
1091 1699 1186 1749 motus
1216 1687 1286 1746 nodi
1318 1686 1418 1745 Lunae

67 1778 211 1835 retinetur
233 1776 406 1853 aequabilis,
430 1786 601 1853 aspectuum
624 1787 756 1854 tempora
779 1776 988 1852 quadrantibus
1012 1777 1078 1848 diei,
1103 1794 1159 1835 nou
1180 1776 1334 1846 concisius,
1358 1775 1420 1849 sig·

67 1869 187 1934 nantur,
210 1862 344 1940 planetae
368 1881 467 1923 omnes
491 1868 523 1922 in'
544 1869 654 1924 aversis
677 1868 849 1941 paginarum
872 1866 1011 1937 faciebus,
1035 1872 1171 1941 aspectus
1195 1882 1210 1923 c
1233 1863 1351 1938 regione
1367 1878 1420 1920 er·

67 1950 226 2025 hibentur,
255 1953 380 2010 variatio
410 1966 468 2009 non
496 1955 582 2009 unius
612 1952 730 2029 quidem
754 1952 831 2011 modi
855 1951 986 2010 adbibita
1009 1969 1060 2029 per
1084 1969 1183 2010 onrncs
1209 1958 1225 2009 4
1250 1965 1357 2021 annos,
1390 1953 1421 2005 at

67 2053 130 2095 non
155 2036 221 2096 ideo
244 2040 384 2114 geminati
407 2037 462 2098 loci
487 2039 599 2098 Lunae.
645 2039 680 2098 ld
704 2039 795 2098 multo
819 2042 914 2099 minus
937 2055 1014 2097 nunc
1037 2041 1090 2097 erit
1112 2055 1239 2111 necesse,
1264 2043 1421 2114 postquam

68 2124 206 2199 diligenti
229 2124 409 2184 discussione
433 2143 585 2185 causarum
610 2125 796 2203 physicarum
820 2145 870 2204 per
887 2126 967 2203 leges
983 2129 1173 2200 geometricas
1191 2125 1227 2183 ad
1244 2125 1422 2200 ipsissimum

67 2211 222 2289 Tychonis
250 2213 368 2272 modurn
398 2213 492 2273 redire
522 2231 586 2271 sum
616 2221 749 2283 coactus,
781 2215 826 2271 cui
857 2215 950 2288 primo
982 2215 1125 2271 inventori
1150 2214 1237 2271 etiam
1263 2212 1421 2284 quantitas,

68 2301 126 2359 etsi
151 2317 187 2357 ea
208 2307 306 2376 potest
329 2300 447 2375 ambigi,
470 2301 533 2376 Jure
558 2303 670 2359 iuterim
694 2299 894 2374 relinquenda.
933 2298 990 2358 Sed
1015 2317 1108 2374 neque
1132 2305 1301 2374 aspectuum
1317 2312 1422 2354 nume·

68 2404 120 2444 rus
146 2386 297 2461 augendus
320 2395 493 2463 praeterque
509 2390 702 2462 quinquucenr
720 2387 830 2459 ricottis,
855 2385 1001 2455 indocilis,
1026 2384 1186 2461 soquadrus
1202 2394 1230 2444 et
1245 2382 1422 2458 sesquadrus

71 2477 102 2531 in
127 2490 205 2549 penu
230 2475 413 2547 continendi,
437 2485 468 2533 ut
492 2476 634 2549 ligaturae
656 2483 793 2551 typorum
816 2474 1029 2550 infrequentes,
1061 2474 1201 2549 vigintilis
1225 2470 1311 2547 plane
1335 2473 1422 2528 omit-

68 2559 186 2620 tendus.
233 2560 439 2634 Video'sane,
464 2565 512 2637 qui
539 2569 566 2619 tc
590 2564 717 2620 vicissim
742 2560 878 2620 vellicant
899 2561 1037 2637 scrupuli,
1061 2562 1228 2636 praesertim
1254 2560 1330 2616 cirea
1353 2556 1422 2615 nodi

69 2648 176 2706 Lunae
198 2646 293 2706 locum
313 2666 422 2720 verum,
448 2651 497 2707 ubi
513 2666 632 2707 causam
648 2651 711 2724 agis
728 2648 904 2725 astrologiae
919 2656 986 2707 ante
1002 2647 1128 2707 tribunal
1147 2648 1292 2724 physices.
1331 2644 1422 2721 Spero

69 2742 189 2807 tamen,
214 2736 249 2792 iis
271 2752 317 2794 me
341 2744 401 2795 tam
425 2744 606 2796 astronomos
631 2754 718 2812 quam
742 2735 907 2811 astrologos
929 2734 1118 2795 liberaturum
1141 2737 1169 2792 in
1193 2732 1422 2811 praelationibus

71 2821 306 2900 Ephemeridum.

178 2906 243 2968 Hac
266 2911 353 2983 igitur·
378 2911 522 2966 communi
547 2913 675 2969 omnium
699 2909 791 2968 lorma
814 2910 901 2968 etiarn
925 2917 975 2968 tua
997 2908 1071 2968 baec
1086 2911 1154 2968 anni
1173 2915 1254 2968 1629
1279 2916 1325 2966 est
1338 2923 1424 2965 recu·

77 2994 186 3063 denda,
209 3004 242 3054 ut
265 3014 328 3054 curn
354 2999 456 3055 ceteris
480 2998 616 3073 conjungi
639 3000 733 3073 possit
756 3013 887 3071 opusque
911 2999 949 3054 sit
972 2998 1129 3055 emtoribus
1152 3013 1206 3054 usu
1230 2992 1423 3065 commodum,

73 3092 166 3158 utque
191 3082 369 3142 Monarcbae
393 3083 534 3155 Domino,
560 3087 608 3160 qui
633 3083 857 3159 premcridum
882 3101 935 3142 usu
958 3083 1068 3159 gaudet
1090 3100 1247 3159 earumque
1270 3084 1424 3142 continua·

72 3173 185 3231 tionem
208 3180 300 3246 urget,
324 3173 401 3229 omni
426 3173 455 3227 vi
478 3174 586 3245 ingenii
610 3172 820 3247 comprobetur.

180 3256 245 3316 Hoc
268 3260 440 3328 institutum,
466 3258 538 3316 hacc
560 3269 647 3334 pacta
669 3266 768 3316 nostra
792 3258 903 3329 ceteris,
928 3260 977 3332 qui
1001 3257 1076 3317 bunc
1096 3276 1189 3317 meam
1206 3259 1424 3333 responsionem

68 3350 141 3405 sunt
163 3344 275 3417 lecturi,
299 3344 463 3420 significare
486 3344 596 3421 placuit
620 3341 813 3425 (quamquam
836 3344 870 3402 de
886 3344 1005 3403 Patroni
1022 3346 1100 3418 novi,
1124 3344 1315 3402 Illrrstrissimi
1333 3341 1425 3401 Ducis

46 3430 266 3493 'Fridlandiae
288 3440 317 3491 ct
340 3432 448 3507 Sagaui
480 3435 644 3491 constantia
668 3435 695 3489 iu
719 3434 880 3508 patrocinio
904 3434 978 3491 serio
1002 3441 1139 3508 suscepto
1162 3432 1364 3507 sumtibusque
1387 3428 1425 3487 ad

69 3519 235 3579 editionem
259 3521 431 3579 necessariis
454 3520 540 3577 nobis
564 3520 632 3579 licet
655 3537 718 3578 esso
741 3515 884 3599 securis),
908 3523 977 3594 quia
1000 3528 1095 3579 tamen
1120 3527 1149 3578 et
1172 3520 1302 3577 homines
1325 3534 1426 3575 sumus

63 3614 199 3680 uterque
222 3615 251 3664 et
273 3607 444 3681 periculosis
468 3614 583 3666 aestuat
605 3608 732 3665 motibus
756 3607 811 3665 lroc
834 3624 913 3664 maro
936 3607 1113 3682 reipublicae
1135 3624 1189 3665 uec
1212 3609 1316 3683 eoique
1337 3606 1425 3663 statio

63 3694 134 3753 lida
166 3695 282 3752 carinae
315 3711 408 3768 eoque
439 3693 474 3751 de
505 3696 672 3770 propositae
702 3693 838 3752 editionis
861 3701 967 3752 eventu
991 3693 1068 3752 lelici
1091 3710 1259 3768 sponsorem
1282 3692 1425 3751 babemus

62 3782 235 3841 neminem:
260 3788 370 3839 statuat
394 3781 481 3853 igitur
503 3799 601 3839 secum
625 3782 758 3856 quisque,
783 3789 924 3856 quantum
948 3781 1003 3838 sibi
1026 3780 1136 3839 laboris
1160 3782 1188 3838 iu
1205 3797 1320 3840 omnem
1335 3797 1426 3838 eren·

60 3878 136 3929 tum
159 3885 273 3926 srrmere
297 3884 413 3943 quaque
436 3885 487 3943 epc
510 3870 562 3925 uiti
586 3866 666 3925 velit.

180 3948 230 4012 Tu¹
249 3972 334 4026 vero,
359 3954 490 4012 llartsehi
515 3954 693 4021 charissime,
718 3954 796 4029 quod
820 3953 888 4012 felix
913 3954 1098 4029 faustumque
1121 3957 1174 4028 sit,
1197 3955 1326 4014 laborem
1349 3952 1427 4011 hunc

64 4043 270 4102 decumanum
292 4044 404 4117 ingenti
428 4044 534 4113 animo,
558 4058 676 4100 securus
700 4042 803 4114 lrrturi,
828 4057 940 4099 mecum
964 4043 1044 4099 socio
1067 4059 1188 4117 capesse
1212 4041 1426 4115 Saturnumque

66 4140 159 4189 tuum
184 4129 382 4187 excubitorem
406 4135 473 4188 ante
497 4129 572 4187 loros
597 4127 717 4202 colloca,
744 4130 792 4202 qui
810 4145 894 4186 omne
910 4126 1037 4186 taedium
1054 4140 1160 4187 arceat.
1199 4130 1325 4188 Furenta
1341 4144 1426 4184 uam-

68 4233 134 4292 que
157 4214 287 4291 procella
310 4216 551 4291 naulragiumque
574 4216 701 4274 minante
723 4215 882 4291 publicum,
907 4217 1004 4292 potius
1024 4214 1096 4273 nihil
1117 4215 1268 4286 babemus,
1293 4223 1427 4289 quamsit

68 4302 234 4362 anchoram
266 4311 394 4361 nostram
426 4303 586 4361 studiorum
619 4304 808 4362 innocuorum
841 4301 1026 4361 demittamne
1055 4305 1085 4358 in
1116 4301 1235 4359 lundum
1267 4302 1425 4361 aeternita-

66 4393 119 4448 tis.
167 4388 251 4447 Vale.

181 4476 295 4535 Drrbam
329 4473 438 4552 Sagani
473 4476 611 4547 silesiae,
651 4477 730 4552 typis
767 4474 906 4551 propriis,
944 4475 1083 4553 postridie
1118 4476 1218 4535 Nonas
1249 4476 1425 4536 Novembris

69 4578 152 4622 anno
175 4562 386 4623 MDCXXIX.
