3284 5520
139 297 205 366 720
774 294 872 349 strena

140 475 369 549 contingentium
394 480 463 532 sunt
492 479 558 533 octo
588 479 617 532 et
648 473 775 550 triginta.
821 473 862 531 At
889 471 1007 548 qnando
1036 474 1172 551 impletur
1200 476 1286 537 locus
1313 476 1426 538 solidus
1444 426 1522 563 μὶ,

139 563 290 622 rhombiea
312 559 462 636 aequalia,
494 567 564 619 tunc
592 576 681 619 unum
709 559 890 619 rhombicum
913 563 1085 637 contingunt
1106 561 1168 622 alia
1192 570 1209 624 6
1234 564 1356 642 angulis
1378 554 1514 642 singffl'r

140 648 351 726 quadrilatcris,
383 654 413 707 et
434 656 586 723 praetcrea
609 646 771 723 duodecim,
795 646 909 723 augulis
933 651 1097 724 quaternis,
1132 651 1234 728 itaque
1266 655 1524 729 contingentium

140 735 404 815 quomodocunque
426 741 495 793 snut
521 733 691 794 octodecim.

243 823 326 882 Haec
348 824 437 897 igitur
459 821 510 879 illa
531 821 625 898 figura
647 821 825 898 geometrica
848 828 900 893 est,
923 818 1065 896 regularis
1081 839 1168 898 quam
1185 827 1332 901 proxime,
1357 826 1492 903 impletrir

139 910 195 971 lori
211 908 308 983 solidi,
331 915 364 966 ut
379 909 579 985 sexangulum,
602 907 844 985 quadrangulum,
860 907 1045 982 triangulum,
1062 922 1314 973 consummatores
1330 913 1391 973 loci
1405 912 1492 991 plani:

139 999 212 1058 baec
228 999 359 1074 inquam
387 1005 448 1069 est,
480 1013 569 1071 quam
599 1014 670 1073 apos
692 995 834 1071 effingunt
855 997 884 1051 in
907 996 968 1053 suis
990 994 1180 1072 alvearibus,
1213 1002 1272 1059 nisi
1299 1000 1360 1062 hoc
1387 1008 1492 1061 tautum

138 1085 246 1159 demto,
270 1083 349 1185 quod
372 1082 482 1143 alveoli
504 1090 602 1143 carent
625 1085 709 1143 tectis
733 1084 848 1142 carinae
869 1081 1023 1142 similibus.

244 1171 276 1231 Si
300 1173 376 1231 enim
399 1173 487 1230 stiam
510 1170 583 1230 haec
605 1169 745 1231 adderent
768 1177 796 1229 et
818 1168 967 1244 quaelibet
989 1171 1053 1245 apis
1076 1172 1152 1231 intra
1174 1172 1249 1232 alias
1273 1172 1431 1234 duodecim
1445 1192 1494 1234 sen

139 1258 300 1320 octodecim
329 1257 499 1331 abderetur,
529 1274 587 1316 non
615 1263 729 1334 pateret
751 1257 805 1335 ipsi
830 1259 941 1330 exitus,
974 1256 1128 1318 conclusae
1151 1262 1350 1346 circumcirca.
1395 1261 1493 1338 ltaque

140 1366 206 1407 cum
232 1347 317 1406 tectis
346 1362 404 1404 non
432 1344 622 1420 indiguerint,
652 1343 724 1402 nibil
755 1344 949 1419 obstititque
973 1336 1278 1408 minuslaterasena
1301 1347 1493 1425 promodulo

69 1419 74 1433 ⁸
139 1432 302 1511 corpusculi
325 1434 371 1491 sui
393 1431 585 1508 producerent
607 1431 683 1491 ultra
705 1430 855 1490 modulum
877 1431 1093 1492 rhomborum
1086 1451 1115 1491 ru
1143 1436 1267 1508 carinis,
1290 1436 1492 1512 efficerentque

139 1520 311 1583 suillorum
334 1519 507 1581 altrinsecus
531 1518 692 1579 dissimilia.

241 1607 332 1667 Porro
355 1609 380 1667 si
403 1608 469 1682 quis
490 1605 629 1683 grandius
651 1603 772 1682 aliquod
793 1603 904 1665 mulum
925 1615 1081 1682 granatum
1102 1609 1224 1684 aperiat,
1250 1608 1367 1669 videbit
1396 1612 1490 1669 acinos

137 1695 293 1773 plerosque
316 1697 344 1752 in
368 1693 489 1753 candem
512 1693 635 1770 figuram
657 1710 824 1770 expressos,
854 1694 910 1752 nisi
933 1701 1074 1770 quantum
1096 1693 1217 1771 impedit
1239 1698 1332 1756 series
1357 1697 1490 1773 radicum,

139 1800 192 1861 per
214 1801 288 1859 quas
310 1780 479 1842 alimentum
503 1781 561 1839 illis
583 1797 668 1840 suum
690 1780 901 1857 suppeditatur.

244 1868 399 1944 Quaeritur
417 1868 480 1944 jam
504 1870 533 1925 in
555 1868 602 1926 bis
624 1868 739 1927 dnobus
763 1867 911 1943 exemplis,
935 1869 1001 1943 quis
1022 1870 1062 1926 sit
1082 1876 1184 1928 auctor
1198 1869 1310 1947 figurae
1326 1870 1490 1929 rhombicac

139 1960 169 2015 in
193 1955 310 2015 alveolo
334 1972 422 2031 apum
445 1957 532 2030 inque
554 1957 652 2030 granis
674 1955 742 2013 mali
759 1954 879 2031 punici?
902 1954 1026 2013 Materia
1042 1957 1070 2012 in
1085 1972 1175 2014 eausa
1190 1973 1248 2014 non
1266 1965 1320 2016 est
1354 1957 1490 2033 anpiam

139 2045 216 2103 enirn
239 2045 391 2101 inveniunt
413 2060 483 2118 apes
510 2041 677 2118 hujusmodi
700 2041 802 2101 ioliola
824 2040 974 2100 rhombica
996 2044 1025 2099 in
1048 2052 1231 2119 praeparato,
1255 2061 1333 2119 quae
1356 2045 1491 2120 colligant

138 2148 210 2207 apes
231 2138 320 2204 atque
341 2136 481 2205 coaptent
501 2128 538 2189 ad
561 2127 732 2205 effigiendas
755 2146 824 2187 suas
847 2127 1047 2188 domunculas.
1079 2129 1182 2206 Neque
1205 2130 1366 2191 verisimile
1388 2133 1489 2204 esqin

138 2218 209 2277 solis
232 2217 316 2276 malis
338 2217 452 2293 punicis
473 2224 577 2293 sponte
600 2233 765 2275 excrescere
787 2217 886 2275 acinos
910 2219 938 2272 in
961 2217 1096 2291 angulos,
1128 2235 1193 2275 euru
1215 2220 1245 2275 in
1270 2220 1408 2278 omnibns
1429 2217 1490 2277 aliis

138 2305 281 2369 fructibus
304 2303 421 2363 rotundi
444 2302 580 2377 evadant,
605 2321 663 2380 qua
684 2320 742 2361 non
765 2304 970 2378 impediuntur,
993 2302 1114 2362 humore
1136 2312 1276 2380 suggesto
1295 2304 1393 2366 lentos
1408 2308 1490 2369 eorti-

140 2410 188 2453 ces
212 2390 345 2467 explente
368 2400 398 2450 et
420 2391 596 2464 reluctante,
621 2397 654 2450 ut
675 2398 842 2465 turgescant
864 2398 894 2449 et
916 2408 974 2466 qua
997 2388 1083 2450 datur
1105 2392 1304 2467 protuberent.

244 2479 295 2536 list
318 2479 406 2554 igitur
427 2481 456 2535 in
479 2480 563 2537 acino
587 2476 705 2553 quidem
727 2479 826 2554 punici
849 2477 918 2536 mali
940 2476 1050 2553 figurae
1072 2495 1162 2537 causa
1184 2481 1213 2535 in
1240 2482 1341 2539 anima
1367 2479 1489 2556 plantae,

140 2582 216 2642 quae
240 2566 318 2642 pomi
342 2573 476 2643 procurat
499 2566 717 2624 incrementum.
750 2563 809 2623 Sed
831 2581 888 2621 non
911 2572 956 2623 est
978 2565 1051 2623 baec
1071 2564 1238 2642 adaequata
1260 2566 1373 2643 figurae
1397 2583 1489 2639 causa

140 2669 234 2729 neque
258 2654 334 2712 enim
357 2653 412 2711 boe
435 2659 564 2728 praestat
587 2653 690 2710 fructui
714 2669 750 2711 ex
772 2651 885 2709 lormali
906 2655 1092 2728 proprietate,
1114 2651 1167 2711 sed
1190 2653 1350 2728 adjuratur
1365 2657 1490 2713 necari·

139 2748 200 2799 tate
230 2739 382 2801 materiali.
427 2740 502 2798 Nam
531 2756 597 2798 cum
626 2741 702 2797 acini
731 2741 805 2796 inter
834 2739 930 2808 initia,
962 2737 1030 2796 dum
1060 2742 1142 2814 parri
1171 2749 1254 2813 sunt,
1286 2740 1407 2800 rotundi
1428 2743 1489 2813 sint,

139 2826 278 2903 quamdiu
308 2828 435 2903 spatium
465 2828 536 2903 ipsis
569 2828 644 2883 intra
672 2828 807 2884 corticem
840 2825 962 2897 suffieit,
998 2824 1115 2884 tandem
1143 2828 1347 2888 indurescente
1378 2830 1489 2899 cortice,

140 2914 336 2975 crescentibus
359 2930 429 2974 vero
452 2914 588 2996 cernisne
611 2915 716 2985 acinis,
746 2912 780 2971 fit
809 2928 909 2971 eorum
938 2914 1113 2988 constipatio
1136 2921 1165 2972 et
1187 2918 1384 2990 compressio,
1415 2922 1447 2975 nt
1465 2924 1490 2974 et

139 3004 267 3080 pisorum
290 3003 366 3059 iutra
388 3018 457 3060 suos
480 3000 623 3074 oblongos
646 3001 760 3058 calices.
806 2999 863 3058 Sed
892 3001 957 3075 pisa
986 3017 1043 3056 uon
1069 2999 1178 3059 habent
1209 3019 1351 3077 quorsum
1373 3002 1489 3062 cedant:

140 3088 274 3163 oblongis
306 3091 381 3146 enim
410 3087 522 3162 siliquis
553 3105 588 3146 ex
612 3086 712 3145 ordine
735 3094 803 3144 sunt
825 3088 947 3158 inserta,
977 3089 1204 3163 comprimuntur
1226 3090 1316 3163 igitur
1340 3108 1359 3148 a
1380 3088 1490 3149 dnobus

142 3184 253 3234 tantum
277 3175 424 3234 lateribus.
460 3175 544 3233 Acini
568 3189 638 3232 vero
659 3173 775 3232 rotundi
798 3174 827 3230 in
851 3173 935 3232 malis
958 3177 1072 3248 punicis
1093 3173 1212 3233 liberius
1235 3178 1366 3250 spatium
1381 3195 1400 3235 a
1415 3179 1489 3253 prin·
1512 3204 1515 3209 ·

141 3265 216 3338 cipio
248 3265 342 3334 nacti,
374 3260 459 3321 facile
490 3279 554 3321 sese
584 3261 690 3336 singuli
713 3264 789 3318 iutra
811 3269 908 3318 ternos
932 3260 1033 3319 ordine
1056 3259 1178 3320 adverso
1202 3263 1429 3337 protuberantes
1450 3266 1489 3320 in·

140 3353 274 3421 sinuant,
299 3349 476 3408 rotunditate
500 3366 554 3407 sua
577 3348 679 3424 adjuti,
703 3348 911 3422 humoremque
935 3346 1010 3420 inde,
1035 3348 1111 3406 unde
1134 3358 1283 3423 urgentur,
1316 3351 1490 3409 declinantes

140 3439 169 3494 in
193 3439 290 3512 spatia
313 3454 415 3495 vacua.
462 3434 574 3510 Quodsi
604 3437 669 3510 quis
701 3435 829 3509 aliquam
861 3438 919 3492 vim
942 3434 1125 3510 globulorum
1147 3437 1341 3495 rotundorum
1364 3440 1490 3513 interque

141 3541 205 3583 sese
229 3524 396 3599 aequalium
419 3541 454 3582 ex
474 3524 596 3582 materia
617 3521 696 3579 molli
712 3524 906 3580 constantium
921 3521 1076 3580 concludat
1091 3524 1119 3579 in
1135 3524 1259 3581 rotundo
1277 3542 1351 3583 vase
1365 3525 1490 3600 illudque

49 3605 52 3613 ’
141 3610 255 3670 circulis
286 3613 379 3670 aereis
407 3612 529 3686 incipiat
558 3617 704 3667 coarctare
734 3609 860 3683 undique
889 3627 907 3667 a
930 3609 1026 3685 plagis
1050 3611 1197 3667 omuibus:
1231 3609 1347 3686 globuli
1380 3610 1490 3688 plurimi

140 3701 334 3773 exprimentur
356 3688 385 3755 in
405 3697 523 3756 schema
541 3696 730 3768 rhombicunr,
753 3698 921 3772 praesertim
937 3698 962 3753 si
977 3699 1056 3771 prius
1072 3696 1138 3754 illos
1154 3696 1291 3771 globulos
1307 3700 1491 3758 succussione

140 3788 219 3843 vasis
244 3784 376 3859 diligenti
398 3783 495 3842 locum
518 3785 714 3859 angustiorem
737 3783 828 3841 libero
852 3791 947 3842 rotatu
966 3801 1069 3859 capere
1085 3787 1260 3858 permiseris.
1292 3785 1369 3845 Nam
1387 3786 1491 3845 directa

139 3871 323 3948 globulorum
347 3871 552 3948 dispositione,
584 3887 659 3947 quae
683 3871 792 3930 turbari
815 3887 873 3929 non
897 3873 1003 3947 possit,
1039 3873 1253 3947 compressione
1275 3872 1370 3947 sacta,
1406 3874 1490 3933 cubus

140 3962 229 4019 etiam
252 3958 369 4020 efficies.

244 4045 279 4104 lu
310 4048 477 4105 universum
509 4047 584 4104 enim
616 4044 730 4103 duobus
761 4044 854 4102 modis
879 4045 951 4102 inter
973 4062 1004 4103 se
1028 4045 1197 4103 ordinantur
1218 4044 1332 4121 globuli
1356 4045 1490 4124 aequales

140 4135 168 4189 in
203 4150 274 4192 vase
306 4135 406 4209 aliquo
440 4131 568 4207 collecti,
610 4149 662 4207 pro
695 4131 810 4189 duobus
842 4130 937 4189 modis
972 4132 1162 4191 ordinationis
1195 4149 1294 4191 eorum
1330 4136 1361 4191 in
1395 4134 1491 4210 aliqua

140 4219 273 4295 planitie.

243 4306 318 4365 Nam
349 4310 374 4365 si
405 4313 532 4367 amantes
555 4308 585 4362 in
609 4305 710 4365 eodem
733 4302 822 4378 plano
845 4303 1018 4363 horisontali
1041 4305 1177 4381 globulos
1200 4306 1342 4382 aequales
1365 4309 1491 4384 coegeris

141 4395 169 4450 in
204 4402 376 4469 angustum,
410 4402 507 4464 ut‚se
542 4400 642 4452 mutuo
676 4393 861 4465 contingant,
895 4400 946 4451 aut
979 4392 1149 4469 triangulari
1176 4394 1268 4452 forma
1291 4406 1415 4469 coeunt,
1445 4401 1491 4455 aut

140 4479 381 4556 quadrangulari;
415 4483 456 4540 ibi
486 4498 536 4538 sex
567 4497 655 4537 uuum
679 4481 881 4552 circumstant,
915 4479 963 4538 hic
986 4490 1125 4555 quatuor3
1163 4483 1297 4558 utrinque
1323 4482 1428 4543 eadem
1452 4490 1492 4542 est

140 4570 215 4627 ratio
244 4576 395 4627 contactus
426 4585 477 4643 per
508 4584 608 4625 omnes
638 4564 791 4644 globulos,
826 4567 929 4624 demtis
962 4570 1106 4629 extremis.
1151 4567 1373 4645 Quinqnauguli
1404 4571 1492 4630 torma

139 4658 241 4731 nequit
262 4657 379 4714 retineri
401 4654 574 4731 aequalitas,
597 4653 788 4730 sexangulum
812 4652 995 4764 resolvitur
987 4673 1015 4713 rn
1039 4654 1199 4733 triangula:
1223 4663 1256 4714 ut
1279 4659 1322 4715 ita
1344 4657 1415 4717 dicti
1438 4657 1491 4716 due

141 4741 256 4802 ordines
277 4742 335 4802 soli
357 4744 424 4803 sint
