3284 5520
140 330 207 401 494
607 326 896 397 aasumensi·
915 327 1034 397 aanor.

145 512 200 570 bus
222 508 375 585 eclipticas
398 507 471 567 locis
493 516 604 567 motum
617 505 695 566 Solis
715 506 903 585 perveneris
925 508 1148 569 observationes
1170 507 1246 569 bens
1268 524 1337 568 assa
1358 507 1400 567 ad
1419 507 1484 571 fluat

143 615 303 669 annorum,
335 612 393 654 non
422 602 520 653 tamen
544 593 622 653 idem
651 598 750 653 statim
773 593 809 652 ds
832 603 895 653 toto
918 597 1006 654 etiam
1037 593 1269 657 circulatorum
1294 596 1368 669 erit;
1396 606 1485 671 potest

143 687 219 743 enim
243 685 361 742 minima
387 681 485 758 aliqua
509 681 713 741 declinationis
728 680 806 740 Solis
822 684 984 741 mutatione
1006 680 1113 761 (qualia
1137 691 1182 741 est
1204 681 1255 742 illa
1278 698 1333 759 per
1355 684 1487 743 ιιιιιιοιὶι·

143 790 210 832 nem
233 769 418 848 parallaxeos
440 768 532 845 Solis)
556 770 646 844 cilici,
678 774 712 828 ut
738 769 826 844 longo
854 767 929 828 alius
958 779 1098 844 sequatur
1124 768 1208 829 locus
1238 772 1369 847 apogaei
1392 768 1486 831 solaris

145 876 240 936 eoque
262 866 292 919 at
314 859 505 933 aequationes
528 856 607 915 Solis
629 856 718 933 paulo
741 855 818 915 alias
841 855 912 915 flant
934 859 1011 915 circa
1033 855 1161 933 apsidas.

246 944 329 1020 Quae
353 946 451 1003 omnia
474 960 539 1002 cum
562 961 613 1021 per
634 962 666 1002 se
689 945 747 1002 siut
777 946 1024 1003 contemtissiruae
1054 945 1240 1019 quantitatis,
1272 944 1299 1002 si
1332 952 1435 1003 tamen
1460 958 1486 1003 ιο

143 1035 327 1092 immisceant
350 1031 604 1091 observationibus
627 1030 750 1090 Veneris
781 1030 1063 1105 fundamentalibus,
1093 1040 1124 1091 οι
1151 1030 1235 1091 locus
1257 1029 1357 1104 Solis,
1390 1048 1411 1091 a
1437 1046 1486 1107 quo

144 1120 245 1179 Venus
269 1130 314 1178 est
335 1121 508 1188 observata,
540 1135 591 1193 pro
614 1128 693 1177 certo
716 1117 771 1176 sub
793 1117 859 1175 fixis
881 1126 1060 1192 annituntur,
1093 1120 1144 1193 qui
1173 1128 1218 1177 est
1247 1135 1279 1177 ιο
1310 1135 1384 1177 vara
1406 1116 1486 1194 paulo

143 1208 294 1267 diversus:
317 1223 435 1266 necesso
458 1214 502 1264 est
517 1205 584 1264 binc
599 1207 665 1263 oriri
682 1204 935 1279 conglobationem
950 1205 1090 1281 aliquam,
1115 1213 1147 1263 ut
1162 1207 1191 1262 iu
1207 1206 1361 1265 montibus
1372 1206 1486 1279 niriuar,

143 1296 186 1354 sic
209 1294 256 1352 bic
278 1310 406 1352 errorum
429 1295 458 1350 in
481 1303 539 1351 tam
569 1292 664 1366 longis
695 1292 869 1366 ambagibus
900 1292 1168 1369 investigandorum
1191 1291 1319 1352 Veneris
1350 1302 1484 1367 motuum,

143 1382 181 1441 ad
203 1398 293 1458 quos,
315 1383 341 1439 si
363 1383 413 1456 qui
438 1388 513 1451 sunt,
537 1377 718 1449 detegendos
740 1388 769 1437 et
792 1378 974 1439 evolvendos
996 1380 1065 1457 (etsi
1087 1379 1166 1439 haud
1187 1379 1275 1439 facile
1298 1377 1485 1457 quadranae

145 1471 231 1528 unius
253 1467 362 1543 gradus
384 1483 554 1527 excessuros
578 1465 660 1525 ullibi
684 1466 767 1541 puto)
791 1466 877 1541 plane
901 1483 975 1542 opus
999 1477 1044 1526 ast
1064 1466 1197 1542 longiora
1220 1478 1366 1543 tompore.

249 1555 282 1613 lu
306 1554 450 1613 Mercurio
473 1555 567 1629 major
590 1562 634 1611 est
655 1552 824 1625 diiiicuitas,
855 1556 910 1613 etsi
932 1556 1102 1613 occasiones
1125 1556 1229 1614 erroris
1251 1552 1483 1631 deprehendendi

143 1644 307 1701 rarissimas
328 1644 396 1700 sint.
426 1640 535 1699 Omnes
550 1640 614 1715 ejus
629 1640 850 1699 observationes
872 1640 1020 1701 aBraheo
1043 1644 1225 1717 conscriptae
1247 1658 1301 1717 per
1323 1646 1367 1701 20
1390 1658 1483 1715 οιιιιιι,

144 1745 222 1806 quae
244 1727 362 1804 quidem
385 1727 462 1787 lidae
484 1737 552 1786 sunt
575 1736 605 1785 et
627 1727 774 1798 indubias,
797 1729 873 1785 intra
895 1728 1011 1786 unicum
1027 1730 1180 1787 acceutrici
1191 1727 1379 1788 Mercurialis
1402 1731 1484 1789 uisa·

144 1824 201 1875 tem
225 1816 340 1888 cadunt,
364 1815 465 1890 reliqui
490 1814 548 1873 duo
571 1815 690 1874 trientes
711 1814 891 1873 inobservuti
913 1822 1040 1887 manent,
1064 1814 1120 1875 boc
1135 1815 1252 1891 quidem
1275 1814 1381 1875 seculo
1404 1818 1483 1891 inqua

143 1911 243 1962 nostro
266 1902 489 1978 hemisphaerio.
535 1900 604 1960 Jaru
627 1917 696 1960 vero
719 1912 847 1976 quantae
870 1900 1050 1962 difficultatis
1073 1920 1118 1961 res
1140 1904 1192 1975 sit,
1225 1920 1260 1962 ox
1292 1903 1385 1963 ductu
1409 1902 1482 1979 parri

142 2007 225 2049 arcus
249 1997 341 2048 toturn
365 2005 564 2048 consummare
586 1987 725 2047 circulum
748 1991 821 2047 citra
843 2005 983 2061 errorem,
1015 2006 1072 2049 non
1103 2006 1176 2065 opus
1200 1999 1245 2048 est
1268 1988 1371 2047 multis
1394 1991 1483 2051 rabir

142 2076 301 2136 declarare.
346 2074 444 2150 Quare
468 2078 522 2134 etsi
545 2078 573 2131 iu
597 2074 833 2150 elongationibus
860 2078 1009 2148 maximis,
1041 2094 1114 2152 quas
1145 2076 1363 2152 hemisphaerio
1391 2085 1482 2137 nosbo

139 2163 191 2223 Sol
212 2179 270 2223 aon
294 2162 415 2235 invidet,
437 2161 534 2222 nullus
558 2180 681 2237 magnus
704 2179 782 2221 error
804 2180 840 2223 aa
862 2165 971 2223 vitiosa
985 2166 1212 2223 commutatione
1234 2172 1334 2239 potest
1357 2166 1484 2237 existere,

142 2253 171 2309 iu
193 2251 448 2327 conjunctionibus
472 2261 567 2309 tamen
591 2250 728 2309 Mercurii
751 2268 817 2308 curn
840 2250 924 2320 Sole,
953 2269 1076 2325 quarum
1099 2254 1130 2309 iu
1153 2253 1291 2311 meteoris
1312 2268 1424 2327 magus
1444 2252 1485 2310 ris

142 2347 197 2411 est,
220 2356 277 2398 non
300 2341 395 2397 ausim
418 2336 571 2408 affirmare,
595 2355 691 2395 meum
715 2336 859 2396 calculum
882 2354 997 2413 sempor
1020 2341 1094 2398 iutra
1110 2340 1202 2414 ipsius
1217 2338 1275 2397 diei
1291 2348 1403 2399 ιιιοιιιιιι
1419 2354 1485 2399 coa·

142 2428 259 2499 sistere,
290 2433 401 2500 quanto
431 2433 561 2500 ternpore
591 2426 781 2484 commutatio
810 2427 938 2500 quinqua
961 2425 1101 2499 gradibus
1132 2425 1275 2484 interdurn
1304 2428 1414 2485 sanari
1435 2442 1486 2502 po·

141 2521 211 2586 test;
235 2511 317 2572 locus
331 2512 468 2572 Mercurii
492 2528 636 2588 apparens
660 2528 724 2570 cum
747 2519 791 2570 est
807 2511 1001 2587 retrogradus,
1025 2530 1084 2571 uno
1107 2512 1201 2588 gradu
1225 2530 1291 2571 cum
1315 2514 1421 2573 triente
1442 2510 1487 2573 rel

140 2616 269 2660 semuse.

247 2684 330 2760 Quae
354 2685 429 2745 adeo
452 2702 541 2745 causa
565 2692 620 2761 est,
643 2702 693 2742 eur
716 2687 743 2742 in
766 2685 812 2742 his
834 2685 949 2745 duobus
972 2686 1097 2762 planetis
1120 2702 1179 2745 non
1202 2686 1405 2763 scrupulosior
1426 2702 1486 2747 esse

142 2774 294 2846 voluerim,
324 2791 413 2849 quam
436 2775 465 2829 io
488 2771 593 2831 Marte.
638 2771 713 2831 Nam
737 2773 767 2829 in
788 2771 883 2832 Marte
905 2776 965 2833 lere
988 2774 1107 2846 sufficit,
1138 2773 1235 2833 locurn
1257 2775 1324 2850 ojus
1347 2773 1387 2835 ad
1411 2773 1487 2833 deci·

141 2880 219 2920 mum
242 2877 388 2937 quemque
417 2860 494 2918 diem
524 2866 707 2935 computare,
736 2862 765 2915 in
789 2859 903 2920 Venere
932 2868 962 2920 et
989 2860 1149 2931 Mercurio,
1182 2864 1337 2938 praecipua
1367 2863 1398 2920 ia
1425 2861 1487 2931 boo.

139 2952 215 3008 intra
241 2953 280 3009 10
304 2947 366 3008 dies
390 2964 497 3023 magna
520 2948 643 3005 occurrit
667 2947 803 3019 varietas,
826 2948 951 3009 maxime
974 2964 1040 3007 cum
1054 2948 1230 3007 stationibus
1252 2950 1489 3027 appropinquant

139 3047 192 3096 aut
220 3053 284 3095 euru
312 3044 381 3093 sunt
408 3032 586 3109 retrogradi;
618 3043 648 3092 et
677 3041 775 3091 tamen
805 3041 838 3092 ut
865 3033 924 3094 dixi
952 3035 1120 3095 invenere
1148 3036 1207 3094 iare
1237 3052 1290 3112 por
1312 3033 1407 3096 denos
1429 3035 1488 3097 dier

139 3140 309 3199 progressus
332 3140 412 3193 sum,
445 3124 473 3179 io
498 3121 640 3180 Mercurio
665 3123 774 3198 passim
796 3139 847 3198 per
874 3125 995 3200 quiuos,
1023 3123 1053 3182 id
1083 3125 1210 3183 maxime
1238 3125 1267 3180 in
1293 3121 1486 3199 promerida

140 3213 208 3268 anni
236 3215 326 3269 1618.

243 3338 311 3387 llaec
330 3346 471 3401 sequuntur
491 3339 637 3401 ,responsio
656 3337 688 3384 ad
707 3336 921 3400 interpellationes
941 3338 1047 3387 Darldls
1065 3338 1201 3400 FabriciM,
1222 3352 1297 3403 quam
1316 3341 1488 3403 praemisimus

143 3410 269 3458 volumine
288 3409 319 3458 ll.
338 3422 365 3472 p.
387 3408 524 3458 roo-117
543 3422 586 3461 ss..
605 3408 656 3456 lib
675 3411 699 3453 et
717 3407 768 3455 tito
787 3422 816 3469 s.,
833 3420 880 3455 uec
897 3422 947 3457 noa
968 3409 1016 3469 ,ad
1036 3410 1065 3457 D.
1085 3408 1194 3458 Galilaal
1212 3407 1268 3457 loca
1286 3410 1430 3473 qnaedsm‘·
1448 3422 1489 3458 au·

140 3480 374 3598 :littffilf‘qz’essm
392 3478 509 3539 leguntur
527 3477 590 3529 ibid.
605 3492 630 3541 p.
645 3474 695 3527 tao
708 3491 729 3527 s.
756 3475 824 3527 Hinc
843 3478 967 3541 Kapierus
980 3479 1045 3528 redit
1056 3478 1088 3528 sd
1103 3479 1288 3543 prsmarides,
1307 3492 1404 3529 uorum
1416 3484 1490 3545 capot

142 3686 308 3768 lustructio
331 3711 439 3790 -supcr
474 3711 554 3766 nova
589 3686 701 3767 iornra.
754 3685 801 3768 lla
827 3686 885 3787 iis,
921 3711 1003 3791 quac
1030 3688 1060 3767 in
1090 3688 1149 3767 bac
1176 3686 1385 3792 prcmcride
1413 3714 1489 3773 nora

420 3803 450 3871 ot
477 3793 631 3873 hacteuus
659 3792 933 3873 insusurratione
962 3793 1090 3896 digesta
1116 3802 1201 3874 suut.

360 3969 382 4026 l.
422 3970 472 4025 Da
495 3970 616 4026 ordina
639 3971 855 4038 planetarum
877 3970 914 4027 in
937 3970 1003 4028 hac
1026 3970 1263 4039 Ephsmeride.

241 4081 306 4141 Non
331 4081 466 4141 existimo
489 4081 617 4139 futurum
642 4098 833 4157 quemquam,
865 4084 915 4156 qui
947 4081 1022 4141 adeo
1045 4082 1158 4142 steriles
1181 4091 1210 4142 ot
1233 4099 1346 4142 vacuos
1368 4086 1408 4144 ab
1432 4084 1488 4145 uti·

138 4169 215 4229 libas
240 4169 458 4228 inventionibus
481 4176 594 4244 reputet
618 4166 735 4227 labores
758 4185 840 4228 meos
863 4172 1082 4243 astronomicus,
1108 4179 1140 4227 ut
1163 4169 1238 4229 banc
1258 4172 1348 4230 etiam
1372 4174 1488 4231 uerita·

139 4268 195 4316 tem
219 4273 237 4314 a
260 4274 306 4314 me
330 4258 423 4313 inanis
446 4252 541 4314 solum
564 4253 706 4329 gloriolae
729 4272 819 4314 causa
842 4257 1007 4316 affectatam
1031 4255 1146 4316 credere
1170 4256 1258 4328 velit,
1287 4258 1369 4333 quod
1393 4258 1489 4320 Solem

139 4361 197 4403 oon
222 4355 252 4401 ut
275 4352 476 4402 antecessores
499 4344 527 4398 ia
552 4344 645 4417 prima
668 4341 812 4414 columna,
836 4344 887 4403 sed
911 4343 1006 4403 medio
1029 4344 1095 4403 loco
1123 4346 1303 4405 inseruerim.
1349 4345 1489 4406 Rationis

139 4440 244 4502 tamen,
269 4448 342 4506 quas
367 4430 466 4501 lrabui,
490 4429 652 4506 explicabo,
677 4448 751 4506 quas
768 4431 816 4487 ubi
833 4431 1038 4508 perpenderint
1056 4431 1180 4491 lectores
1202 4449 1360 4508 novaeque
1382 4434 1490 4493 formas

141 4518 302 4578 secundum
325 4535 375 4577 aas
399 4522 628 4593 experimentum
652 4519 793 4592 ceperint,
818 4535 919 4577 eorum
943 4536 998 4594 ego
1018 4516 1146 4594 judicio,
1174 4520 1199 4577 si
1223 4518 1253 4576 ld
1275 4522 1439 4595 resciraro,
1461 4524 1490 4579 iu

139 4607 328 4682 sequentibus
350 4603 594 4682 promaridibus
617 4603 740 4664 libenter
762 4607 864 4663 stabo:
888 4623 933 4665 res
957 4609 1033 4666 euim
1055 4623 1114 4666 uon
1137 4613 1182 4665 est
1204 4623 1323 4682 magna.

242 4692 371 4752 Primum
395 4694 568 4751 concinnum
591 4697 621 4751 et
642 4691 713 4751 utile
737 4690 901 4766 ridebatur,
925 4693 994 4752 darc
1009 4694 1087 4753 Solis
1110 4693 1263 4753 columnae
1286 4693 1387 4755 locum
1410 4694 1492 4755 illum

137 4783 211 4841 inter
234 4780 415 4858 planetarum
439 4778 607 4853 columnas,
638 4796 725 4856 quem
748 4778 800 4840 sot
828 4779 952 4857 vulgari.
972 4781 1123 4842 bominum
1151 4782 1257 4843 notitia
1279 4782 1397 4846 obtiuat
1419 4785 1492 4845 utar
