3284 5520
139 314 183 383 12
523 315 664 384 Epistoiae
683 315 794 385 liepleri
812 314 982 382 aliorumque
1000 320 1110 370 mutuae

140 488 300 544 difficillima.
331 494 415 553 Longe
433 507 490 542 vero
509 492 610 543 facilior
628 500 653 542 et
670 493 809 555 expeditior
826 495 867 556 at,
884 494 907 540 ai
926 506 980 541 eam
998 496 1023 539 iu
1043 498 1126 542 cantro
1144 492 1231 541 mundi
1249 493 1367 542 locemus.
1398 493 1498 541 Deinde

139 565 203 613 ratio
227 563 318 623 dictat,
342 571 457 627 aspertus
476 578 607 626 corporum
626 563 770 611 coelestium
788 563 862 623 longe
882 565 1033 611 eidraciores
1052 579 1117 614 esee.
1143 565 1164 610 si
1183 564 1234 611 sint
1252 564 1370 610 mundani
1389 569 1415 610 et
1433 565 1496 611 nni·

139 632 257 696 vereales,
276 636 392 696 quamsi
411 633 585 695 particulares,
604 635 651 682 boe
669 639 706 680 est
725 638 745 682 si
766 648 814 681 non
833 633 868 680 ad
886 634 986 681 Terram
1006 634 1129 681 duntaxat
1148 635 1257 680 habeant
1276 638 1430 696 respectum,
1452 634 1496 682 aed

139 702 214 752 simul
232 704 265 751 ad
284 709 363 751 totam
382 719 463 753 rerum
483 706 679 752 universitatem.
708 703 780 752 Tales
799 711 882 751 sutem
903 717 955 750 esse
973 717 1023 751 uon
1042 710 1155 765 possunt,
1175 705 1223 751 nisi
1237 704 1312 751 'l'erra
1326 704 1358 750 sit
1369 704 1396 749 in
1410 709 1496 751 centro

139 774 234 837 mundi,
253 788 317 836 quae
335 788 411 822 causa
429 780 467 822 eet
485 777 549 822 inter
566 775 639 834 alias,
659 789 702 821 cur
721 773 854 836 (lopernici
872 774 1016 835 opinionem
1035 775 1065 821 de
1084 774 1135 821 sita
1153 774 1243 821 Terrae
1262 775 1369 820 maxime
1388 788 1496 823 arerser.

244 842 361 891 Clausala
379 846 423 892 illa
442 846 500 902 (aab
520 846 592 893 tinem
612 846 692 904 partis
711 846 805 906 primae
825 848 946 890 tractatas
965 845 1127 906 germanici),
1154 844 1212 891 licet
1237 844 1377 890 dubitative
1402 846 1495 908 posita,

139 927 170 961 au
189 913 259 962 Deus
277 915 308 961 ad
328 914 472 975 hujusmodi
492 919 600 962 cometas
620 914 762 974 dirigendos
781 927 873 962 novum
896 920 961 962 creet
980 914 1095 974 spiritum
1114 927 1157 960 sen
1175 914 1371 973 intelligentiam
1390 928 1496 962 moven-

139 989 202 1048 tem,
229 998 296 1048 quae
318 991 416 1049 postea,
442 976 543 1046 peraeto
567 998 684 1047 munere,
709 985 835 1044 redigatur
852 985 879 1031 in
897 984 1019 1046 nihilum,
1045 999 1131 1032 vereor
1149 998 1180 1032 ne
1199 986 1322 1031 oiionsure
1340 986 1374 1031 sit
1391 982 1496 1033 multos.

139 1056 284 1115 praesertim
303 1055 439 1114 theologos.

244 1122 316 1172 Haec
334 1129 393 1172 suut
410 1127 468 1180 iere,
488 1138 552 1188 quae
569 1125 597 1172 iu
614 1122 721 1171 lectione
739 1122 820 1172 libelii
838 1125 887 1172 Tui
905 1125 968 1172 mihi
987 1125 1011 1172 iu
1031 1129 1139 1172 mentem
1160 1128 1286 1170 venerunt.
1315 1123 1353 1170 Ea
1372 1124 1412 1170 hie
1431 1138 1494 1172 eon-

141 1195 242 1254 aignare
263 1194 345 1249 solui,
372 1201 400 1241 nt
423 1196 540 1257 petitioni
559 1194 626 1242 'luae
649 1208 740 1243 morem
763 1208 888 1258 gererem,
914 1195 987 1242 simul
1013 1209 1071 1241 vero
1090 1194 1147 1241 Tibi
1165 1194 1258 1253 gratias
1277 1208 1336 1252 ago,
1359 1194 1427 1252 quod
1447 1195 1496 1240 hoe

140 1264 260 1325 opusculo
279 1278 318 1311 me
337 1265 428 1312 donare
447 1265 557 1314 voluisti.

244 1333 312 1392 Quae
336 1336 375 1382 his
397 1335 468 1381 addit
488 1336 638 1394 Brsnggerus
663 1334 693 1381 de
714 1333 850 1385 Mercurio.
875 1333 957 1382 calore
982 1337 1006 1381 iu
1031 1334 1104 1383 corde
1123 1340 1169 1382 etc.
1196 1335 1368 1395 praemisimus
1392 1333 1440 1380 vol.
1463 1334 1495 1382 ii.

141 1418 162 1467 p.
183 1404 216 1452 64
235 1407 259 1450 et
279 1405 337 1455 787.
375 1405 413 1451 Ad
437 1405 482 1452 has
500 1403 587 1452 literas
606 1403 643 1463 (d.
663 1404 740 1451 Nonis
759 1404 833 1455 Mart.
855 1402 936 1469 1608)
962 1404 1089 1466 respoudit
1112 1402 1271 1465 Keplerus
1296 1404 1335 1451 die
1355 1405 1379 1453 5.
1399 1405 1496 1464 Aprilis

139 1469 193 1535 (eir.
213 1474 262 1523 vol.
282 1474 313 1521 li.
335 1488 361 1536 p.
381 1475 421 1523 60.
440 1477 509 1531 592.)
528 1476 595 1523 huuc
612 1476 638 1522 iu
657 1474 770 1521 modum:

245 1543 348 1620 Pergis
371 1545 409 1604 ad
432 1549 584 1606 cometiae.
622 1545 697 1604 Sunt
719 1548 746 1602 in
771 1554 883 1621 parato,
906 1544 957 1604 sed
976 1544 1075 1603 infelix
1090 1561 1154 1601 sum
1172 1546 1199 1600 in
1217 1543 1338 1603 edendo.
1377 1544 1496 1620 Typam

139 1629 239 1690 addidi
263 1650 410 1707 magnum,
436 1636 484 1709 qui
509 1650 566 1691 non
591 1632 743 1707 sculpitur;
769 1636 816 1690 rix
840 1640 911 1708 puto
936 1634 1107 1708 impressum
1131 1634 1163 1688 iri
1188 1632 1323 1706 amplius.
1363 1632 1496 1691 Demon-

138 1721 240 1778 stratio
264 1719 386 1795 pulchra
408 1720 479 1779 mihi
503 1720 626 1793 videtur,
651 1722 704 1777 etsi
728 1719 844 1796 quidem
860 1736 918 1778 non
934 1720 1020 1796 plane
1037 1726 1081 1777 est
1096 1719 1314 1794 perfectissima.
1355 1718 1495 1778 Cometes

139 1823 202 1867 essa
226 1808 255 1865 in
281 1807 374 1879 coelo,
399 1825 453 1866 nea
477 1807 577 1880 videri,
602 1807 685 1865 malti
708 1809 874 1883 exagitant3
898 1814 1056 1883 quaerunt,
1080 1808 1130 1882 qni
1154 1806 1268 1866 sciam?
1301 1807 1385 1882 Nego
1409 1810 1494 1880 scire,

138 1896 251 1970 opinari
275 1894 339 1952 dico
363 1895 562 1970 probabiliter.
600 1893 646 1953 Tu
668 1901 765 1969 putas,
790 1897 885 1953 visum
907 1896 951 1967 iri,
975 1897 1001 1954 si
1022 1897 1093 1952 sint:
1119 1896 1234 1969 negari.
1274 1894 1349 1952 Nam
1363 1896 1389 1951 si
1406 1894 1495 1971 longe

137 1999 155 2040 a
178 1980 269 2039 Terra
292 1981 453 2055 trajiciant,
482 1985 507 2040 si
529 1984 613 2058 parvi
637 1983 711 2052 sint,
744 1999 802 2040 non
824 1999 943 2041 necesse
967 1990 1011 2041 est
1035 1981 1102 2039 illos
1125 1981 1225 2039 videri.
1272 1980 1350 2055 Quid
1374 1981 1493 2040 Aristo·

138 2067 238 2142 teies?
271 2068 375 2127 Nonne
397 2069 505 2128 multos
529 2069 564 2127 de
588 2068 634 2127 die
659 2070 731 2127 dixit
755 2070 897 2147 trajicere,
921 2071 970 2145 qui
993 2086 1051 2127 non
1075 2068 1230 2127 videantur
1246 2069 1283 2126 ob
1300 2068 1394 2128 lucem
1410 2069 1497 2128 diei?

139 2153 212 2230 Quis
235 2155 309 2214 haee
334 2157 485 2216 Aristoteli
508 2155 603 2215 dixit?
631 2156 785 2215 Materiam
809 2166 988 2217 cometarum
1012 2175 1046 2217 ex
1070 2156 1162 2214 nihilo
1185 2159 1328 2232 procreari
1352 2174 1410 2214 uon
1435 2156 1496 2214 dixi

138 2258 193 2303 nec
216 2242 310 2301 eredo.
350 2242 448 2303 Oreari
472 2252 570 2303 tamen
594 2253 647 2312 est,
671 2262 706 2301 ert
728 2247 850 2304 materia
873 2245 1055 2315 conformari,
1079 2243 1147 2303 licet
1168 2245 1390 2318 praeexistente.
1433 2244 1496 2301 Ne-

139 2347 196 2406 que
213 2338 309 2390 tamen
325 2331 492 2402 absurdum,
516 2330 621 2407 globos
645 2331 781 2392 exhalare
804 2335 832 2390 in
856 2332 1020 2405 aetherem3
1045 2331 1162 2406 quidsi
1186 2332 1261 2389 enim
1285 2339 1314 2388 et
1329 2330 1420 2387 Terra
1442 2350 1496 2389 ex·

138 2416 218 2477 halet
239 2419 269 2474 in
291 2417 464 2479 aetherem?
496 2419 631 2492 Materia,
654 2436 731 2494 quae
754 2427 821 2495 post
837 2420 1094 2496 conflagrationem
1110 2418 1290 2476 chasmatum
1308 2429 1351 2475 est
1368 2418 1495 2490 residua,

139 2521 293 2581 quorsum,
323 2513 426 2582 putas,
455 2506 542 2566 abit?
578 2507 682 2566 Nonne
710 2507 794 2566 vides
818 2507 948 2583 quotidie
972 2507 1111 2564 infinitam
1137 2508 1194 2562 vim
1218 2506 1357 2563 silvarum
1383 2506 1495 2564 confla-

138 2592 246 2668 grare?
270 2592 412 2669 Appende
435 2595 545 2654 cineres
567 2594 606 2653 ad
628 2594 757 2654 libellam
781 2594 899 2654 atinde
919 2594 1030 2670 judica,
1055 2601 1194 2667 quantum
1218 2595 1357 2651 materiae
1380 2610 1495 2651 sursum

139 2681 251 2739 abierit.
285 2683 345 2739 Aut
360 2682 448 2757 igitur
463 2681 519 2754 die,
536 2699 593 2758 qua
610 2685 659 2740 via
673 2689 835 2742 revertatur
851 2682 902 2740 iila
919 2684 947 2738 in
964 2682 1093 2753 Tenem,
1110 2689 1170 2752 aut,
1186 2682 1211 2737 si
1227 2697 1284 2737 non
1301 2689 1394 2755 potes,
1410 2680 1495 2740 crede

138 2770 228 2827 minui
253 2767 372 2829 Terram
394 2771 423 2826 in
446 2770 546 2829 secula
568 2769 686 2845 singula
707 2776 736 2829 et
759 2768 837 2845 quod
860 2768 903 2826 iiii
926 2768 1048 2841 decedit,
1073 2765 1210 2826 ealrelare
1233 2769 1262 2824 in
1285 2767 1441 2825 aetherem.

243 2855 273 2915 Si
298 2854 388 2916 Terra
418 2864 477 2915 stat
508 2857 572 2916 ioco
605 2873 671 2928 suo,
703 2858 757 2916 etsi
789 2880 915 2932 normae,
948 2866 1016 2914 tuac
1039 2871 1096 2913 non
1120 2855 1226 2929 poterit
1249 2854 1338 2912 ullius
1361 2863 1494 2914 cometae

138 2949 234 3003 motas
258 2960 322 3002 esse
345 2942 423 3003 linea
444 2953 534 3016 recta,
557 2945 613 3000 nisi
637 2950 751 3002 cometa
774 2952 890 3002 maneat
912 2943 967 3002 sub
991 2941 1099 3001 circulo
1123 2958 1248 3017 magno;
1273 2952 1303 3000 nt
1327 2943 1413 3017 pauci
1429 2961 1496 3001 ma·

138 3039 208 3091 neat
231 3031 286 3089 sub
311 3030 412 3090 eodem
437 3028 544 3089 circulo
566 3047 683 3104 magno.

242 3116 340 3176 Solem
363 3120 407 3177 ais
429 3117 502 3176 nihil
525 3116 701 3194 propellere,
725 3119 823 3192 potius
846 3114 1004 3175 attrahere:
1037 3126 1209 3190 argumenta
1230 3115 1304 3188 duo,
1329 3116 1452 3175 aiterum
1476 3137 1494 3177 a

139 3221 236 3276 aenea,
260 3221 400 3282 vaporem
424 3205 548 3265 existere
570 3222 606 3263 ex
629 3213 711 3280 parte
736 3205 851 3279 objecta
875 3203 946 3275 Soli,
970 3203 1092 3262 alterum
1115 3205 1267 3275 aratione,
1292 3204 1370 3262 Solis
1393 3204 1492 3263 radios

139 3307 203 3351 esse
226 3293 444 3351 immateriales.
491 3293 572 3352 Feris
595 3303 623 3350 te
647 3294 755 3368 ipsum:
785 3293 809 3349 si
835 3292 871 3349 ob
895 3289 1171 3350 immaterialitatem
1194 3308 1251 3348 non
1275 3298 1399 3366 possunt
1423 3308 1492 3368 pro-

138 3377 255 3455 pellere,
279 3379 371 3438 multo
395 3381 489 3438 minus
511 3387 649 3457 poterunt
671 3378 825 3451 attrahere,
849 3387 877 3437 et
900 3395 955 3453 ego
978 3380 1121 3436 rationem
1144 3394 1202 3436 non
1219 3378 1304 3436 video
1321 3378 1494 3451 attrahendi,

139 3466 226 3525 video
255 3466 436 3543 propellendi
468 3474 496 3525 et
527 3465 672 3542 explicari
704 3469 733 3523 in
757 3464 877 3541 Optieis.
924 3464 974 3524 Sol
1005 3468 1081 3524 enim
1111 3465 1274 3540 ejaculatur
1297 3469 1423 3541 speeiem
1448 3469 1492 3522 sui

139 3560 169 3613 ei
191 3556 218 3613 ei
241 3557 349 3629 speciei
374 3558 513 3630 competit
526 3557 612 3621 ‚actio
636 3556 665 3611 in
688 3552 810 3626 colores,
835 3570 956 3628 quorum
973 3552 1169 3612 definitionem
1187 3553 1346 3627 ingreditur
1363 3555 1494 3612 materia.

138 3639 222 3699 Haec
244 3643 333 3716 igitur
355 3641 387 3700 fit
410 3642 559 3718 propulsio
583 3642 620 3699 nd
645 3659 774 3699 normam
791 3650 922 3699 motuum
939 3642 1086 3712 usitatam,
1110 3640 1163 3699 iila
1177 3643 1313 3700 attractio
1329 3657 1386 3698 non
1404 3640 1494 3699 habet

140 3729 305 3804 exemplum
336 3730 421 3788 nobis
452 3735 563 3788 uotum.
613 3728 738 3804 Vaporis
768 3745 837 3787 vero
861 3729 1019 3803 exspiratio
1043 3744 1145 3786 versus
1168 3727 1268 3787 Solem
1291 3744 1348 3786 non
1372 3737 1415 3786 est
1439 3731 1494 3785 im·

139 3815 267 3876 mediate
290 3835 308 3876 a
332 3816 418 3891 Sole3
450 3815 502 3876 Sol
524 3816 674 3888 calefacit,
698 3815 778 3874 calor
802 3822 947 3887 attenuat,
978 3823 1162 3874 attenuatum
1185 3818 1300 3890 quaerit
1323 3815 1493 3892 ampliorem

140 3903 251 3974 locam,
279 3903 362 3963 locas
390 3909 473 3980 patet
501 3905 575 3963 inter
603 3906 755 3963 materiam
784 3909 813 3962 et
835 3902 950 3962 Solem:
982 3904 1025 3960 sio
1048 3905 1136 3978 igitur
1158 3918 1251 3977 vapor
1274 3905 1402 3978 exspirat
1425 3920 1493 3961 ver-

139 4008 189 4051 sas
212 3990 322 4051 Solem.

244 4079 289 4138 De
319 4077 377 4136 iilis
408 4077 627 4151 consumendis,
659 4085 683 4136 ei
713 4076 862 4154 pellacida
892 4083 1003 4148 esseut,
1035 4093 1105 4135 vera
1126 4077 1251 4152 objicis3
1284 4084 1313 4134 at
1337 4094 1391 4151 ego
1415 4093 1493 4151 pono

139 4164 189 4226 fila
212 4184 286 4239 esse,
310 4165 367 4224 hoc
389 4172 513 4225 estnon
539 4168 642 4239 vitrea,
665 4183 723 4224 non
748 4163 926 4241 crystallina,
951 4163 1002 4222 sed
1025 4166 1148 4223 materia
1171 4162 1394 4221 consumtibilis.

243 4254 344 4326 Putas,
369 4254 551 4330 impossibile
574 4254 644 4324 iore,
668 4261 701 4310 ut
723 4260 838 4311 cometa
861 4268 976 4309 cursam
999 4269 1083 4310 suurn
1103 4249 1141 4309 ad
1156 4252 1366 4326 praescriptum
1384 4250 1493 4309 intelli-

139 4340 257 4413 gentiae
285 4347 399 4414 tenent,
429 4342 453 4399 si
477 4340 567 4399 Terra
595 4347 756 4399 moveatur.
803 4338 882 4400 Ohel
914 4337 1039 4397 Possum
1067 4356 1137 4414 ego,
1169 4338 1259 4396 Terra
1281 4337 1381 4396 mobili
1406 4355 1493 4413 prae-

139 4429 301 4503 supposite,
326 4435 457 4488 cometae
481 4428 676 4504 trajrsetoriam
700 4427 819 4487 definire
842 4425 1038 4497 mediocriter,
1062 4434 1091 4485 et
1113 4442 1171 4483 non
1195 4426 1286 4499 possit
1311 4423 1361 4481 illa
1385 4425 1494 4482 inteili-

140 4517 240 4589 gentia
263 4516 370 4576 Terrae
393 4514 492 4574 mobili
517 4515 737 4574 accommodare
760 4532 874 4573 cursum
895 4513 1051 4573 cometae?
1075 4511 1182 4570 Terrae
1206 4519 1315 4569 moturn
1340 4513 1493 4586 impugnas

140 4601 372 4662 consideratione
396 4610 583 4679 aspectuum:
617 4602 695 4679 quod
720 4619 789 4660 vero
813 4604 871 4671 ais,
903 4603 1045 4659 rationem
1068 4597 1193 4670 dictare,
1219 4606 1248 4655 ut
1273 4607 1410 4672 aspectus
1435 4601 1493 4656 sint

140 4688 274 4748 fortiores
297 4691 326 4749 in
350 4698 448 4751 centro
472 4708 559 4766 quam
584 4698 665 4751 extra
688 4689 726 4759 id,
750 4688 923 4749 deductione
948 4705 1022 4762 opus
1046 4686 1145 4746 habet.
1183 4685 1336 4744 Rationem
1354 4703 1409 4761 ego
1426 4685 1494 4742 nul-

140 4775 199 4837 lam
227 4775 331 4853 videor
360 4796 428 4838 nam
451 4777 522 4856 quid
546 4777 676 4838 conferat
697 4784 827 4838 centrum
850 4773 949 4834 mundi
972 4782 1144 4850 aspectuum
1167 4772 1375 4850 colligationi‘l
1412 4770 1494 4832 Geo-
