3284 5520
485 307 528 363 De
545 307 719 377 septuaginta
737 306 951 365 hebdomadibus
969 308 997 362 in
1016 306 1140 365 Daniele.
1429 307 1493 376 819

139 482 197 541 illis
220 485 380 560 posterior,
408 492 461 544 aut
489 484 564 545 alias
587 487 760 562 imperitior,
792 489 862 562 quia
891 485 983 545 multa
1014 484 1166 545 contundit
1187 493 1217 544 et
1245 485 1360 545 sinistre
1383 487 1493 559 recitat,

139 587 215 646 quae
238 572 362 631 tortasse
386 590 475 632 causa
497 574 566 645 init,
591 591 641 633 cur
663 573 867 650 negligeretur.
902 571 987 648 Quod
1005 582 1037 632 ut
1052 580 1133 633 tauto
1150 571 1265 631 facilius
1281 580 1424 650 appareat
1446 581 1494 632 at·

139 675 195 732 que
220 666 251 716 ut
280 659 316 716 Ι).
345 659 381 716 l).
406 658 530 717 studiosi
555 660 681 734 videant,
706 678 764 737 quo
789 663 888 721 ordine
911 660 1037 736 legenda
1060 663 1117 718 sint
1139 658 1255 736 singula
1277 660 1380 720 horum
1402 660 1495 720 libro-

139 762 200 803 rum
225 748 339 821 capita,
364 749 611 823 comparationem
640 765 691 823 per
714 747 885 808 columellas
914 748 1054 822 subjicio,
1078 750 1107 805 in
1130 763 1254 822 quarum
1282 751 1375 825 prima
1405 750 1494 808 series

139 835 193 893 erit
220 831 361 895 historiae
391 853 427 893 ex
457 833 538 895 llbris
567 836 797 911 antiquioribus,
826 839 855 893 in
886 835 1077 911 sequentibus
1108 837 1244 913 repetitio
1274 853 1309 894 ex
1340 834 1422 894 libris
1445 853 1494 895 se·

141 918 297 980 cundariis.

243 1013 434 1078 comparatione
452 1017 500 1065 hac
517 1015 583 1067 tacta
601 1017 637 1064 sic
655 1017 737 1079 pergit
754 1012 892 1079 Koplarus:
931 1006 1076 1067 Absoluto
1108 1007 1181 1067 libro
1210 1008 1233 1068 I.
1259 1007 1369 1069 Esdtae
1400 1011 1493 1084 primo

140 1098 278 1171 temporis
299 1096 399 1154 ordino
418 1096 549 1156 succedit
571 1094 645 1153 liber
661 1094 699 1165 ll,
717 1111 804 1170 quem
828 1105 857 1153 et
878 1094 984 1154 librum
999 1094 1158 1155 Nehemias
1183 1096 1352 1155 inscribunt.
1376 1095 1448 1171 Cap.
1467 1101 1494 1171 7,

141 1183 344 1242 abcidatur
372 1181 471 1259 aliqua
503 1183 550 1243 vcl
580 1191 742 1258 temporum
773 1181 817 1240 vel
848 1199 940 1241 rernm
970 1181 1099 1241 admissa
1131 1184 1279 1256 conlusio,
1313 1186 1495 1243 incertuma

140 1286 213 1345 quo,
245 1269 297 1329 sed
326 1270 427 1345 procul
462 1270 551 1329 dubio
581 1268 738 1329 Nehemias
770 1267 895 1328 dilucide
926 1271 1050 1344 scripsit.
1098 1271 1277 1346 Argumenta
1310 1273 1495 1346 pronunciati

141 1356 230 1431 hujus
259 1357 332 1418 haec
355 1366 437 1415 sunt:
465 1356 493 1435 1)
517 1358 619 1432 Capite
634 1364 661 1430 l,
676 1376 702 1413 v.
718 1362 746 1416 ὁ.
770 1355 921 1431 profitetur
949 1365 1065 1433 auctor,
1088 1375 1120 1417 se
1143 1361 1331 1434 repetiturum
1354 1376 1388 1418 ex
1414 1374 1495 1416 com·

140 1446 284 1503 meutario
307 1444 348 1503 nil
371 1445 428 1502 nisi
451 1444 617 1521 catalogum
640 1461 755 1514 eorum,
780 1446 830 1519 qui
854 1460 919 1502 cum
942 1444 1124 1504 Zorobabele
1147 1445 1346 1504 ascenderant.
1383 1445 1494 1504 Verum

139 1539 244 1607 postea
267 1548 324 1589 uun
347 1531 482 1591 homiues
505 1541 627 1606 tantum,
650 1530 701 1590 sed
727 1533 814 1590 etiam
836 1548 936 1606 pecus,
954 1547 1045 1606 equos
1068 1541 1097 1591 et
1119 1533 1214 1591 mulos
1230 1549 1329 1591 eorum
1352 1540 1492 1605 recenset,

141 1626 170 1678 et
199 1620 327 1678 contexit
357 1598 508 1677 historiam
536 1617 616 1676 illam
644 1621 674 1676 in
704 1620 911 1676 commentario
946 1621 1083 1694 scriptam
1114 1620 1254 1692 reterens,
1284 1619 1354 1694 quid
1383 1621 1493 1678 contri-

141 1706 257 1764 buerint
279 1708 424 1783 principes
447 1715 477 1765 et
499 1705 626 1783 populus
649 1704 687 1764 ad
710 1723 784 1781 opus
808 1704 918 1781 templi.
950 1704 1062 1780 Quodsi
1079 1707 1248 1784 quisdicat,
1271 1706 1345 1765 haec
1369 1706 1405 1765 de
1422 1710 1494 1766 conss
1603 1710 1607 1717 '

142 1793 298 1853 tributione
315 1810 393 1852 nova
408 1811 472 1853 esse
489 1791 687 1868 intelligenda,
703 1794 758 1850 sub
771 1791 914 1852 Nehemia
936 1792 1023 1865 lacta,
1048 1803 1148 1853 contra
1172 1812 1227 1868 ego
1251 1796 1396 1864 existimo,
1422 1812 1496 1852 ean-

142 1879 208 1939 dem
232 1897 310 1952 esse,
336 1898 412 1957 quae
439 1879 552 1941 1.Esd.
577 1887 606 1938 2.
631 1879 818 1954 describitnr;
842 1883 966 1956 primunr
990 1882 1059 1955 quia
1079 1881 1181 1940 eadem
1198 1899 1311 1941 summa
1327 1898 1377 1958 per
1398 1890 1495 1956 partes

139 1976 306 2027 recensetur
330 1975 357 2026 2.
384 1967 451 2027 tlsd.
478 1975 505 2041 l,
530 1984 606 2043 quae
632 1974 659 2026 1.
683 1966 752 2026 Esd.
777 1973 805 2027 2.
837 1966 981 2026 collectim
1004 1969 1137 2043 ponitur,
1167 1968 1243 2027 uude
1275 1971 1363 2028 etiam
1387 1970 1495 2041 evenit,

142 2062 175 2112 ut
196 2053 354 2129 pauculum
378 2062 558 2113 mutarentur
580 2055 688 2126 verba3
720 2053 824 2113 deiude
854 2058 1014 2128 quisante
1038 2064 1157 2131 etpost
1180 2057 1496 2118 haucsummumcx-

142 2159 272 2217 pressam
305 2142 408 2201 eadem
435 2150 504 2201 snut
534 2141 636 2214 verba,
661 2152 805 2226 commata
835 2149 864 2200 et
888 2141 966 2214 cola,
991 2149 1079 2217 atque
1102 2144 1189 2202 etiam
1221 2143 1293 2202 fines
1315 2145 1445 2218 capitum
1468 2150 1498 2201 et

141 2231 224 2288 initia
248 2247 331 2305 seqq.
348 2232 494 2305 capitum:
520 2245 589 2303 ergo
612 2236 657 2287 est
679 2245 759 2286 mera
782 2231 929 2304 repetitio;
955 2231 1056 2300 tertio,
1081 2246 1130 2288 cur
1161 2231 1208 2288 bic
1231 2238 1402 2302 recenseret,
1426 2227 1497 2306 quid

140 2314 178 2374 ad
200 2334 273 2392 opus
290 2317 529 2388 contribueretur,
553 2332 617 2373 curn
641 2325 737 2375 tamen
752 2314 788 2373 de
804 2331 839 2374 eo
855 2314 949 2374 dicere
974 2316 1142 2389 instituerit,
1166 2317 1314 2392 quomodo
1338 2333 1377 2375 sc.
1396 2318 1497 2376 urbem

143 2421 266 2462 vacuam
299 2405 413 2462 civibus
446 2403 611 2479 repleverit.
658 2402 755 2478 Atque
778 2401 852 2461 adeo
875 2402 931 2461 huc
954 2414 998 2461 est
1025 2403 1087 2478 jam
1111 2403 1271 2464 secuudum
1293 2411 1496 2479 argumentum

141 2490 266 2566 alicujus
290 2492 485 2561 confusionis,
510 2489 607 2566 quod,
638 2506 704 2548 cum
727 2491 764 2547 ab
789 2492 871 2547 initio
896 2508 957 2565 cap.
984 2497 1012 2548 7.
1036 2490 1193 2550 Nehemias
1220 2491 1421 2566 suspendisset
1444 2508 1497 2549 ex-

140 2581 349 2652 spectationem
374 2578 490 2636 lactoris
514 2577 550 2636 de
574 2577 644 2635 urbe
667 2586 754 2634 auctu
778 2579 900 2650 civibus,
924 2586 1028 2653 postea
1051 2578 1188 2637 absoluto
1204 2579 1341 2652 catalogo
1357 2576 1497 2637 reducum

142 2681 206 2740 cap.
232 2666 261 2726 8.
286 2665 373 2723 aliam
397 2665 557 2733 historiam,
581 2664 668 2739 priori
692 2662 820 2722 nondum
843 2675 983 2739 perterre,
1008 2664 1126 2738 orditur,
1151 2666 1187 2724 de
1211 2667 1335 2725 lectione
1359 2664 1443 2740 legis.

187 2780 190 2785 ·
245 2752 376 2810 Tertium
399 2761 602 2827 argumentum
625 2754 747 2809 sumitur
770 2771 787 2810 a
810 2751 953 2827 qualitate
976 2750 1113 2812 historiae
1137 2754 1165 2809 in
1182 2772 1246 2829 cap.
1264 2759 1369 2812 8-10
1394 2752 1495 2811 Nehe-

141 2840 217 2898 miae
241 2839 412 2915 descriptae.
457 2838 532 2897 Nam
563 2840 592 2895 in
623 2838 681 2896 illis
704 2840 849 2913 capitibus
880 2856 1005 2916 persona
1031 2842 1189 2916 praecipua
1213 2848 1257 2900 est
1281 2839 1398 2912 Esdras,
1421 2842 1498 2898 sicut

141 2934 170 2984 et
193 2927 221 2983 in
245 2925 318 2985 libro
343 2926 461 2997 Esdrae,
485 2926 645 2985 Nehemias
671 2943 738 2984 veru
762 2925 874 2985 nullum
896 2927 1004 2986 lactum
1027 2927 1189 2987 solitarium
1216 2931 1280 2987 sive
1308 2929 1496 3003 praecipuum

141 3024 314 3075 recensetur.
360 3012 531 3088 Cujusmodl
553 3022 598 3072 est
620 3021 648 3071 et
672 3013 727 3070 boc

331 3108 467 3176 quartum
496 3111 713 3175 argumentum,
737 3099 815 3174 quod
843 3099 1000 3160 Nehemias
1025 3102 1132 3177 ubique
1164 3104 1193 3159 ln
1222 3118 1276 3160 suo
1305 3100 1379 3159 libro
1405 3100 1441 3158 de
1465 3117 1496 3159 se

140 3186 270 3264 loquitur
293 3189 321 3244 in
345 3190 437 3265 prima
460 3204 593 3263 persona,
618 3189 647 3243 in
671 3187 716 3244 his
741 3203 809 3245 vero
832 3189 987 3262 capitibus,
1011 3189 1131 3265 perinde
1154 3206 1190 3250 aa
1213 3191 1240 3246 in
1264 3189 1314 3247 lib.
1334 3194 1361 3246 1.
1385 3187 1496 3247 Esdree

143 3274 203 3334 sere
227 3282 289 3333 toto
312 3275 441 3350 loquitur
463 3282 564 3333 auctor
587 3273 622 3333 de
646 3276 731 3333 tertia
753 3291 886 3350 persona.

247 3360 366 3435 Quinto.
411 3362 472 3420 Res
494 3371 595 3438 gestae
618 3363 714 3437 ipsae,
751 3378 814 3437 cap.
850 3367 965 3420 8—10.
991 3361 1152 3438 descriptae
1187 3363 1365 3421 conveniunt
1401 3363 1496 3436 magia

143 3448 251 3507 Esdrae
274 3458 303 3508 et
327 3452 495 3509 Artaxerxis
519 3467 595 3507 antro
620 3457 657 3523 t,
689 3465 775 3524 quam
807 3448 967 3508 Nehemias
999 3460 1028 3507 et
1052 3449 1219 3508 Artaxerxis
1242 3465 1319 3506 anuo
1345 3455 1396 3509 20.
1420 3448 1496 3507 Nam

143 3535 249 3594 Esdras
281 3539 309 3593 in
333 3536 362 3594 id
386 3555 403 3595 a
426 3555 494 3612 rege
518 3539 625 3595 missus
655 3544 731 3607 erat,
763 3544 795 3594 ut
825 3546 941 3612 gentem
969 3552 1053 3595 suam
1082 3539 1111 3593 in
1142 3537 1256 3612 legibus
1285 3539 1387 3612 patriis
1410 3538 1497 3594 iusti-

142 3630 245 3697 tueret,
270 3623 348 3699 quod
372 3624 419 3682 hic
441 3624 502 3682 ficri
525 3624 659 3699 legimus,
683 3623 848 3695 Nehemias,
874 3631 905 3681 ut
928 3623 1027 3682 urbem
1052 3625 1234 3682 instauraret.

246 3711 345 3770 Serto.
391 3710 560 3769 Absurdum
589 3720 648 3784 est,
680 3710 802 3768 Esdram
833 3712 954 3769 missurn
983 3728 1046 3770 esse
1077 3710 1113 3770 ad
1142 3709 1363 3770 restaurandam
1384 3726 1497 3769 sacram

141 3795 273 3872 politiam
302 3808 331 3857 ct
353 3804 451 3857 tamen
481 3801 565 3857 annis
591 3803 629 3856 14
657 3806 761 3872 postea
785 3797 900 3856 demum
919 3798 1009 3872 Jurari
1040 3801 1068 3856 in
1092 3798 1173 3873 leges
1196 3797 1309 3857 solenni
1332 3798 1416 3857 testo.
1461 3796 1496 3856 ld

141 3892 240 3942 autem
272 3895 455 3962 sequeretur,
479 3888 503 3943 si
534 3893 740 3955 statueremus,
765 3883 828 3957 illa,
859 3902 934 3960 quae
958 3903 1022 3961 cap.
1048 3885 1251 3945 8—10Neh.
1285 3884 1496 3956 describuntur,

141 3971 283 4032 accidisse
315 3973 370 4032 sub
399 3972 549 4031 Nehemia.
595 3971 669 4030 Nam
699 3988 763 4046 cap.
788 3979 817 4033 9.
840 3980 869 4030 et
895 3978 942 4031 10.
973 3972 1129 4032 admodum
1163 3970 1293 4031 solennis
1326 3970 1499 4031 describitur

142 4057 238 4133 legum
261 4076 409 4118 sacrarum
433 4058 625 4131 introductio,
657 4060 817 4134 praemisso
846 4058 970 4135 hymno,
1006 4078 1064 4135 quo
1098 4068 1266 4136 repetuntur
1295 4061 1390 4133 gentis
1420 4059 1499 4115 auti-

141 4148 278 4221 quitates,
295 4148 493 4221 subsequente
517 4146 633 4206 loedere
658 4155 687 4205 et
708 4146 893 4222 signantibus
915 4145 1019 4205 foedus
1042 4149 1178 4206 omnibus
1200 4146 1388 4222 principibus.
1425 4143 1499 4203 Cum

140 4241 239 4292 autem
271 4233 329 4293 tale
363 4233 433 4309 quid
462 4232 594 4309 legamus
627 4240 653 4292 1.
677 4234 764 4305 Esd,
795 4234 865 4292 lacit
889 4234 1059 4308 verisimile,
1091 4233 1147 4293 boc
1170 4243 1259 4309 caput
1289 4239 1337 4291 10.
1369 4232 1435 4290 libri
1458 4230 1498 4289 lI.

141 4322 298 4381 cohaerere
321 4339 387 4381 cum
411 4321 513 4379 ultimo
537 4322 632 4397 capite
656 4319 720 4379 libri
745 4320 768 4378 l.

245 4408 388 4485 Septimo.
435 4414 464 4468 2.
488 4407 557 4466 llsd.
584 4414 611 4467 8.
637 4427 663 4466 v.
690 4410 718 4466 9.
741 4407 883 4482 legimus,
915 4407 1056 4483 populum
1079 4407 1227 4483 plorasse,
1251 4405 1352 4465 audita
1374 4404 1500 4464 lectione

140 4495 224 4571 legis.
271 4496 386 4556 Accidit
417 4502 515 4554 antem
544 4494 574 4554 id
604 4498 632 4552 iu
662 4512 692 4554 re
722 4512 800 4553 nova
830 4503 859 4553 et
889 4496 1034 4554 insolenti.
1081 4496 1171 4570 Atqui
1199 4495 1254 4553 sub
1276 4492 1419 4553 Nehemia
1441 4507 1499 4551 non

141 4590 204 4642 erat
230 4582 372 4657 insolens,
396 4583 454 4659 legi
477 4583 583 4642 librum
614 4581 705 4656 legis,
736 4582 790 4640 sub
815 4580 906 4640 Esdra
932 4598 1000 4640 vero
1023 4584 1135 4640 ratione
1163 4581 1250 4640 officii
1274 4588 1335 4640 erat
1357 4580 1413 4639 boc
1435 4579 1499 4638 lac·

141 4676 203 4728 tum
226 4673 432 4732 necessarium.
477 4670 515 4730 Et
536 4669 596 4728 tale
626 4668 696 4745 quid
720 4671 807 4727 etiam
838 4667 963 4743 legimus
989 4675 1015 4727 1.
1032 4668 1114 4728 Esdr.
1135 4669 1186 4727 ult.
1212 4687 1241 4727 v.
1259 4675 1287 4742 9,
1311 4684 1380 4744 ergo
1411 4668 1501 4725 etiam

140 4754 215 4819 haec
242 4757 410 4834 conjectura
440 4766 503 4833 est,
532 4756 607 4819 haec
635 4763 824 4817 connererse
851 4758 949 4832 capita
977 4773 1041 4816 esse
1071 4754 1277 4833 subjungenda
1298 4752 1372 4814 libro
1394 4754 1498 4832 primo.

1216 4855 1289 4918 52*
