3284 5520
146 318 211 385 114
445 400 448 404 ι
651 317 694 370 De
712 316 831 372 Cometis
848 316 932 371 libelli
951 316 998 370 lll.

145 495 180 555 Id
193 492 324 571 quotidie
348 511 447 554 rerum
463 497 634 571 experimur,
659 495 689 552 id
706 502 867 572 sequuntur
889 493 1057 565 tribunalia,
1081 496 1170 553 etiam
1193 510 1259 553 oum
1282 493 1318 553 de
1342 492 1503 553 fortissimo

145 585 252 642 amoris
274 583 378 641 affeetu
403 582 496 658 deque
520 583 659 642 imbecilli
682 583 808 642 femineo
831 584 903 642 se'xu
926 583 1032 658 agitur.
1080 580 1173 640 Credo
1196 580 1347 656 equidem,
1376 583 1410 651 ju
1432 598 1501 657 per-

143 669 246 747 plexas
276 669 500 729 deliberationes
524 672 611 728 luisse
634 678 810 745 pertractum
833 687 931 745 regem
956 671 1097 744 optimuru
1120 687 1139 726 a
1161 666 1348 742 consiliariis,
1382 666 1502 726 diversa

142 757 349 830 suadentibus,
382 757 428 815 bis
451 756 687 831 dehortantibus,
722 760 825 817 ceteris
857 775 892 815 ac
920 759 1077 832 praecipue
1104 755 1244 815 militibus
1267 754 1501 815 subsedentibus

143 844 296 919 frigidam
321 843 406 903 eretlo
430 854 459 903 et
482 845 519 902 ob
544 845 645 904 oeulos
669 862 745 921 pono
769 845 995 903 acclamationes
1018 854 1046 901 et
1068 844 1280 919 gratulationes
1302 841 1400 917 vulgi,
1425 859 1500 917 quse

143 950 239 1007 regern
271 949 336 990 euru
365 932 522 990 fortissimo
552 935 679 991 exercitu
710 932 802 991 classe
833 948 992 990 conscensa
1021 931 1227 1005 sequebantur.
1274 931 1408 1005 Atquin
1433 933 1500 987 vicit

146 1018 196 1078 illa
225 1018 423 1077 consultorum
452 1036 535 1094 pars,
567 1021 714 1094 aquibus
743 1019 841 1077 stabat
863 1021 940 1094 regis
963 1018 1098 1090 allectus,
1134 1018 1221 1094 eulpa
1242 1035 1261 1076 a
1282 1016 1498 1076 consultoribus

144 1106 181 1164 ad
206 1122 301 1182 regem
325 1106 473 1164 domiuum
494 1106 594 1180 rediit;
627 1105 714 1165 hodie
738 1108 825 1182 igitur
848 1106 916 1165 illae
940 1106 1019 1181 vulgi
1044 1121 1132 1163 voees
1155 1105 1247 1164 salsae
1269 1104 1498 1179 conquieverunt

146 1201 175 1252 et
197 1210 263 1251 eum
278 1194 447 1251 auctoribus
471 1195 632 1252 exstinctae
648 1201 728 1265 sunt,
753 1195 832 1251 lama
849 1209 917 1253 vero
939 1192 1014 1251 haee
1030 1191 1200 1252 immortalis
1223 1199 1275 1266 est,
1299 1208 1376 1268 quae
1400 1208 1496 1266 regum

143 1279 275 1355 perhibet
298 1279 426 1338 noluisse
449 1280 551 1340 cedere
575 1282 704 1339 consiliis
727 1280 910 1356 prudentum.

246 1365 332 1425 Hauc
354 1370 440 1443 igitur
463 1385 582 1426 causam
606 1367 769 1426 naturalem
793 1385 857 1427 esse
880 1376 968 1443 puto,
994 1384 1070 1442 quae
1093 1375 1236 1437 cometas,
1262 1363 1354 1438 bella,
1378 1365 1493 1434 tamem,

143 1462 256 1529 pestem
287 1462 441 1530 ceteraque
470 1455 548 1514 mala
577 1472 636 1513 uno
665 1453 805 1513 fasciculo
836 1455 1006 1531 plerumque
1037 1463 1200 1513 connectat.
1246 1451 1360 1528 Quibus
1383 1454 1495 1528 positis,

143 1540 278 1616 equidem
301 1540 409 1616 largior
421 1541 483 1617 iarn
507 1542 563 1601 boc
582 1542 748 1616 astrologis,
772 1558 832 1614 cos,
856 1558 979 1616 quorum
1002 1558 1143 1616 geneseos
1165 1542 1323 1616 praecipua
1343 1540 1412 1598 loca
1434 1557 1495 1597 cum

144 1637 259 1687 cometa
285 1631 406 1705 propius
436 1632 638 1700 consentiunt,
672 1646 742 1705 prae
771 1631 873 1687 ceteris
906 1628 1107 1688 vehementius
1136 1630 1266 1687 iulestsri
1295 1636 1324 1686 et
1353 1627 1495 1685 stimulari

141 1733 193 1775 seu
209 1714 247 1774 ad
272 1716 348 1775 bona
363 1733 415 1775 seu
439 1716 477 1775 ad
492 1717 578 1790 mala,
603 1726 689 1792 prout
704 1716 846 1792 cujusque
870 1716 953 1775 dotes
971 1719 1060 1774 animi
1086 1716 1191 1773 luerint
1214 1712 1381 1794 (diligenter
1396 1720 1496 1773 notent

143 1806 200 1862 mei
222 1800 332 1879 momi).
1178 1848 1194 1872 ,

244 1892 344 1965 Atque
373 1889 447 1949 haee
477 1890 617 1949 haetenus
646 1889 682 1949 de
705 1888 829 1949 naturali
854 1891 957 1949 ellectu
981 1898 1167 1948 cometarum.
1213 1887 1323 1948 Verum
1346 1890 1495 1947 enimvero

142 1994 192 2049 ea,
229 1978 335 2052 quibus
365 1986 484 2035 utuntur
513 1976 653 2053 astrologi
686 1977 791 2054 vulgo,
824 1977 940 2036 decreta
970 1976 1208 2053 explicandorum
1230 1983 1408 2035 cometarum
1438 1992 1495 2035 non

142 2062 277 2123 videntur
300 2066 395 2123 causis
418 2065 614 2136 naturalibus,
638 2082 733 2140 noque
756 2065 851 2123 solum
874 2067 1036 2136 concausis,
1062 2064 1097 2122 de
1121 2064 1228 2140 quibus
1249 2063 1400 2136 hacteuus,
1425 2079 1496 2120 eou-

142 2157 222 2210 tenta
245 2169 323 2224 esse,
358 2151 408 2210 sed
432 2151 518 2226 plane
543 2151 631 2210 alium
655 2155 743 2211 etium
766 2152 949 2227 significandi
972 2151 1091 2211 modum
1115 2163 1195 2209 extra
1218 2167 1369 2210 causarum
1393 2152 1496 2209 seriem

142 2255 288 2297 accersere
317 2247 346 2297 et
378 2249 506 2298 cometas
537 2238 708 2315 simpliciter
730 2241 814 2315 signa
837 2240 932 2299 lacere
954 2256 1049 2299 rerum
1072 2240 1242 2297 suturarum.
1288 2236 1325 2295 Et
1344 2236 1495 2296 latendum

141 2334 200 2397 est,
234 2328 365 2383 innatum
397 2344 462 2386 esse
494 2326 709 2402 quodammodo
740 2327 921 2399 homiuibus,
954 2330 1097 2401 respicere
1128 2325 1166 2383 ad
1194 2332 1370 2385 cometarum
1400 2327 1495 2383 varias

142 2412 324 2471 conditiones
340 2429 440 2472 cursus
457 2414 592 2487 ordinati,
615 2415 737 2485 contusi,
762 2415 872 2485 directi,
887 2413 1056 2487 retrogradi,
1080 2413 1252 2486 stationarii,
1276 2411 1388 2484 celeris,
1412 2410 1495 2482 tardi,

140 2499 247 2575 plagae
269 2517 321 2559 sen
345 2509 441 2559 motus
463 2519 515 2560 seu
539 2500 665 2574 caudae,
697 2501 815 2570 coloris,
841 2500 1034 2572 claritudinis,
1059 2501 1260 2572 obscuritatis,
1283 2496 1388 2557 domus
1412 2498 1494 2570 coeli,

140 2589 216 2662 signi
247 2587 358 2646 zodiaci
383 2590 410 2645 in
434 2590 592 2664 principio,
625 2587 720 2647 medio
744 2596 773 2647 et
795 2588 866 2659 line,
895 2586 1149 2647 constellationum
1172 2589 1321 2663 uniusque
1345 2589 1493 2662 temporis,

141 2673 349 2746 diuturnitatis,
373 2675 596 2749 culminationis,
623 2675 833 2747 verticalitatis,
856 2675 1100 2734 horizontalltstis
1123 2682 1151 2734 et
1173 2673 1319 2733 similium.

245 2759 357 2836 Quodsi
381 2780 440 2821 una
461 2764 602 2835 latemur,
626 2781 683 2821 non
707 2762 793 2838 plane
815 2762 1028 2838 repudiandam
1042 2754 1115 2821 'esse
1138 2761 1217 2821 illam
1239 2761 1493 2820 rationemrinter·

142 2847 275 2925 pretandl
298 2858 436 2920 cometas,
461 2867 536 2925 quae
559 2850 731 2909 naturaliter
752 2850 887 2909 omnibus
910 2848 1026 2908 videtur
1048 2866 1181 2924 quaeque
1204 2865 1262 2906 uon
1284 2863 1349 2907 raro
1372 2862 1493 2924 scopum

140 2939 321 3011 assequitur,
350 2945 466 3011 oportet
489 2939 576 3012 igitur
597 2946 734 3009 naturae,
759 2955 817 3013 qua
840 2937 982 2995 hactenus
1006 2936 1153 2994 lueraruus
1175 2937 1311 3007 conteuti,
1334 2933 1493 3011 adjungere

140 3022 246 3081 altiora
260 3025 413 3098 principia.
452 3023 575 3081 Cometa
590 3025 698 3101 quippe
720 3027 782 3099 ipse
798 3042 850 3100 per
871 3042 972 3082 auram
988 3023 1155 3083 aetheream
1169 3032 1248 3083 recto
1264 3031 1345 3081 motu
1368 3023 1491 3096 trajecit,

140 3112 258 3185 ignarus
272 3106 308 3187 (si
324 3113 411 3168 etiam
426 3109 573 3169 hominem
588 3110 670 3168 illum
686 3128 750 3169 osse
765 3111 867 3186 liugas,
891 3114 1003 3170 ratione
1021 3112 1174 3184 utentem),
1198 3108 1292 3186 qualis
1308 3111 1492 3186 appariturus

140 3199 179 3253 sit
194 3196 241 3254 hie
263 3213 333 3253 suus
351 3206 446 3254 motus
463 3197 492 3253 in
507 3196 613 3256 Terris.
651 3198 765 3272 Itaque,
790 3208 821 3256 ut
835 3198 890 3256 sub
907 3201 991 3257 certis
1008 3198 1082 3257 coeli
1105 3197 1177 3256 locis
1192 3197 1300 3255 Terrae
1321 3211 1492 3273 repraesen-

142 3290 219 3342 tetur
249 3292 363 3342 corneta
396 3293 485 3360 utque
514 3301 612 3343 eorum
646 3284 774 3344 locorum
804 3284 982 3343 adminiculo
1012 3284 1174 3361 significare
1205 3284 1371 3342 homiuibus
1401 3284 1492 3360 possit

141 3370 201 3442 illa,
226 3386 302 3444 quae
317 3370 434 3447 placent
450 3371 527 3443 huie,
551 3371 631 3446 quod
646 3374 827 3448 inquirimus,
851 3374 1002 3450 principio,
1021 3380 1135 3450 oportet
1148 3372 1347 3446 trajectiouem
1362 3378 1492 3429 cometae

141 3457 179 3515 ab
207 3455 308 3531 aliqua
339 3460 464 3527 ratione,
499 3461 675 3532 geometriae
704 3461 852 3535 totiusque
881 3459 955 3518 adeo
979 3459 1078 3517 mundi
1101 3459 1378 3534 intelligentissima,
1414 3460 1491 3534 prius

143 3542 268 3602 ordinari
299 3551 328 3602 et
357 3547 515 3603 mensurari
546 3544 679 3621 adeoque
708 3545 862 3618 destinari,
896 3550 960 3605 sire
993 3547 1074 3606 Deus
1103 3549 1166 3623 ipse
1195 3549 1248 3617 sit,
1281 3548 1343 3603 sire
1373 3546 1491 3621 spiritur

141 3632 349 3706 potentissimi,
374 3633 466 3690 saneti
491 3649 584 3707 aeque
607 3650 642 3691 ae
664 3633 813 3711 malevoli,
836 3635 895 3708 qui,
919 3642 950 3691 ut
975 3637 1002 3691 in
1025 3632 1178 3711 prophetia
1200 3632 1332 3691 Danielis
1356 3630 1488 3708 legimus,

144 3719 271 3793 integras
306 3720 472 3794 provincias
502 3727 555 3776 aut
589 3728 704 3778 tuentur
734 3731 784 3779 aut
818 3721 935 3779 turbant
966 3738 1058 3796 eoque
1089 3722 1206 3779 nomine
1237 3736 1334 3779 secum
1365 3720 1491 3777 inricen

143 3812 291 3882 pugnant,
324 3806 388 3863 sire
418 3804 541 3879 denique
571 3808 689 3883 spiritus
713 3809 917 3868 imbecilliores
940 3807 1193 3880 administrantes,
1227 3824 1315 3865 aurae
1338 3805 1490 3865 aethereae

141 3891 266 3957 incolae,
290 3908 378 3966 quam
402 3889 560 3950 doctrinam
584 3894 726 3955 tradidere
750 3895 868 3967 Thales,
892 3895 1085 3971 Pythagoras,
1109 3897 1213 3970 partim
1237 3903 1266 3953 et
1288 3892 1385 3951 Plato.
1431 3892 1490 3951 Nee

141 3981 218 4038 enirn
242 3976 307 4037 ideo
331 3976 436 4036 salsum
461 3989 519 4047 est,
547 3979 593 4038 his
616 3982 766 4056 spiritibus
789 3983 905 4059 plenum
930 4000 994 4042 esse
1018 3982 1171 4055 mnndum,
1196 3983 1266 4057 quia
1288 3980 1342 4038 hos
1365 3979 1418 4052 illi,
1439 3980 1489 4053 qqi

140 4065 196 4125 hoc
228 4063 375 4139 dixerunt,
410 4064 475 4124 loco
498 4067 554 4125 Dei
584 4068 737 4129 coluerunt
766 4077 817 4128 aut
846 4071 1004 4144 theurgicis
1032 4069 1287 4146 superstitionibus
1309 4064 1489 4142 adjurarent

139 4151 188 4212 Sic
205 4154 282 4213 enim
306 4169 401 4227 nequo
416 4152 467 4211 Sol
485 4170 579 4229 neque
594 4154 696 4215 stellae
713 4159 877 4229 existerent,
902 4160 972 4232 quia
986 4156 1040 4216 has
1055 4157 1107 4231 illi,
1132 4158 1181 4232 qui
1204 4155 1239 4215 de
1262 4156 1297 4213 iis
1320 4153 1489 4225 docunun,

139 4239 220 4301 Deos
243 4256 307 4299 esse
332 4239 521 4299 tradiderunt.

243 4327 351 4399 Neguri
383 4344 441 4385 nou
471 4335 583 4404 potest,
617 4329 654 4387 ab
685 4329 852 4405 hujusmodi
883 4332 1033 4408 spiritibus
1062 4331 1130 4391 olim
1161 4328 1327 4388 hominibus
1349 4342 1488 4405 respousa

140 4412 210 4473 data
224 4431 258 4472 er
277 4412 371 4487 idolis,
390 4415 563 4491 quercubus,
580 4414 663 4488 lueis,
681 4419 780 4490 antris,
805 4417 980 4476 animalibus
995 4417 1187 4495 absurdisque
1204 4417 1331 4494 eorporis
1348 4416 1487 4493 partibus,

138 4517 233 4576 neque
263 4518 343 4560 mora
376 4501 550 4578 simplicium
579 4502 711 4581 deceptio
739 4505 793 4563 luit
822 4508 995 4582 aruspicina.
1043 4507 1132 4565 Erant
1155 4507 1230 4565 euim
1255 4506 1313 4562 ista
1334 4501 1487 4562 daemonia

139 4589 167 4644 iu
202 4588 307 4647 aribus
337 4606 387 4665 per
418 4593 513 4649 adrem
546 4590 701 4667 dirigendis
736 4608 876 4669 operosa,
910 4595 1032 4668 quibus,
1066 4593 1131 4652 Deo
1161 4595 1360 4670 permittente,
1396 4588 1486 4649 muln

139 4672 304 4735 lronrinibus
323 4676 642 4753 praesignifieabautur.
681 4678 824 4756 Equidem
848 4688 877 4739 et
899 4679 986 4740 hodie
1010 4681 1153 4740 interdum
1176 4677 1308 4757 exempla
1331 4676 1487 4736 audiuntur

138 4763 333 4823 ominosarum
351 4766 460 4840 avium,
485 4764 641 4839 bubonum,
667 4768 824 4842 vulturum,
848 4767 1022 4844 aquilarum,
1046 4785 1208 4844 corvorum,
1231 4767 1287 4827 uisi
1303 4763 1383 4842 quod
1403 4770 1485 4824 unte
