3284 5520
138 360 204 431 726
763 353 862 409 Surus

242 535 342 596 Possit
363 535 472 611 aliquis
493 534 675 604 existimare,
699 531 824 591 uolitare
846 530 954 592 villosa
977 534 1034 591 ists
1057 538 1193 592 ramenta
1213 531 1354 592 solitaria
1375 534 1500 609 interque

140 624 306 687 cadendum
334 624 511 684 decussatim
539 636 712 680 concurrere
740 620 869 678 fortuito.
915 619 1026 680 Verum
1052 618 1082 677 id
1104 619 1212 679 tusum
1236 629 1293 680 est.
1340 620 1409 679 Non
1430 623 1500 679 euirs

137 720 281 791 perpetuo
305 715 397 784 trina,
428 727 487 769 non
517 711 546 765 in
573 709 692 784 punctis
715 706 836 779 mediis,
866 723 926 765 uon
949 707 988 766 ad
1010 723 1102 765 uuum
1124 715 1269 783 punctum
1291 717 1498 768 concurrerent

139 798 225 861 Adde
248 798 329 874 quod
352 797 415 856 villi
437 813 541 856 omues
563 813 582 853 a
604 802 703 854 centro
726 811 779 854 seu
802 792 907 853 stellae
929 811 983 854 scu
1006 795 1223 856 decussationis
1246 796 1389 872 geminae
1410 797 1497 854 arcrsi

139 896 300 947 extrorsum
323 888 519 963 porriguntur,
542 898 617 957 pene
641 890 673 940 ut
694 879 796 940 foliola
819 883 847 938 in
871 883 960 941 ramis
982 881 1128 957 abiegnis,
1152 881 1233 958 quod
1256 889 1434 959 argumento
1450 890 1498 953 est,

138 977 168 1032 in
199 981 298 1033 centro
327 971 453 1032 nidulari
484 972 544 1029 vim
571 970 767 1029 formatricem
795 968 921 1043 indeque
943 971 973 1026 in
997 986 1100 1028 omnes
1121 969 1228 1045 plagas
1251 969 1421 1046 aequaliter
1441 987 1499 1030 scre

138 1060 248 1121 didere.

243 1143 303 1206 Sed
324 1143 458 1202 fortassis
480 1144 554 1205 baec
576 1161 667 1203 eausa
689 1147 734 1201 cst
755 1144 843 1201 trium
867 1142 1085 1214 diametrorum,
1109 1140 1189 1217 qnod
1210 1141 1339 1202 totidem
1356 1152 1426 1202 suut
1439 1141 1500 1202 dia-

138 1234 224 1293 metri
245 1231 400 1309 plagarum
415 1233 444 1289 iu
461 1230 659 1291 animalibus?
682 1228 801 1289 Habent
816 1232 893 1287 enim
907 1246 1039 1305 superas,
1062 1228 1180 1302 inferas,
1203 1232 1379 1300 anteriores,
1401 1241 1498 1306 posts-

138 1323 240 1392 riores,
265 1319 407 1390 dexteras,
431 1319 563 1379 sinistrae
585 1326 693 1394 partes.
730 1315 762 1374 st
787 1319 852 1391 quis
874 1317 932 1377 hoc
954 1315 1069 1389 dixerit,
1092 1334 1175 1376 meaa
1198 1319 1225 1376 is
1244 1320 1381 1393 opinioni
1395 1335 1499 1394 appro-

139 1407 305 1485 pinquabit,
328 1404 382 1464 scd
405 1415 520 1483 praeter
536 1407 704 1483 opinionem
718 1405 749 1461 in
764 1402 914 1481 paradoxa
928 1403 1113 1480 pertrahetur
1127 1407 1320 1464 concessione
1335 1421 1402 1464 sua.
1436 1404 1497 1462 Pri-

139 1511 219 1554 mum
242 1495 320 1552 enim
344 1493 521 1566 consideret,
545 1509 621 1569 quae
643 1498 749 1551 natura
771 1494 809 1550 sit
831 1491 919 1566 hujus
942 1490 1064 1565 caloris,
1088 1508 1165 1567 quae
1188 1491 1415 1552 similitudinem
1438 1495 1498 1552 uui·

139 1581 225 1641 malis
241 1578 447 1639 architectatur
460 1583 488 1638 in
504 1580 621 1639 stellula
636 1579 721 1638 uiris.
752 1577 865 1637 Deinde
882 1578 992 1655 videat,
1007 1581 1055 1637 cui
1071 1577 1173 1638 tonat
1193 1576 1272 1653 Quid
1287 1581 1369 1638 euim
1384 1579 1498 1639 animali

140 1685 294 1731 commune
316 1683 383 1726 cum
405 1667 497 1728 nivei
529 1667 586 1726 Nix
609 1665 646 1726 ad
671 1667 776 1736 vitam,
807 1683 867 1740 qua
889 1672 982 1736 caret,
1014 1664 1110 1741 plagis
1133 1667 1197 1725 istis
1219 1682 1297 1743 opus
1320 1683 1380 1726 non
1403 1667 1497 1726 habet

141 1756 240 1815 Tertio
263 1754 434 1830 perpendat,
457 1757 536 1830 ipsas
559 1752 694 1812 animalis
717 1759 814 1828 partes
837 1769 895 1810 non
911 1760 972 1810 tam
988 1751 1026 1810 ad
1042 1751 1150 1828 figuras
1164 1755 1364 1827 geometricae
1379 1755 1498 1814 cubum·

141 1859 209 1918 que,
233 1844 357 1918 primam
379 1840 537 1900 solidarum
561 1840 732 1916 figurarum,
763 1838 844 1898 velut
867 1838 905 1897 ad
928 1839 1121 1916 archetypum
1143 1856 1230 1899 suum
1252 1841 1497 1911 accommodatas,

142 1946 232 2006 quam
252 1929 429 1987 necessitate
452 1926 582 2003 quadam
604 1925 642 1985 ad
664 1926 750 1985 tinam
775 1925 965 1986 obtinendum
988 1925 1123 1986 directas.
1168 1926 1269 1987 Prima
1296 1931 1378 1988 euim
1406 1930 1498 2004 superi

142 2024 171 2077 ιι
194 2015 278 2074 inferi
301 2013 449 2075 distinctio
471 2022 517 2075 est
540 2035 558 2074 a
579 2013 655 2084 loco,
680 2022 757 2088 quae
771 2012 940 2074 estTerrae
954 2013 1132 2090 superficies,
1154 2013 1245 2090 pedes
1261 2017 1353 2090 igitur
1368 2015 1498 2078 deorsum

143 2109 278 2181 vergunt,
302 2107 334 2160 ut
356 2110 457 2161 contra
478 2099 595 2178 pondus
618 2101 747 2179 corporis
764 2101 904 2175 nitantur,
928 2108 1018 2177 eaput
1032 2118 1147 2161 sursum
1161 2110 1215 2173 est,
1239 2111 1273 2160 ut
1287 2120 1398 2162 uersos
1412 2103 1497 2162 imbre

142 2197 307 2266 opportuno
331 2191 469 2248 continue
492 2189 649 2259 humectet,
672 2197 763 2263 utque
786 2188 864 2246 oculi
886 2197 915 2247 ct
937 2205 1023 2248 aures
1045 2187 1201 2265 aplanitia
1222 2192 1413 2250 remotissimi
1435 2189 1498 2266 plu·

142 2280 246 2336 rimam
268 2276 333 2351 ojus
356 2277 617 2335 circumferentiam
641 2277 669 2332 iu
693 2283 851 2351 conspectu
873 2274 1013 2347 babeant,
1037 2276 1198 2336 obstaculis
1220 2280 1353 2349 remotis,
1376 2277 1497 2353 denique

144 2370 178 2425 ut
199 2364 282 2425 cibus
306 2362 450 2439 pondere,
483 2372 569 2440 potus
597 2362 718 2422 humore
741 2377 796 2421 sno
818 2364 1028 2438 praecipitatus
1051 2365 1081 2420 in
1104 2381 1190 2423 suum
1212 2363 1310 2423 locum
1335 2365 1499 2436 descendet,

141 2468 240 2530 neque
263 2452 402 2510 continua
425 2452 472 2525 (ut
494 2453 522 2507 in
546 2448 655 2525 plantis
677 2466 736 2509 uno
751 2447 818 2508 loco
832 2448 912 2523 fixis)
935 2452 1109 2510 attractione
1132 2467 1207 2527 opus
1229 2451 1364 2511 baberet.
1403 2451 1499 2511 Altera

142 2540 258 2600 anticas
286 2545 316 2597 et
344 2539 476 2613 posticae
505 2537 653 2597 distinctio
683 2537 793 2596 tributa
821 2544 866 2596 est
892 2537 1091 2597 animantibus
1119 2537 1158 2597 ad
1188 2545 1285 2598 motus
1315 2538 1499 2610 exercendos,

143 2626 195 2702 qul
224 2627 255 2683 iu
285 2631 365 2684 recta
391 2623 471 2684 linea
494 2641 582 2701 super
604 2624 711 2684 Tenea
734 2622 914 2700 superficiem
938 2623 1032 2683 tendit
1053 2643 1073 2684 a
1094 2622 1160 2685 loco
1184 2624 1222 2687 ad
1245 2624 1355 2685 locum.
1401 2626 1500 2702 ltaque

143 2712 219 2771 duae
242 2712 298 2771 bae
321 2710 455 2772 diametri
477 2713 642 2772 necessario
666 2710 896 2785 orthogonaliter
918 2728 950 2771 se
972 2719 1075 2772 mutuo
1090 2720 1193 2773 secant
1206 2714 1388 2790 signentque
1403 2730 1501 2790 super·

143 2799 248 2861 ficiem.
294 2798 334 2857 At
356 2815 420 2859 cum
443 2798 583 2858 animalia
605 2815 663 2858 uon
686 2801 800 2875 possint
823 2815 887 2858 esse
910 2798 1095 2875 superficies,
1118 2799 1171 2860 scd
1192 2803 1362 2861 necessario
1385 2817 1501 2878 corpora

143 2888 310 2964 accipiant,
334 2889 449 2946 tertiam
473 2885 646 2946 diametrum
669 2884 763 2945 dextri
786 2893 816 2945 et
838 2886 946 2944 sinistri
970 2902 1007 2944 ex
1028 2888 1142 2948 ratione
1164 2887 1366 2966 corpulentiae
1388 2904 1501 2951 ncoesat

141 2977 199 3034 fuit
221 2972 376 3044 accedere,
408 2990 467 3048 qua
489 2972 522 3033 ιιι
544 2973 653 3032 animal
677 2974 762 3048 quasi
785 2975 945 3048 geminum,
977 2980 1010 3031 ut
1033 2982 1112 3033 esset
1135 2976 1276 3034 suumin
1299 2977 1420 3037 incessu
1443 2991 1501 3035 mo·

144 3062 242 3123 uentis
265 3067 295 3119 at
317 3061 389 3118 moti
406 3060 560 3119 discrimen
578 3060 707 3131 alternis.
745 3059 811 3118 Non
828 3061 925 3136 igitur,
949 3075 1026 3134 quae
1041 3061 1145 3120 cubica
1159 3069 1235 3135 sunt,
1259 3061 1390 3123 bominis
1405 3068 1502 3140 gerunt

143 3146 363 3208 similitudinem
387 3155 505 3224 propter
527 3147 657 3222 aliquam
681 3146 790 3223 figurae
813 3145 1066 3222 pulchritudinem,
1090 3147 1144 3208 scd
1159 3149 1248 3208 bomo
1266 3151 1336 3211 cubi
1352 3152 1503 3228 acquisivit

143 3234 372 3306 similitudinem,
396 3237 481 3310 quusi
507 3237 708 3294 concinnatam
733 3252 768 3292 ex
791 3236 882 3293 variis
904 3235 1007 3293 usibus
1030 3251 1083 3293 seu
1106 3235 1267 3296 elementis.

247 3321 352 3398 ltaque
368 3322 502 3381 omnibus
519 3323 702 3393 examinatis,
719 3339 794 3397 quae
814 3323 1015 3399 occurrebant,
1039 3323 1082 3380 sic
1098 3340 1153 3398 ego
1170 3326 1274 3397 sentio,
1290 3341 1416 3385 causam
1432 3324 1502 3401 figu-

144 3427 194 3469 rae
218 3411 249 3467 in
270 3412 339 3469 nire
364 3410 544 3486 sexangulae
573 3426 631 3468 non
654 3409 743 3467 aliam
766 3425 846 3481 esse,
881 3426 970 3484 quam
994 3426 1070 3484 quae
1094 3418 1139 3469 ιιι
1161 3411 1321 3486 figurarum
1347 3414 1377 3469 in
1401 3412 1501 3488 plantis

143 3496 342 3558 ordinatarum
364 3513 608 3571 numerorumque
633 3486 836 3556 constantium.
876 3498 920 3555 Ac
943 3513 1008 3555 cnm
1031 3497 1060 3553 in
1083 3497 1128 3556 bis
1151 3497 1223 3557 nibil
1247 3498 1299 3558 frat
1315 3500 1381 3559 siue
1397 3502 1502 3559 ratione

145 3602 269 3657 summa,
292 3601 350 3642 nou
374 3582 491 3658 quidem
515 3601 590 3659 quae
616 3582 747 3642 discursu
762 3585 995 3642 ratiocinationis
1011 3585 1185 3657 inveniatur,
1208 3584 1261 3644 scd
1277 3603 1357 3661 quas
1372 3589 1500 3664 primitus

144 3673 174 3729 iu
198 3673 335 3731 creatoris
359 3670 445 3730 fuerit
469 3671 591 3729 consilio
614 3679 644 3728 ιι
666 3671 704 3729 ab
728 3686 762 3728 eo
786 3672 928 3747 principio
951 3671 1102 3746 bucusque
1125 3690 1177 3748 per
1199 3674 1366 3734 mirabilem
1379 3674 1500 3735 faculta-

143 3767 204 3818 turn
228 3757 400 3818 animalium
423 3765 558 3817 naturam
582 3765 780 3835 conservetur,
803 3775 840 3817 ne
863 3760 892 3814 in
915 3760 983 3818 nive
1006 3757 1123 3834 quidem
1147 3759 1224 3820 banc
1247 3759 1416 3821 ordinatam
1430 3762 1499 3838 figu-

141 3863 203 3906 ram
227 3853 334 3904 temere
357 3847 481 3904 existere
504 3844 600 3904 credo.

247 3932 300 3990 Est
328 3933 418 4008 igitur
444 3931 569 3992 facultas
599 3931 749 3990 formatrix
777 3933 806 3988 iu
836 3947 956 4007 corpore
978 3929 1121 4004 Telluris,
1154 3932 1238 4008 eujus
1269 3932 1439 3996 vehiculum
1462 3940 1500 3995 cst

145 4036 246 4095 vapor,
271 4027 303 4077 ut
325 4020 453 4077 humana
477 4021 584 4091 anima,
608 4020 741 4094 spiritus;
765 4017 840 4077 adeo
863 4026 896 4077 ut
917 4017 1016 4077 nullus
1039 4023 1153 4096 uspiam
1178 4021 1286 4081 existat
1309 4038 1415 4097 vapor,
1438 4024 1500 4098 quio

143 4114 175 4164 ut
202 4106 299 4165 calore
323 4105 450 4181 quodam
475 4105 504 4164 id
533 4107 652 4166 effeetus
677 4112 735 4178 est,
766 4106 845 4182 quod
868 4123 932 4166 esse
955 4104 1074 4180 dicitur,
1106 4116 1178 4183 puta
1200 4124 1311 4185 vapor,
1344 4108 1499 4184 eodemque

143 4191 239 4253 calore
263 4201 469 4265 conservatur,
494 4201 527 4251 ut
549 4193 577 4251 id
601 4209 666 4252 esse
690 4200 807 4268 pergat,
832 4195 873 4252 sic
897 4195 1009 4252 ratione
1032 4197 1120 4253 etiam
1144 4194 1319 4270 formatrice,
1343 4214 1435 4273 quam
1455 4195 1500 4256 alil

143 4279 270 4339 calorem
294 4280 429 4355 opificem
449 4279 557 4348 dieunt,
580 4282 771 4339 contineatur.

247 4366 306 4427 Sed
331 4367 454 4427 duarum
478 4368 677 4443 objectionum
700 4366 856 4437 solutione,
880 4364 959 4440 quod
983 4365 1128 4442 reliquum
1150 4377 1195 4426 cst
1218 4367 1254 4428 de
1275 4370 1501 4445 opinionemca,

142 4451 308 4512 declarabo.
356 4454 471 4514 Etenim
503 4455 630 4530 objicere
659 4455 773 4530 possis:
808 4453 837 4509 iu
865 4452 974 4528 plantis
997 4452 1084 4512 finem
1107 4455 1354 4531 subsequentem,
1388 4460 1440 4533 qui
1462 4464 1502 4517 ιιι

143 4543 313 4599 constitutio
345 4543 415 4600 certi
445 4543 575 4618 corporis
606 4541 764 4612 naturalis,
796 4557 937 4616 arguere,
968 4540 1111 4601 rationem
1134 4542 1330 4604 formatricem
1353 4545 1383 4602 in
1408 4543 1503 4620 aliqua

142 4629 265 4686 materia
288 4629 500 4703 praecessisse;
524 4629 574 4688 ubi
597 4631 673 4687 enim
696 4627 796 4690 media
817 4626 856 4686 ad
878 4635 988 4687 certum
1011 4627 1098 4687 linem
1121 4627 1271 4704 ordinata,
1293 4631 1337 4692 ibi
1361 4629 1443 4704 ordo,
1467 4632 1503 4688 ibi

143 4713 242 4773 nullus
265 4731 360 4786 casus,
384 4715 425 4774 ibi
449 4732 529 4776 mera
551 4732 642 4787 mens,
667 4733 746 4776 mera
767 4717 860 4786 ratio,
883 4716 912 4773 in
935 4716 1012 4774 nivis
1034 4731 1106 4777 vero
1129 4716 1304 4778 formatione
1328 4718 1417 4778 duem
1440 4718 1504 4777 nul·

143 4799 205 4866 lum
228 4803 353 4883 spectari
375 4819 480 4879 possa,
504 4820 600 4882 neque
623 4802 683 4863 fieri
706 4821 758 4884 per
781 4801 905 4879 figuram
927 4801 1136 4882 sexangulam,
1167 4805 1272 4864 utrix
1293 4807 1435 4882 perduret
1456 4815 1504 4865 aut
