3284 5520
138 352 206 427 790
651 353 822 425 Deorlgirre
839 354 976 415 (lentim

140 534 181 595 Αι
210 536 284 594 inter
314 532 390 595 tillus
418 532 482 609 ejus
511 532 620 592 nullius
647 534 773 593 obscura
794 542 839 593 est
861 535 951 609 regio.
998 533 1078 593 Elisa
1100 531 1221 610 qnidam
1243 532 1349 593 dieunt
1372 530 1494 592 Aeolum

139 639 253 693 muare,
277 621 347 681 milri
370 627 421 681 aut
437 619 569 679 Helliner
592 630 669 694 sunt,
693 628 745 680 ant
762 620 831 695 Elis,
855 623 936 697 regio
952 620 1148 698 Peloponnesi
1165 619 1378 695 occidentalia3
1403 618 1495 681 ΤΙΝ-

141 711 186 768 siu
210 708 353 770 Ostendet
369 707 491 767 Ciliciae
513 707 656 784 praefixit,
680 715 835 785 propterca
857 708 937 785 quod
959 708 998 767 ibi
1022 711 1092 768 urba
1114 708 1203 780 haine
1225 710 1357 767 neminis
1380 706 1494 780 Tarne,

140 812 207 859 cnm
234 804 330 857 tamen
361 794 406 854 iria
436 795 550 855 insulae
579 798 710 871 gentium
738 798 943 873 promittantur
970 804 1000 854 et
1023 795 1127 855 Cilicia
1149 798 1188 854 eit
1210 798 1380 856 continens.
1425 794 1494 853 Mihi

142 884 256 945 ridetur
279 884 395 943 Cretam
418 891 448 942 et
470 884 597 959 Cyprum
622 884 797 959 obtinuisse,
822 892 924 961 poetes
939 883 1038 960 Cyprii
1063 883 1281 943 invalescentes
1304 883 1416 961 opibus
1437 894 1495 941 tra·

138 971 271 1048 jecerunt
293 973 320 1028 in
338 970 471 1030 Ciliciam
495 978 525 1029 et
538 971 639 1031 urbem
657 971 736 1030 illam
752 975 973 1044 constituerunt,
997 987 1063 1030 cnm
1078 973 1116 1030 sit
1131 978 1161 1031 et
1175 974 1323 1031 maritinm
1338 980 1371 1030 et
1386 971 1495 1043 ricina;

141 1056 386 1134 quemadmodum
409 1056 502 1117 Joncs
527 1059 649 1117 Asiatici
674 1058 885 1118 Atheniensem
909 1057 1006 1116 coloni
1030 1059 1175 1119 verissimi
1198 1069 1284 1133 snut,
1315 1068 1352 1117 ut
1373 1060 1496 1133 primunr

140 1146 181 1207 liti
203 1144 315 1205 Janum
337 1145 384 1205 vel
400 1144 551 1205 Juvenum
575 1143 741 1205 consedisse
764 1164 817 1221 par
838 1148 886 1218 eit,
910 1154 976 1222 poet
999 1147 1202 1206 brevissimum
1226 1147 1387 1222 trajectum
1403 1146 1496 1204 Brun·

142 1232 259 1293 dasium
287 1233 446 1310 appulisse.
491 1232 538 1292 lta
560 1232 660 1292 Cittim
689 1242 798 1293 certum
827 1241 872 1292 est
893 1231 1075 1292 Macedonas
1098 1236 1262 1310 peperisse,
1294 1244 1326 1293 et
1351 1231 1495 1293 Dedanim

140 1321 253 1381 iaciunt
268 1321 403 1397 Epirotas
425 1336 516 1396 prope
536 1319 677 1393 Athenae,
700 1320 750 1379 nbi
774 1322 1010 1396 antiquissimum
1034 1321 1197 1396 oraculum3
1223 1320 1291 1381 ride
1313 1339 1356 1379 an
1379 1322 1498 1380 nonsit

142 1408 253 1479 Duriae,
277 1406 354 1483 qnod
378 1408 503 1467 nominis
527 1407 595 1466 olim
620 1406 823 1484 Peloponneso
845 1408 910 1466 luit.

244 1493 323 1555 Hinc
347 1496 411 1567 jam
440 1495 637 1570 conjecturam
658 1495 801 1555 laciamns
829 1495 866 1554 de
893 1493 1015 1554 consilio
1038 1492 1150 1570 Japeti.
1196 1492 1317 1570 Septem
1342 1503 1414 1552 sunt
1435 1492 1495 1563 tilii,

140 1598 231 1658 qnare
253 1590 281 1642 et
306 1584 334 1641 lu
360 1589 376 1641 7
402 1582 568 1658 provincias
591 1583 645 1642 erit
667 1581 828 1643 dividenda
843 1584 970 1659 Europa
1010 1581 1234 1641 Consideremus
1251 1599 1318 1640 eam
1334 1579 1495 1641 secundnm

142 1666 290 1745 spingae,
315 1678 344 1729 et
367 1669 461 1729 lineas
484 1670 557 1729 duas
581 1668 722 1729 ducemus
745 1670 782 1729 ab
806 1685 912 1729 occasu
935 1669 973 1729 nd
997 1663 1099 1742 ortum,
1123 1678 1158 1727 nt
1171 1668 1260 1727 eadat
1274 1671 1304 1725 in
1320 1668 1394 1727 litus
1408 1670 1495 1726 meri·

142 1755 270 1829 dionale,
294 1756 363 1815 litus
386 1755 554 1833 aquilonale
571 1763 601 1817 et
615 1757 835 1817 mediterranea.
874 1757 982 1816 Postea
996 1774 1048 1834 per
1062 1756 1191 1816 medinm
1204 1755 1386 1826 dividams,
1410 1755 1496 1813 ducta

141 1842 220 1903 linea
242 1861 294 1920 per
315 1844 438 1903 lrontem
455 1844 544 1903 Asiae
568 1846 686 1904 minoris
709 1862 729 1904 ι
749 1844 870 1905 meridie
894 1846 921 1901 in
945 1846 1183 1920 septentrionem,
1206 1851 1240 1902 ut
1261 1846 1321 1902 slnt
1346 1850 1365 1902 6
1389 1850 1494 1920 partes.

142 1928 340 1991 Occidentalis
363 1930 523 2004 medietas,
547 1928 641 1991 Tanai
665 1940 694 1991 et
717 1933 824 1991 Dnina
845 1932 943 1990 fluviis
966 1933 1140 2008 intercepta,
1164 1928 1252 1990 hodie
1271 1931 1358 2006 justa
1380 1930 1496 2005 Europa

142 2025 202 2089 est,
234 2016 312 2093 quod
341 2019 369 2075 ln
400 2020 539 2079 orientem
561 2021 718 2096 porrigitur
740 2028 770 2079 et
791 2021 945 2095 angustius
968 2027 1014 2079 est
1036 2029 1066 2079 ct
1088 2020 1237 2078 Asiaticae
1259 2017 1404 2096 Scythiae
1426 2018 1494 2079 olim

142 2102 328 2181 adscriptum.
363 2104 434 2165 Jam
457 2104 680 2165 subdividamus
702 2107 890 2167 orientalemt
910 2107 1139 2183 septentrionale
1162 2107 1252 2181 igitur
1273 2104 1345 2164 litus
1369 2114 1399 2164 et
1421 2103 1495 2163 latus

142 2202 186 2253 eet
208 2190 325 2267 Russia,
348 2192 591 2254 mediterraneum
611 2194 775 2264 Mcecovia,
799 2192 998 2265 meridionale,
1022 2193 1102 2270 quod
1125 2192 1250 2265 Euxiuo,
1274 2191 1377 2251 isthmi
1399 2200 1496 2250 munte

142 2286 172 2340 et
195 2279 303 2356 Caspio
326 2281 398 2339 mari
421 2280 528 2352 fluitur,
552 2288 615 2342 esto
638 2283 724 2341 nobie
740 2279 848 2354 Media,
872 2288 902 2340 et
924 2280 1015 2340 Arian
1038 2280 1085 2341 vel
1108 2280 1259 2352 Αιίιιιιιι,
1284 2278 1364 2339 unde
1386 2280 1496 2355 spectat

141 2368 171 2425 in
187 2366 298 2439 tetam,
322 2367 412 2427 aliam
435 2366 473 2427 ud
489 2367 641 2429 Ecbatana
657 2367 786 2428 Mediam
803 2369 982 2446 occuparint
1021 2366 1219 2428 Occidentalis
1233 2368 1327 2444 partis
1342 2366 1413 2425 litus
1428 2383 1495 2442 sep-

142 2456 317 2515 tentrionale
332 2454 441 2515 habeat
455 2455 646 2530 Britanniam,
663 2454 899 2526 Scandinauiam.
916 2472 996 2515 mare
1008 2454 1184 2528 Baltlrienm,
1199 2455 1355 2514 Ficulenm
1371 2463 1401 2514 et
1415 2452 1495 2512 Bod-

143 2542 240 2601 dlenm
263 2543 358 2601 sinum
381 2559 447 2603 cum
470 2543 568 2603 Dania
590 2551 619 2603 et
639 2543 768 2604 Saxonia
791 2545 995 2619 maritimaque
1018 2542 1193 2603 Germaniae
1216 2551 1246 2602 et
1264 2540 1383 2601 Galliae
1405 2548 1495 2618 parte.

141 2627 335 2693 Meridionale
356 2629 466 2689 habeat
480 2628 663 2708 illspaniam,
687 2628 813 2705 Italiam,
837 2628 992 2690 Graeciam
1008 2639 1038 2691 et
1053 2630 1166 2689 insulas
1180 2647 1281 2690 omnes
1297 2630 1388 2688 marie
1403 2626 1495 2687 medi-

141 2718 275 2777 terranei.
320 2715 535 2779 Mediterranea
557 2736 624 2795 pars
647 2718 791 2777 tribuatur
810 2716 927 2778 Galliae
955 2716 1064 2797 (forsan
1088 2727 1121 2778 et
1138 2716 1364 2795 septentrionali
1385 2715 1496 2793 Hispa·

140 2801 229 2884 uiae),
252 2803 437 2875 Germaniae,
460 2804 633 2880 Sarmatiae,
656 2805 809 2865 Thraciae.
847 2804 980 2880 Cumque
1006 2812 1021 2864 t
1046 2802 1100 2864 tilii
1121 2808 1189 2879 sint,
1212 2803 1310 2864 adhuc
1334 2820 1406 2863 vere
1431 2812 1496 2863 tan·

141 2898 204 2951 turn
228 2898 245 2951 6
263 2900 370 2970 partes,
394 2910 468 2963 eum,
493 2911 569 2969 qrtae
592 2900 637 2954 est
657 2895 786 2953 maxima
807 2899 837 2952 et
859 2896 979 2969 optima,
1002 2894 1182 2967 bireeemus3
1206 2909 1242 2951 ea
1264 2900 1310 2952 est
1326 2890 1402 2950 lraee
1417 2891 1496 2950 occi-

142 2979 268 3041 dentalis
291 2978 511 3043 mediterranea.
547 2981 622 3040 Nem
646 2979 736 3057 duplo
759 2979 847 3040 latior
864 2989 908 3040 est
922 2989 1006 3054 terra,
1029 2980 1190 3040 aGraeela
1210 2982 1239 3038 in
1255 2979 1394 3039 Finniam
1410 2978 1496 3036 duma

142 3067 228 3138 linea,
253 3085 341 3142 qnam
363 3067 401 3127 ab
419 3067 547 3127 Albania
570 3071 598 3125 in
622 3078 780 3128 extremam
798 3067 943 3127 Russiam.
981 3066 1052 3127 Esto
1075 3070 1164 3144 igitur
1186 3067 1402 3127 mediterranea
1419 3068 1497 3124 occi-

142 3153 343 3215 dentaliseima
359 3174 434 3233 pars,
459 3154 558 3215 Gallie
573 3164 602 3215 ct
617 3155 776 3215 Germania
799 3173 864 3215 cum
880 3155 1034 3229 Sarmatia,
1060 3159 1156 3215 minus
1173 3152 1366 3214 occidentalis
1381 3161 1411 3211 et
1427 3155 1494 3211 mari

144 3244 284 3319 contigua
306 3251 369 3302 esto
386 3242 520 3302 Thracia.
561 3244 633 3303 Tres
657 3246 745 3319 igitur
758 3243 902 3302 habemns
916 3243 1144 3303 mediterraneas
1159 3245 1308 3318 portiones
1325 3250 1357 3300 et
1374 3247 1392 3300 ι
1408 3242 1495 3299 meri-

144 3328 247 3389 dianas
271 3330 402 3406 duasque
425 3331 620 3406 aquilonares.
660 3331 730 3391 Illas
754 3330 921 3391 ordinemus
943 3341 972 3391 et
993 3331 1069 3390 inter
1090 3330 1221 3390 ordinem
1244 3328 1373 3389 tiliorum
1396 3326 1495 3387 distri-

144 3417 279 3478 beamus.

231 3532 396 3617 Septentrio
421 3536 629 3598 occidentalis:
655 3538 816 3611 Britannia,
840 3536 1054 3612 scandinavia,
1078 3556 1158 3598 mare
1180 3536 1367 3614 Baltlricnm,
1391 3537 1496 3597 limbus

509 3624 634 3696 Galliae,
659 3623 843 3695 Germaniae,
870 3626 1013 3686 Livonlae
1037 3661 1076 3669 —
1104 3625 1224 3686 Gemer.

294 3757 310 3787 „
417 3713 581 3773 orientalis:
605 3711 712 3771 Russia
739 3746 777 3757 -
802 3712 922 3790 Mapop.

231 3799 369 3861 Meridies
393 3800 557 3860 orientalis:
581 3798 682 3860 Media
703 3835 746 3844 —
770 3799 888 3861 Mndni.

287 3932 302 3962 „
394 3886 601 3947 occidentalis:
626 3887 753 3961 Insulae,
776 3886 910 3962 Graecia,
933 3886 1030 3960 Italia,
1054 3887 1199 3964 Hispania
1224 3921 1262 3932 —
1286 3886 1408 3947 Juvutt.

233 3975 449 4036 Mediterranea
481 3973 763 4034 occidentaliseima:
802 3975 965 4052 Hispania,
1006 3973 1123 4048 Gallia,
1163 3974 1340 4048 Germania,
1381 3975 1498 4034 Sarma-

551 4064 594 4121 tia
615 4097 658 4106 —
685 4062 813 4122 lltubnl.

475 4148 714 4208 orientalissima:
738 4149 895 4209 Moscovia
916 4180 957 4191 —
981 4146 1104 4207 Mesech.

472 4235 616 4296 latissima
639 4237 861 4297 occidentalior:
886 4234 1013 4295 Thracia
1035 4269 1076 4280 —
1105 4234 1231 4312 lltyrus.

247 4374 372 4453 Japetns
388 4378 417 4432 in
433 4379 660 4452 septentrionem
675 4374 888 4438 occidentalem
903 4381 981 4433 sorte
997 4372 1136 4446 delectus,
1153 4376 1282 4433 maximo
1296 4383 1368 4434 natu
1381 4384 1498 4455 septen-

143 4462 380 4524 trionaliseimam
405 4470 434 4522 et
449 4464 744 4523 occidentaliesimam
759 4472 870 4541 partem
887 4463 1060 4538 assignarit,
1084 4461 1139 4521 hoc
1155 4461 1256 4521 ordine
1271 4479 1388 4541 semper
1403 4464 1498 4539 maje-

142 4569 188 4612 res
212 4560 282 4610 natu
306 4553 515 4628 circumposuit
537 4551 575 4610 ad
598 4551 699 4625 litora,
733 4565 808 4628 quae
837 4566 950 4627 semper
978 4550 1113 4610 meliores
1144 4559 1213 4607 eunt
1233 4552 1382 4626 regiones.
1428 4552 1498 4611 Tres

143 4640 268 4698 minores
291 4636 503 4705 natulintrueit
525 4641 554 4696 in
577 4639 714 4713 medium,
738 4649 768 4699 et
791 4638 924 4697 ultimum
949 4639 1033 4713 quasi
1057 4638 1086 4694 in
1110 4637 1290 4697 umbilicum.

247 4725 316 4786 Jam
347 4724 386 4785 ad
414 4735 522 4787 sortem
545 4725 689 4788 Gomerie.
733 4728 769 4787 Ei
796 4726 848 4785 filii
872 4734 947 4797 tres,
980 4726 1128 4799 Ascenas,
1160 4723 1287 4802 Riphat,
1318 4724 1497 4803 Thogurma.

100 4876 103 4883 ,
143 4811 247 4875 Litora
266 4829 386 4890 quoque
409 4816 483 4888 nia,
513 4816 542 4875 in
563 4817 805 4894 septentrionem,
830 4817 858 4873 in
880 4811 1047 4886 meridiem,
1069 4812 1100 4871 iu
1122 4811 1498 4893 occidentem'speetsntia.
