3284 5520
562 1562 1037 1653 Lectori&

231 1785 306 1847 cum
327 1801 406 1847 anno
432 1788 527 1848 1621.
558 1790 704 1851 venissem
734 1789 765 1849 in
793 1784 983 1849 Gemanism
1010 1789 1194 1866 superiorem
1218 1789 1390 1867 passimque
1418 1804 1485 1849 cum

146 1871 228 1940 peritis
258 1888 355 1935 rernm
384 1873 658 1937 mathematicamm
687 1874 726 1937 de
755 1874 955 1953 Loparltimis
984 1874 1159 1953 Neperisois
1190 1875 1397 1937 contulissemc
1430 1875 1486 1937 de-

144 1956 265 2027 punit
281 1976 343 2037 eos,
367 1962 476 2037 quibus
491 1970 575 2023 aetas
597 1960 782 2039 prudentiam
796 1961 938 2042 addebat,
961 1963 1199 2041 promtitudinem
1215 1965 1376 2039 minuebat,
1398 1978 1487 2041 super

143 2038 187 2107 loo
209 2064 316 2125 penem
345 2064 548 2122 numerorum,
581 2048 647 2111 loco
676 2052 797 2111 canonis
822 2052 941 2111 sinuum
963 2052 995 2108 in
1016 2068 1103 2111 usum
1124 2050 1312 2130 recipiendo,
1346 2052 1486 2126 mactari,

143 2133 207 2207 quod
233 2134 380 2211 dicerent,
413 2143 499 2214 turpe
527 2154 594 2199 esse
622 2137 780 2215 professori
807 2137 1033 2212 mathematico,
1064 2156 1154 2215 snper
1181 2137 1356 2216 compendio
1384 2136 1486 2215 aliquo

143 2220 230 2282 calculi
262 2222 413 2300 pueriliter
444 2222 576 2285 exultare
607 2225 782 2303 interimque
814 2228 879 2285 sine
912 2222 1162 2286 demonstratione
1193 2224 1328 2303 legitime
1360 2225 1485 2285 iormsm

141 2307 230 2369 tricoli
252 2312 284 2369 in
305 2327 393 2371 usum
415 2313 554 2388 recipere,
578 2329 655 2388 qnae
670 2312 753 2387 olim,
775 2329 842 2373 cum
863 2313 982 2373 minime
1004 2320 1159 2387 metueres,
1182 2314 1213 2371 in
1236 2314 1340 2373 erroris
1363 2311 1486 2372 insidias

140 2397 335 2474 tepertrahere
356 2406 467 2475 posset.
501 2396 714 2475 Querebantur,
736 2399 845 2477 Neperi
861 2397 1140 2462 demonstrationem
1154 2400 1210 2460 niti
1231 2399 1370 2477 figmento
1385 2407 1484 2460 moure

141 2483 280 2560 cujusdam
294 2486 475 2563 geometrici,
498 2485 583 2562 cujus
596 2484 749 2547 lubricitas
771 2495 801 2547 et
813 2485 987 2547 fluxibilitas
1008 2488 1111 2565 inepta
1126 2492 1214 2562 esset,
1236 2487 1266 2545 in
1289 2503 1350 2564 qus
1369 2486 1484 2549 solidus

139 2566 178 2632 llle
195 2572 283 2632 stilus
305 2573 428 2633 rstionls
451 2569 790 2651 demonstrationemque
812 2574 928 2634 mum
949 2584 1072 2651 ponersu
1095 2575 1262 2651 vestigium.
1306 2573 1392 2635 Haec
1412 2574 1487 2633 milri

139 2670 215 2721 uuna
226 2658 293 2733 init,
309 2661 411 2720 statim
425 2666 496 2721 tunc
505 2660 691 2737 concipiendi
704 2661 901 2722 rudimentum
915 2660 1037 2737 aliquod
1052 2661 1309 2723 demonstrationis
1323 2661 1485 2738 legitimae,

139 2744 204 2819 quod
224 2748 381 2824 posterius,
404 2754 440 2807 ut
459 2748 584 2824 primum
599 2747 733 2809 Lincium
755 2766 890 2810 reversus
911 2765 986 2821 snm,
1010 2748 1127 2809 excolui
1148 2747 1333 2827 diligentius,
1355 2750 1482 2810 mxime

138 2840 282 2911 postquem
307 2835 392 2894 initio
414 2836 484 2896 anni
503 2836 597 2897 1622.
619 2852 709 2914 super
731 2852 767 2898 ea
788 2854 819 2897 re
842 2852 910 2897 cnm
931 2834 1040 2896 illustri
1061 2843 1092 2897 ιι
1115 2833 1267 2897 Generoso
1282 2835 1321 2895 D.
1336 2835 1375 2899 D.
1392 2835 1483 2897 Petro

139 2912 253 2982 Henrlco
276 2939 296 2982 s
316 2920 517 2997 Stralendorii,
540 2922 572 2983 S.
594 2921 680 2985 Gaea.
703 2922 823 3000 Maiest.
845 2924 876 2984 in
898 2924 1074 2985 consistorio
1095 2921 1246 3001 imperiali
1273 2921 1379 2984 Aulion
1401 2925 1485 2983 mes-

138 3006 259 3080 praeside
273 3014 330 3071 etc
345 3008 550 3085 contulissem,
577 3011 627 3086 qui
643 3018 677 3071 ut
690 3020 736 3072 est
750 3010 855 3071 inanum
868 3012 975 3071 artium
989 3009 1188 3085 aridissimus,
1211 3010 1343 3088 regando
1356 3009 1489 3088 plurium·

139 3106 176 3156 ue
201 3114 299 3161 rerum
320 3094 490 3171 admonuit,
525 3114 614 3173 qnam
636 3097 710 3159 liber
731 3096 839 3174 aliquis
862 3098 937 3159 bene
958 3114 1076 3158 cassem
1097 3097 1305 3175 praecipiendo
1326 3096 1485 3158 edurum

139 3191 233 3254 posset.
270 3183 426 3245 Perillam
447 3184 537 3261 igitur
557 3184 685 3246 hiemem
699 3184 850 3246 solennem
871 3188 914 3246 rei
929 3184 1208 3246 demonstrationem
1230 3202 1296 3246 snm
1315 3202 1482 3263 eggressus,

139 3270 291 3347 ubjectum
312 3270 401 3348 hujus
422 3270 647 3349 speculationis,
678 3272 828 3349 quodnam
850 3278 928 3333 esset
949 3274 1126 3349 genuinum,
1157 3270 1317 3350 descripsi,
1343 3270 1483 3349 quodque

140 3354 228 3417 ldnon
251 3366 332 3419 esset
348 3376 417 3420 vere
438 3358 615 3438 subponere
638 3358 688 3421 rel
709 3358 853 3421 dnwum
868 3358 916 3421 rel
931 3366 1029 3420 motus
1042 3359 1209 3436 fluxusque,
1233 3368 1285 3421 ant
1307 3358 1483 3437 cujusquam

140 3441 245 3506 ulterius
260 3447 435 3523 quantitatis
444 3446 570 3521 censitis,
586 3456 620 3508 ut
632 3448 677 3509 sic
687 3446 793 3523 dimna,
807 3446 860 3509 sed
872 3447 929 3508 snb
942 3464 1050 3524 genere
1059 3446 1237 3508 relationum
1251 3447 1483 3524 quantitatisque

140 3532 271 3607 mentalis,
293 3530 479 3594 evidentibus
501 3535 757 3595 enunciationibus
778 3535 932 3597 constitut:
956 3533 1063 3595 deindo
1078 3551 1155 3610 cum,
1176 3540 1210 3595 ut
1232 3550 1335 3595 omnes
1355 3541 1484 3609 ceterm,

140 3618 173 3679 sie
191 3622 282 3683 etiam
303 3620 440 3681 mentalis
462 3622 520 3681 ista
541 3624 692 3698 quantitas
713 3618 815 3704 (loyen
836 3620 958 3683 Graecis
987 3619 1082 3695 dicta,
1113 3621 1193 3698 quod
1215 3621 1315 3684 hmini
1336 3623 1484 3683 rationu

140 3707 221 3769 umas
254 3709 380 3782 unitate,
417 3709 546 3769 neonus
583 3712 802 3786 proportionem
840 3707 1031 3785 transierunt)
1066 3708 1243 3770 diuisionem
1274 3712 1303 3769 ln
1336 3708 1484 3769 inlinitum

140 3796 257 3873 recipiet,
279 3803 374 3857 metae
395 3797 484 3857 etlam
499 3795 588 3872 hujus
608 3795 762 3857 divisionis
777 3813 931 3874 congruas,
954 3812 992 3855 ex
1007 3793 1112 3856 eodem
1132 3797 1246 3857 ιιίιιιιι
1258 3814 1366 3875 genua
1386 3814 1485 3857 rernm

141 3884 281 3943 comtitui:
303 3882 400 3945 lineae
422 3884 500 3943 enlm
522 3885 654 3961 punctis,
674 3892 773 3945 motus
796 3882 926 3945 articulis
949 3890 1114 3959 temporum
1135 3881 1228 3943 dividi
1251 3884 1336 3958 solet,
1359 3890 1393 3945 at
1412 3900 1485 3961 pro·

142 3971 291 4040 pontonem
322 3968 492 4047 dispescunt
523 3972 639 4031 termtnt
666 3973 741 4031 inter
769 3980 915 4033 eruemus
945 3968 1147 4047 magnitudine
1177 3969 1275 4033 medii.
1318 3969 1411 4032 Hisce
1440 3973 1485 4033 sie

143 4058 293 4118 comitialis
331 4056 454 4119 feliciter
489 4056 669 4135 procedebat
709 4058 933 4119 demonstratio:
978 4072 1050 4119 rere
1092 4060 1315 4137 proportionum
1355 4059 1485 4119 omnium

144 4145 404 4206 communicantium
418 4147 640 4222 communisque
653 4162 790 4207 memura
804 4147 884 4207 iacta
897 4151 944 4205 est
959 4152 990 4205 ιι
1003 4144 1070 4221 ipsa
1083 4143 1120 4205 dc
1131 4162 1238 4222 genem
1253 4147 1485 4225 proportionum,

143 4222 209 4292 locus
230 4240 277 4293 ιιι
298 4230 394 4292 laetus
416 4232 553 4306 arbitrio,
577 4234 607 4291 in
630 4231 766 4308 eligendo
788 4232 986 4311 proportionis
1007 4230 1169 4306 elemento,
1193 4233 1344 4310 quodnem
1364 4231 1485 4293 deberet

144 4308 228 4379 lateri
249 4333 305 4395 pro
329 4320 449 4379 minimo
472 4335 585 4397 proque
606 4336 759 4396 mensura3
783 4321 1015 4381 demonstratum
1038 4320 1127 4379 etiam
1150 4325 1210 4394 est,
1233 4319 1396 4397 plerunque
1417 4336 1485 4381 essa

145 4408 330 4482 proportiones
363 4408 437 4467 inter
468 4424 501 4467 ee
534 4407 836 4481 incommunicabiles,
871 4423 966 4483 eoque
997 4406 1150 4465 minimum
1180 4409 1268 4469 unius
1298 4407 1483 4482 cementum,

145 4492 206 4562 tuod
228 4493 398 4571 placuisset,
422 4510 481 4555 non
499 4509 585 4571 posse
608 4511 672 4554 esee
695 4511 861 4555 mensnram
882 4495 1040 4573 genuinam
1063 4494 1259 4571 proportionis
1281 4494 1485 4572 culuscunque

146 4572 262 4639 dusius:
295 4596 411 4658 semper
439 4582 517 4642 enim
546 4583 659 4659 peccari
688 4581 737 4641 vel
765 4596 887 4643 excessu
910 4578 960 4643 rel
983 4578 1107 4643 delectu.
1152 4582 1198 4641 lla
1219 4581 1255 4642 de
1277 4599 1368 4643 causa
1389 4582 1484 4643 iactus

144 4656 191 4733 ltu
209 4676 254 4729 est
273 4666 324 4728 iric
345 4667 421 4729 alter
441 4668 525 4729 locus
541 4668 670 4741 arbitrio,
694 4677 728 4728 ut
742 4670 862 4745 quinam
885 4668 1026 4741 deiectus,
1048 4684 1126 4744 quoe
1147 4670 1332 4729 minimorum
1354 4669 1485 4731 memen-

147 4754 224 4815 ῑιιιιιι
249 4754 568 4819 incommunicabilem
598 4754 763 4819 diticrcntia
790 4754 968 4819 dissimulari
994 4762 1098 4839 posset
1126 4756 1217 4835 ioque
1237 4755 1415 4835 protundum
1434 4758 1486 4819 ln·
