3284 5520
519 359 562 416 sd
578 359 677 416 hhrum
695 360 743 416 ΠΙ.
763 358 976 430 Anti-'tychonis
995 374 1055 430 cap.
1073 360 1116 416 18.
1429 359 1495 428 259

246 540 278 597 2.
310 538 356 597 De
377 544 491 598 cometa
507 540 686 599 anni1580.
709 541 888 617 scripserunt
902 538 1086 613 lfaestiinna
1110 539 1323 618 Rothmannus,
1346 540 1495 617 Rhalinns,

140 624 320 686 liraddaeur
333 624 522 706 Haggeeius,
545 643 646 687 omnes
668 630 776 700 testati,
800 644 915 687 cursum
938 628 965 687 ei
984 644 1036 704 per
1056 627 1183 688 aetheris
1206 631 1303 704 spatia
1317 634 1496 690 hansectum

140 730 212 772 esse.
263 712 401 790 Ejusdem
431 721 564 774 cometae
587 715 808 775 observationes
830 714 934 793 Tycho
956 717 986 773 iu
1008 723 1119 774 tomum
1141 714 1196 777 111.
1227 715 1263 776 de
1284 716 1497 793 phoenomenis

139 799 268 860 aetheris
294 801 473 861 reservabat.
519 802 563 861 iio
591 819 662 862 vero
691 802 800 862 dudum
823 818 839 862 e
863 805 940 861 vivis
962 811 1092 876 exemto,
1121 805 1304 881 supersintne
1326 803 1404 863 illius
1427 806 1496 865 anni

139 889 365 948 observationes
385 890 478 965 ipsse,
501 891 712 966 incompertum
734 889 840 950 haheo.
879 889 960 950 Loca
982 889 1099 965 quidem
1122 893 1185 967 ipse
1202 899 1342 964 cometae,
1366 901 1399 951 nt
1414 901 1497 952 erant

139 993 174 1036 ex
197 975 457 1036 obsenationihns
479 976 543 1053 ejus
568 986 747 1053 computata,
770 986 838 1037 ante
859 976 967 1036 multos
991 994 1083 1038 annos
1105 981 1288 1058 traummipsi
1304 981 1334 1037 iu
1349 979 1497 1056 exemplar

138 1062 230 1124 libelli
254 1062 456 1123 Maestiiniani
479 1064 515 1123 de
538 1074 653 1124 cometa
675 1066 787 1125 eodem.

245 1150 385 1210 Promisit
415 1152 503 1211 etiam
533 1150 636 1229 Tycho
659 1152 710 1213 fol.
734 1158 807 1212 267.
838 1150 889 1210 lib.
911 1150 952 1210 11.
976 1151 1144 1230 Progymu,
1174 1169 1207 1212 se
1235 1153 1496 1215 demonstrationes

140 1235 369 1315 explicaturum,
401 1238 508 1314 quihus
535 1239 584 1298 hic
613 1242 676 1316 ipse
703 1256 821 1316 qnoque
848 1246 963 1299 cometa
984 1256 1073 1317 supra
1095 1239 1208 1300 Lunam
1231 1240 1392 1302 decurrisse
1414 1258 1496 1301 com·

139 1326 290 1402 probetur.
1590 1322 1593 1331 “

247 1420 277 1474 3.
313 1412 438 1474 Possem
465 1430 579 1473 rursum
607 1418 670 1490 ipse
700 1432 796 1474 meum
826 1429 943 1490 quoqne
973 1412 1144 1490 suffragium
1173 1414 1293 1490 addere,
1323 1423 1496 1492 argumento

140 1503 232 1579 petito
248 1496 450 1577 a'tr'ajsctoria
471 1501 632 1576 rectilinea,
655 1501 752 1561 divisa
768 1505 796 1560 in
813 1500 932 1560 diurnos
948 1499 1096 1576 aequales.
1136 1500 1201 1577 Quo
1215 1502 1283 1562 loco
1297 1494 1497 1578 conjecturam

142 1589 212 1648 milri
243 1588 396 1666 praebebit
422 1589 692 1648 artificiosissimam
720 1588 771 1648 illa
798 1592 949 1665 repentina
972 1592 1095 1647 mutatio
1118 1589 1282 1650 latitudinis
1303 1593 1335 1648 in
1357 1590 1429 1665 fine,
1459 1590 1496 1650 de

142 1694 200 1754 qua
221 1675 400 1736 Maestlinua
423 1683 453 1736 et
474 1675 577 1756 Tycho
599 1677 650 1736 iol.
675 1682 747 1737 268.
771 1679 843 1735 tomi
867 1675 906 1734 11.
928 1675 1087 1753 Progymn.

245 1762 396 1838 Quamdiu
417 1764 496 1823 eninr
518 1763 686 1840 trajectoria
707 1772 790 1823 motu
812 1765 1001 1841 systematico
1018 1771 1100 1823 mota
1115 1763 1170 1823 fuit
1184 1766 1215 1822 in
1229 1765 1349 1841 plagam
1365 1765 1497 1824 denham

144 1854 187 1911 sai
202 1850 320 1926 ductus,
341 1849 512 1911 latitudines
534 1861 730 1929 provenerunt
753 1870 789 1912 ex
811 1850 877 1911 sola
899 1849 1088 1911 inclinatione
1111 1851 1294 1928 trajectoriae
1317 1850 1355 1912 ad
1377 1851 1497 1931 planum

144 1939 296 2016 eclipticas
325 1939 503 2014 cogitatione
534 1940 744 1998 continuatum.
790 1939 952 2014 Postquam
983 1955 1053 1998 vero
1083 1947 1180 1998 motus
1203 1941 1258 2000 iste
1280 1938 1375 1999 lineae
1398 1949 1497 2018 syste-

143 2029 268 2086 matiens
289 2024 439 2087 contendit
462 2028 490 2083 in
513 2025 631 2102 plagam
654 2025 785 2099 eandem,
810 2028 839 2083 in
862 2042 950 2102 quam
972 2025 1119 2086 ferebatur
1141 2035 1171 2085 et
1191 2027 1252 2102 ipse
1269 2035 1383 2087 cometa
1398 2029 1428 2085 in
1443 2044 1499 2087 aaa

143 2113 227 2187 linea,
253 2111 393 2173 discessio
416 2121 547 2174 cometae
562 2130 581 2172 a
595 2112 688 2173 Terra
703 2115 799 2191 coepit
814 2112 1022 2189 conduplicari,
1046 2113 1244 2173 inclinationis
1259 2113 1500 2191 perpendiculum

144 2199 273 2278 elongari
296 2207 439 2276 tantoque
461 2218 602 2277 apparere
625 2201 752 2261 brevius.

247 2294 278 2349 4.
308 2286 368 2348 Sed
379 2287 488 2347 suflicit
501 2288 557 2347 hac
571 2288 636 2348 vice
651 2305 813 2348 consensus
828 2286 1100 2347 mathematicorum
1115 2287 1360 2347 doctissimorum.
1390 2289 1500 2349 Contra
1591 2286 1594 2294 '

144 2374 220 2434 banc
242 2391 314 2434 vero
333 2374 396 2450 jam
418 2377 542 2453 insurgit
564 2375 798 2453 claromontius,
821 2377 869 2434 cni
889 2375 977 2451 galea
999 2385 1045 2434 est
1068 2374 1261 2451 impudentia,
1285 2376 1389 2434 thorax
1412 2378 1499 2452 igno·

145 2464 245 2536 nantia,
269 2461 359 2521 telum
382 2464 539 2537 temeritas,
563 2465 613 2540 qni
637 2481 688 2540 per
710 2471 883 2540 argumenta
904 2479 1013 2538 perque
1037 2462 1174 2522 elenchos
1197 2462 1343 2535 incedens,
1366 2464 1404 2522 ah
1428 2465 1500 2540 ipsis

146 2547 223 2608 ducit
247 2564 320 2626 opes
341 2551 529 2627 animumque
553 2550 647 2609 hostis
670 2549 774 2611 delecti
801 2550 921 2610 divitiis.
959 2548 1076 2610 Invenit
1098 2550 1211 2609 scilicet
1233 2552 1320 2610 etiam
1338 2550 1395 2623 hic,
1420 2549 1509 2626 quod·

145 2637 172 2694 iu
193 2644 398 2714 argumentum
419 2637 547 2697 traheret
569 2655 695 2714 magnas
718 2640 747 2699 iu
769 2639 826 2697 hoc
848 2644 963 2696 cometa
985 2637 1179 2713 parallareos.

249 2728 279 2784 5.
317 2722 453 2799 Quantae
481 2724 575 2785 vero?
607 2724 744 2802 Colligite
776 2742 887 2801 quaeso
917 2727 1029 2784 animos
1059 2742 1171 2799 vosque
1198 2722 1340 2783 adversus
1361 2730 1501 2785 terrorem

146 2814 266 2885 mnnita,
289 2812 315 2870 ai
338 2811 455 2872 dixeror
478 2818 606 2872 totorum
629 2815 749 2889 inquam
773 2818 813 2872 66
829 2810 982 2889 graduum.
1019 2812 1086 2873 Non
1109 2813 1250 2870 usitatum
1272 2828 1327 2870 nec
1344 2818 1431 2870 tenue
1447 2818 1501 2884 eat,

146 2898 222 2976 qnod
245 2896 385 2973 defendit,
408 2916 467 2958 non
490 2901 578 2976 igitur
600 2900 773 2974 mirandum,
797 2901 821 2958 si
844 2898 873 2957 id
893 2899 1021 2959 absurda
1037 2902 1125 2977 etiam
1139 2906 1169 2959 et
1183 2907 1348 2958 monstrosa
1361 2897 1500 2958 methodo

145 2989 287 3047 mitum
308 2992 366 3046 eat.

247 3075 276 3133 6.
308 3072 449 3134 Caesellio
465 3070 567 3150 ‘inquit
587 3074 643 3132 fuit
665 3073 791 3134 altitudo
813 3073 976 3135 meridiana
999 3081 1131 3133 cometae
1154 3079 1295 3149 perpetuo
1320 3077 1359 3131 18
1382 3073 1501 3131 mmutis

144 3162 245 3234 minor,
269 3178 357 3236 quam
379 3178 432 3238 pro
455 3164 566 3221 ratione
590 3160 764 3220 elevationis
787 3160 848 3239 poli
863 3168 995 3239 respectu
1013 3157 1199 3236 Uranibnrgi.
1237 3158 1321 3220 Haec
1335 3160 1373 3218 18
1388 3161 1502 3219 minuta

145 3255 211 3309 sunt
232 3247 398 3308 differentia
418 3248 608 3326 parallaroon
625 3247 813 3309 Casaelianae
833 3258 863 3308 et
876 3246 1122 3322 Uraniburgicae:
1147 3263 1269 3322 magnas
1285 3249 1373 3323 igitur
1387 3254 1502 3322 oportet

145 3353 208 3397 ears
228 3335 414 3414 parallaxes,
445 3353 522 3413 qnae
544 3339 573 3394 in
597 3344 657 3394 tam
679 3354 772 3413 parvo
797 3335 962 3395 discrimine
991 3333 1051 3412 poli
1077 3333 1263 3394 altitudinum
1290 3333 1403 3394 differre
1429 3350 1502 3410 pos·

145 3434 218 3484 suat.
239 3426 361 3483 minutis
385 3425 423 3482 18
453 3440 505 3484 sea
531 3426 568 3482 17
592 3420 676 3503 (quia
703 3426 791 3483 unius
820 3426 925 3483 minuti
956 3439 1033 3482 error
1064 3425 1093 3480 in
1123 3419 1331 3498 perpendiculo
1363 3423 1502 3481 inventus
1602 3457 1607 3471 ·

146 3511 325 3572 detrahitur.

249 3604 279 3657 t.
306 3508 395 3674 )Quid
417 3600 482 3674 agis
505 3596 709 3658 claramonti?
739 3598 800 3656 Aut
822 3599 875 3656 uhi
896 3600 950 3658 tibi
973 3595 1079 3656 mens?
1109 3592 1249 3655 cassellis
1272 3603 1317 3654 cst
1338 3594 1424 3671 polus
1448 3594 1502 3655 de-

144 3688 281 3763 pressior,
303 3683 480 3746 meridtauus
503 3680 604 3760 altior,
628 3692 743 3744 cometa
765 3687 855 3744 etiam
878 3685 979 3757 altior,
1004 3685 1034 3742 in
1057 3682 1219 3742 meridiano
1242 3684 1379 3756 existens,
1401 3683 1502 3759 paral-

143 3771 218 3832 iaxis
241 3773 331 3849 igitur
353 3774 447 3831 minor
468 3780 610 3848 tantoque
634 3779 749 3832 cometa
772 3774 861 3831 etiarn
882 3772 939 3832 hoc
961 3773 1079 3831 nomine
1101 3769 1200 3842 altior,
1231 3777 1261 3829 tn
1285 3787 1355 3831 vero
1378 3788 1415 3829 ex
1438 3769 1502 3848 Ty·

145 3859 239 3921 mone
261 3860 392 3937 prohasti
415 3876 474 3919 non
497 3875 649 3920 excessum
673 3858 849 3931 altitudinis,
872 3860 923 3918 sed
948 3859 1100 3919 defectum.
1146 3857 1279 3917 Hoccine
1304 3857 1502 3916 demonstrare

144 3954 206 4020 est,
241 3945 338 4008 dicere
370 3964 446 4024 quaa
481 3949 543 4024 ipse
573 3963 632 4006 non
664 3945 832 4024 inteiligas?
866 3964 943 4022 quae
968 3944 1105 4022 jugulum
1135 3952 1236 4021 petant
1266 3942 1502 4005 antedictorum?

146 4032 283 4111 hiajorne
304 4036 336 4093 in
357 4041 387 4095 te
410 4035 563 4110 supinitas,
587 4033 691 4107 dicam,
715 4052 752 4092 an
776 4033 949 4094 temeritas?
973 4034 1099 4092 stultitia
1121 4051 1157 4093 an
1181 4030 1369 4109 procacitas?
1392 4029 1451 4105 Qui
1473 4039 1503 4090 te

144 4122 312 4199 speraveris
334 4123 438 4183 ceteris
459 4121 675 4181 mathematicis
691 4139 742 4198 per
757 4121 874 4181 italiam
887 4120 968 4203 (nam
983 4123 1012 4179 in
1031 4118 1218 4180 Germaniam
1235 4118 1387 4179 commodo
1402 4125 1503 4178 nostro

144 4226 204 4270 aon
225 4210 377 4288 importati
399 4218 470 4270 sunt
490 4208 556 4268 libri
580 4206 636 4288 tui)
658 4210 862 4287 impositurum
884 4208 941 4269 hac
964 4208 1190 4269 asseverationis
1213 4205 1411 4268 confidentia?

251 4297 280 4356 8.
317 4295 394 4357 Nam
420 4298 610 4374 praesensisti
638 4296 714 4356 hanc
738 4299 939 4374 exceptionem
963 4299 1048 4372 eique
1071 4293 1283 4370 praecidendae
1306 4294 1424 4369 longam
1448 4308 1503 4368 op·

144 4385 231 4462 ponis
253 4385 517 4458 ratiocinationem,
541 4384 642 4443 infelix
666 4401 761 4461 aeque
782 4392 872 4461 atque
894 4386 1075 4454 temerarius,
1099 4385 1123 4442 si
1147 4385 1175 4439 in
1200 4399 1236 4442 ea
1258 4380 1504 4441 comminisccuda

145 4480 174 4532 te
199 4473 296 4549 ipsum
318 4471 480 4545 involvisti,
504 4488 558 4530 nec
580 4474 751 4548 prinsquam
775 4480 803 4530 te
827 4473 983 4531 extricaras
999 4491 1017 4530 a
1033 4471 1260 4548 praescriptione
1275 4467 1364 4544 hujus
1379 4467 1504 4527 damno-

143 4560 254 4619 sissimi
276 4561 440 4636 argumenti
462 4575 581 4619 manum
604 4560 790 4635 continuisti3
814 4560 1049 4635 corruptissimus
1072 4573 1143 4617 vero
1166 4555 1349 4628 mortalium,
1373 4557 1410 4633 si,
1433 4553 1501 4630 quid

143 4663 258 4724 agsrsa
280 4645 393 4721 vidisti,
414 4663 470 4707 nec
491 4653 588 4707 mmen
612 4645 762 4719 destitisti,
785 4645 910 4706 lectores
933 4663 1034 4706 omnes
1056 4662 1109 4721 pro
1133 4642 1293 4704 deridiculo
1315 4641 1433 4715 habere,
1456 4645 1504 4699 in-

143 4735 248 4827 sautia
260 4733 409 4810 insidiari,
442 4732 710 4795 animadvertentes
736 4731 938 4811 indignatione
966 4747 1167 4805 commovere,
1196 4731 1380 4791 refutationis
1400 4728 1504 4792 labore

1229 4923 1295 4982 lv*
