3284 5520
483 322 526 378 De
544 323 718 392 septuaginta
735 321 954 378 hebdomadibus
973 325 1002 379 in
1021 322 1145 381 Daniele.
1426 323 1491 393 823

139 503 256 560 omnino
280 501 451 561 dubitarem.
496 500 597 560 Nudus
620 517 690 560 saue
713 502 760 561 bic
782 518 922 580 perquam
952 500 1078 561 difficilis
1103 506 1156 561 ast.
1199 501 1310 561 Verum
1334 503 1403 578 qnia
1427 519 1492 560 onr-

138 591 207 647 uino
238 587 367 666 aliquam
395 590 527 665 cogimur
560 589 711 648 admittere
734 589 934 649 difficultatem
965 593 994 646 in
1018 589 1092 648 libro
1114 588 1287 659 Nehemiae,
1311 589 1389 649 malo
1413 589 1492 648 illem

139 679 168 734 in
192 678 309 735 nomine
333 694 421 752 quarn
449 679 478 733 in
505 677 602 736 rebus.
649 678 789 736 Existimo
812 680 915 753 igitur,
940 694 1000 736 rem
1022 675 1140 752 quidem
1163 693 1231 736 rere
1255 679 1297 737 ita
1318 694 1351 736 se
1373 677 1491 752 habere,

137 773 171 821 nt
205 780 250 838 ea,
272 780 348 839 quae
381 763 541 823 Nehemias
572 767 693 841 tempori
726 767 821 822 citatis
851 764 924 822 loeis
956 762 1173 836 adscribuntur,
1201 764 1256 822 sub
1290 764 1381 823 Esdra
1412 765 1492 823 acci-

139 850 233 909 derint
261 860 329 910 aute
351 850 541 930 Nehemiam,
572 855 600 908 in
629 853 745 910 nomine
770 868 838 910 vero
867 868 1043 928 quocunque
1072 848 1159 910 modo
1189 855 1286 911 errari.
1333 855 1393 909 Aut
1415 854 1494 910 enim

140 945 158 997 2
182 940 261 998 luere
283 938 430 1011 homines,
455 937 528 998 alter
550 955 566 998 e
589 941 734 997 communi
764 937 948 997 sacerdotum
970 956 1069 1015 grege,
1094 936 1168 997 alter
1190 937 1248 996 dur
1271 938 1308 996 ab
1333 940 1493 998 Artaxerxe

139 1024 242 1099 datus,
272 1025 378 1101 quibus
408 1025 511 1085 iisdem
534 1034 563 1085 et
585 1025 664 1084 idem
694 1042 854 1101 cognomen
885 1033 920 1103 et
940 1025 1046 1102 aliquis
1069 1023 1212 1084 Heehelia
1239 1034 1321 1102 pater
1348 1026 1418 1096 luit,
1443 1034 1494 1085 aut

139 1111 212 1170 illud
236 1129 298 1190 cap.
319 1119 366 1186 10,
391 1131 419 1171 v.
439 1119 465 1171 1.
488 1113 564 1172 lilius
587 1112 746 1172 Hecbeliac
771 1112 963 1172 commatibus
986 1131 1004 1171 a
1026 1115 1143 1171 nomine
1157 1112 1317 1173 Nehemiae
1340 1113 1493 1171 diremtum

139 1201 254 1276 irrepsit
282 1200 319 1259 ab
348 1217 396 1272 so,
427 1202 476 1276 qui
509 1201 604 1277 capita
627 1202 819 1278 transposuit,
849 1217 914 1259 cum
945 1202 1200 1277 transpositionem
1230 1203 1308 1278 ipse,
1333 1200 1385 1259 800
1407 1200 1494 1274 salso,

139 1289 336 1364 suspicaretur
357 1295 474 1364 propter
496 1295 641 1365 repertum
664 1290 692 1345 iu
718 1295 744 1347 1.
762 1287 871 1346 Esdrae
885 1287 1045 1347 Nehemiae
1068 1286 1192 1361 alicujus
1213 1304 1328 1360 nomen,
1353 1289 1398 1346 cui
1422 1304 1494 1363 cog·

138 1391 243 1432 nomen
267 1373 423 1434 Athersata
445 1375 513 1447 fuit,
538 1382 571 1434 ut
592 1377 633 1433 ita
656 1373 714 1432 000
737 1384 835 1434 008000
857 1374 998 1448 homiues,
1021 1374 1178 1433 Nehemias
1196 1373 1351 1434 athersata
1366 1374 1407 1455 (1.
1423 1373 1492 1433 Esd.

140 1468 169 1533 2,
189 1467 238 1534 63,
256 1467 284 1521 3.
303 1460 371 1521 iisd.
389 1465 422 1535 ὁ,
447 1459 499 1538 40)
522 1470 551 1521 00
572 1461 730 1521 Nehemias
751 1461 829 1521 tilius
851 1460 1021 1522 Heelreliae.
1044 1461 1176 1542 (Nehem.
1201 1463 1242 1536 1).
1289 1461 1374 1521 Certa
1395 1468 1495 1521 noster

139 1547 297 1608 Nehemias
319 1565 377 1606 non
400 1548 455 1607 luit
477 1548 552 1608 idern
576 1566 642 1607 cum
665 1548 724 1622 illo,
749 1551 799 1624 qui
824 1566 888 1608 eum
911 1548 1094 1609 Zorobabele
1115 1547 1210 1607 rediit.
1255 1547 1330 1607 Nam
1353 1567 1381 1606 v.
1400 1557 1415 1608 7
1437 1548 1494 1607 000

139 1653 198 1693 000
234 1635 382 1708 reticeret,
418 1635 467 1694 ubi
501 1645 636 1712 apparet,
667 1634 750 1694 illum
787 1636 860 1695 nibil
890 1653 989 1695 eorum
1022 1637 1202 1708 meminisse,
1231 1653 1307 1711 quae
1336 1638 1365 1694 in
1400 1638 1493 1712 primo

138 1722 232 1782 reditu
268 1722 449 1796 acciderunt,
482 1741 540 1782 non
568 1724 655 1799 igitur
685 1724 821 1782 interfuit.
867 1724 928 1783 Aut
955 1723 1031 1782 alius
1060 1723 1115 1782 luit
1136 1722 1293 1781 Nehemias
1319 1730 1345 1782 1.
1371 1723 1439 1784 Esd.
1464 1729 1493 1797 2,

139 1809 216 1868 alius
239 1809 397 1869 Athersata
420 1816 446 1868 1.
465 1808 531 1868 iisd.
558 1817 586 1882 2,
612 1812 661 1884 63,
687 1816 715 1872 3.
738 1810 808 1872 Esd.
832 1816 860 1883 5,
885 1817 942 1882 40,
971 1810 1046 1869 alius
1075 1809 1175 1869 itidem
1203 1809 1361 1870 Nehemias
1385 1810 1494 1870 Atbsr·
1576 1859 1581 1869 .

140 1905 205 1956 sata
229 1903 259 1956 2.
282 1895 350 1955 End.
375 1902 392 1956 8
418 1904 445 1956 et
472 1904 532 1970 10,
570 1903 597 1957 3.
622 1897 691 1956 Esd.
716 1900 750 1970 93
783 1898 908 1974 denique
931 1896 1006 1956 alius
1028 1897 1185 1957 Nehemias
1209 1896 1352 1956 Hechelia
1372 1897 1445 1957 Neh.
1465 1905 1492 1958 1.

139 1984 213 2042 Nam
238 1982 439 2043 sacerdotibus
463 1987 609 2044 accenseri
632 1984 768 2044 videntur
789 1984 832 2043 illi
854 1985 1015 2046 Nehemiae
1037 1984 1061 2042 Ι.
1084 1982 1153 2045 Εο0.
1170 1991 1198 2056 0,
1215 1984 1289 2043 Neh.
1309 1991 1391 2058 10,1
1418 1994 1447 2044 00
1463 1987 1492 2045 9.

139 2071 185 2130 De
208 2070 264 2130 000
289 2089 358 2130 vero
381 2071 462 2129 nulla
487 2072 553 2130 talis
576 2080 620 2131 est
642 2073 781 2149 suspicio,
805 2090 900 2148 neque
923 2072 1015 2130 ullum
1038 2071 1178 2130 indicium
1196 2074 1223 2128 in
1247 2072 1311 2147 ejus
1331 2074 1421 2148 gestis
1444 2074 1492 2129 in-

141 2159 248 2230 dubiis,
273 2161 343 2234 quin
367 2161 465 2237 potius
488 2177 503 2217 0
527 2161 680 2232 contrario,
705 2158 773 2216 dum
797 2162 858 2236 ipse
882 2158 917 2218 00
932 2176 964 2218 80
988 2157 1074 2232 (Neh.
1093 2159 1120 2232 0,
1143 2153 1197 2238 11)
1214 2166 1344 2231 testatur,
1368 2158 1492 2236 capitale

140 2247 196 2305 sibi
220 2263 299 2319 esse,
334 2245 474 2323 templum
504 2246 631 2322 ingredi,
663 2241 802 2318 testatur,
831 2263 863 2304 se
890 2263 947 2303 non
980 2263 1044 2304 esse
1075 2245 1264 2304 sacerdotem.
1310 2244 1493 2322 Quapropter

140 2333 233 2391 tribus
248 2332 441 2409 respondendi
460 2333 555 2391 modis
578 2335 744 2409 propositis,
768 2330 849 2390 illurn
865 2331 982 2408 quidem
1006 2335 1130 2408 primum
1150 2331 1366 2412 repudiabimus
1387 2341 1416 2392 et
1431 2332 1492 2392 Ne·

140 2420 250 2478 hemias
266 2437 323 2478 nou
341 2427 453 2479 tantum
470 2427 497 2489 2,
520 2419 571 2478 sed
595 2423 683 2480 etiam
707 2422 889 2493 dlaciemus,
914 2437 1036 2496 quorum
1059 2422 1168 2496 primus
1192 2437 1257 2478 eum
1271 2417 1366 2479 Jesua
1388 2437 1493 2478 ascen·
1608 2432 1612 2445 ·

140 2507 197 2580 00,
221 2507 381 2578 80000008,
415 2509 445 2564 in
467 2506 584 2566 Judaea
607 2516 709 2581 natus,
741 2506 851 2566 Esdrae
875 2509 1013 2580 astiterit,
1045 2508 1146 2566 tertius
1177 2506 1294 2565 ducatui
1326 2506 1491 2583 praefuerit,

140 2611 332 2671 quaecunque
361 2595 402 2652 illi
433 2595 621 2670 cognomina,
652 2611 843 2671 quoscunque
873 2602 1007 2670 parentes
1038 2594 1145 2652 habere
1177 2593 1318 2653 dicautur.
1362 2593 1437 2652 Nam
1465 2595 1492 2651 si

142 2691 159 2742 2
183 2682 293 2741 Esdrae
317 2699 381 2740 esse
404 2689 569 2757 potuerunt,
594 2699 724 2755 curuos
750 2690 779 2740 00
799 2680 981 2748 Nehemias?
1027 2675 1112 2742 Certe
1135 2680 1209 2739 Neh.
1226 2687 1254 2753 3,
1282 2686 1331 2741 16.
1356 2683 1490 2740 nomina·

140 2777 185 2827 tur
213 2769 320 2845 aliquis
342 2768 509 2843 Nehemias,
538 2769 615 2828 filius
639 2768 777 2842 Asbuck,
810 2770 945 2844 princeps
975 2770 1031 2827 vici
1064 2767 1206 2840 Betlrzur,
1237 2776 1266 2841 et
1296 2767 1490 2828 distinctionis

140 2873 229 2916 causa
251 2854 408 2915 Nehemias
431 2855 489 2914 dux
511 2855 625 2931 dieitur,
647 2856 755 2915 Esdras
770 2857 866 2915 scriba
882 2854 970 2930 (Neh.
989 2862 1037 2926 10,
1055 2855 1118 2932 00).
1158 2855 1241 2913 Duos
1263 2863 1362 2914 autem
1383 2855 1490 2914 Esdrae

139 2945 281 3003 recenseri
311 2950 407 3018 patet,
450 2945 521 3018 quia
558 2961 633 3002 unus
660 2943 734 3003 Neh.
761 2950 819 3016 12,
847 2950 873 3001 1.
903 2943 1067 3002 sacerdotio
1104 2942 1279 3017 fungebatur
1311 2945 1339 2999 iu
1371 2940 1490 3002 Judaea

141 3032 195 3090 sub
227 3029 334 3103 desua,
359 3033 406 3088 cui
429 3049 456 3087 v.
484 3037 533 3090 13.
557 3030 750 3089 Meschullam
781 3030 858 3088 illiue
882 3028 1028 3104 succedit,
1059 3029 1134 3088 alter
1165 3037 1375 3104 postmortem
1398 3029 1490 3090 Jesue

140 3128 168 3177 et
191 3116 332 3193 templum
356 3124 552 3176 constructum
575 3120 602 3174 in
621 3117 768 3176 Judaeum
791 3117 885 3176 rediit.
930 3116 1018 3196 (Vide
1046 3124 1200 3191 utrumque
1222 3115 1296 3176 Neh.
1322 3123 1371 3190 12,
1396 3124 1436 3177 33
1461 3125 1491 3176 et

141 3201 202 3282 86).
240 3204 271 3263 Si
296 3211 394 3263 tamen
418 3204 505 3263 alicui
529 3206 623 3263 minus
645 3205 717 3263 lraec
739 3204 854 3280 placeat
878 3204 1010 3278 audacia,
1033 3220 1085 3280 pro
1109 3220 1166 3262 000
1183 3203 1325 3263 Nehemia
1341 3212 1400 3263 tres
1416 3221 1489 3263 000-

141 3290 297 3364 stituendi,
320 3294 428 3367 poterit
456 3294 481 3349 is
504 3291 607 3350 modos
636 3290 766 3351 diuidere
797 3300 826 3350 et
854 3293 1039 3366 permiscere,
1064 3291 1195 3366 duosque
1222 3289 1380 3350 Nehemias
1410 3291 1488 3363 dare,

141 3396 264 3455 quorum
285 3381 395 3454 primus
419 3394 483 3437 cum
506 3378 600 3438 Jesua
621 3378 753 3438 ascendit
782 3380 811 3436 in
834 3377 994 3451 Judaeum,
1018 3377 1092 3437 alter
1118 3394 1256 3454 praesens
1281 3377 1390 3437 Esdrae
1412 3395 1489 3437 anno

142 3471 169 3525 i.
195 3467 362 3525 Artaxerxis
390 3473 418 3524 et
440 3467 590 3539 sacerdos,
623 3475 723 3525 contra
746 3483 810 3543 cap.
836 3472 864 3538 6,
889 3485 916 3523 0.
944 3471 992 3537 11,
1015 3472 1119 3541 008000
1148 3467 1176 3521 in
1201 3463 1349 3523 Persidem
1377 3467 1491 3540 abierit,

140 3555 190 3613 ubi
221 3570 285 3612 cum
309 3555 406 3628 regius
435 3556 572 3629 pincerna
600 3554 694 3613 lacius
725 3562 816 3626 esset,
847 3552 999 3611 eonsilium
1028 3551 1200 3611 aedificandi
1230 3567 1342 3609 murum
1373 3555 1488 3629 ceperit

141 3641 293 3717 Quamuis,
317 3643 342 3699 si
357 3639 455 3700 valere
475 3641 570 3714 debet,
594 3639 673 3717 quod
684 3642 748 3718 jam
770 3640 878 3699 dictum
901 3652 946 3700 est
969 3641 1003 3699 00
1027 3639 1202 3698 familiarum
1221 3638 1489 3714 indigetetionibus,

141 3730 220 3789 omni
250 3727 420 3787 dlllieultate
443 3745 543 3786 eumue
562 3728 686 3787 liberati.
732 3728 807 3788 Nam
830 3728 898 3786 000.
926 3735 952 3787 1.
996 3726 1153 3787 Nehemias
1184 3725 1355 3796 Athersata,
1387 3726 1489 3802 Esdra,

139 3818 258 3875 uomina
279 3832 467 3891 personarum
489 3814 723 3887 sacerdotalium,
746 3815 820 3873 Neh.
845 3820 966 3874 8et10
990 3815 1079 3873 00000
1101 3816 1220 3873 nomina
1243 3813 1428 3889 familiarum,
1452 3815 1489 3873 ab

140 3904 186 3963 his
215 3905 347 3980 personis
372 3903 625 3976 descendentium
653 3911 683 3961 at
705 3901 827 3961 Nehem.
853 3908 879 3960 1.
904 3909 948 3962 est
975 3918 1080 3960 nomeu
1113 3901 1188 3959 alius
1217 3917 1313 3959 nosne
1339 3918 1490 3976 personae.

141 3993 268 4051 Tantum
301 4006 374 4066 opus
408 3998 452 4048 est
484 3997 517 4048 ut
547 3990 691 4062 dieamus,
713 3990 786 4050 Neh.
814 3995 862 4060 10,
888 3996 914 4048 1.
947 3991 1096 4064 irrepsisse
1127 3988 1164 4047 ab
1196 3990 1365 4047 amanuensi
1398 3987 1490 4047 sciolo

140 4079 317 4154 superfluum
346 4075 419 4135 illud
453 4076 549 4149 ,filius
570 4077 734 4136 Hechelii.“
782 4075 917 4135 Summa:
946 4075 1021 4134 nihil
1048 4092 1106 4134 non
1136 4074 1305 4134 tentandum
1335 4075 1372 4134 ad
1396 4075 1490 4136 dissc-

141 4165 265 4226 caudum
289 4164 366 4222 huuc
388 4163 511 4236 nodum,
535 4173 566 4223 ut
591 4171 608 4224 3
634 4164 711 4223 dicta
735 4166 831 4239 capita
855 4165 882 4220 in
906 4181 990 4221 snum
1012 4164 1108 4222 locum
1132 4178 1269 4238 reponere
1291 4165 1446 4238 possimus.

247 4252 406 4312 Veniamus
437 4251 556 4310 tandem
580 4251 617 4311 ad
650 4257 836 4328 argumenta,
869 4246 977 4326 quibus
1009 4268 1098 4327 supra
1120 4249 1240 4309 indicati
1263 4248 1345 4309 dubii
1367 4256 1489 4310 eventus

142 4340 180 4400 ad
204 4357 297 4400 annos
320 4357 338 4397 a
358 4337 506 4412 Scaligero
530 4339 697 4416 designatos
719 4337 884 4414 alligentur.

246 4428 354 4485 Eorum
377 4432 484 4497 auteur,
518 4443 594 4500 quae
617 4425 748 4502 Scaliger
769 4426 867 4498 affert,
890 4423 1109 4483 fundamentum
1131 4423 1188 4482 000
1210 4431 1255 4483 080
1279 4421 1309 4503 1)
1331 4422 1410 4501 quod
1434 4424 1491 4483 du-

143 4515 228 4574 bitari
250 4531 308 4572 000
330 4519 427 4591 potest
454 4510 631 4572 Graecorum
653 4517 682 4570 in
705 4512 881 4573 annotandis
903 4512 1020 4588 regibus
1036 4511 1159 4570 Persicis
1182 4510 1342 4587 diligentia,
1364 4511 1396 4588 2)
1412 4510 1491 4588 quud

142 4602 272 4660 Hebraei
299 4617 358 4658 000
387 4598 460 4659 alios
488 4600 544 4658 sibi
575 4618 658 4679 reges
681 4600 809 4661 Persidis
832 4600 979 4672 linxerint,
1012 4616 1099 4674 quam
1121 4600 1176 4674 ipsi
1201 4597 1306 4657 Graeci
1327 4598 1489 4675 prodidero.

144 4688 287 4747 Probatur
309 4686 339 4744 id
363 4705 398 4747 ex
421 4686 558 4760 Daniele,
583 4691 632 4765 qui
656 4706 719 4764 cap.
747 4694 795 4746 11.
820 4689 1003 4760 vaticinatur,
1027 4684 1106 4761 quod
1130 4694 1250 4761 quartus
1272 4704 1321 4745 rex
1337 4686 1492 4746 Persarum

143 4775 261 4854 aOyro
285 4777 363 4834 omui
392 4791 481 4852 opum
505 4777 533 4834 vi
557 4773 710 4837 Graeciam
738 4777 777 4834 sit
804 4776 968 4835 invasurus.
1013 4772 1079 4833 Hos
1108 4775 1151 4835 ita
1177 4780 1320 4834 testantur
1350 4772 1491 4852 historici,
