3284 5520
705 332 795 389 lictae
813 330 959 388 Editoris.·
1435 335 1501 405 285

144 516 218 561 natae
237 510 452 575 consideratione,
477 523 528 559 nen
546 522 577 557 ex
596 510 707 557 onmium
726 508 924 559 consideratione
943 509 1088 585 constitqit,
1115 515 1143 558 ut
1167 524 1267 559 necesse
1286 518 1323 560 est
1340 515 1500 567 constituere.

143 583 178 631 At
195 582 285 631 iurean
303 588 358 631 erat
376 586 530 631 correcturus
549 588 657 640 systema
674 581 769 628 malum
788 592 818 627 ex
837 580 889 626 suls
908 576 1125 627 observationibus
1144 580 1301 629 emendatis?
1328 580 1501 651 Nequaquam,

142 650 188 701 sed
205 666 238 701 ea
256 650 429 701 admonitione
447 649 559 713 Keplerl,
576 656 601 697 et
619 649 713 715 Tycha,
733 650 777 711 qui
789 650 883 710 ubique
895 646 1072 697 certitudinem
1084 648 1230 710 indaginum
1244 664 1346 700 suarum
1359 656 1498 718 proiltetur,

141 735 174 770 aa
191 720 298 784 liepleri
315 724 390 771 uulua
407 723 556 770 auctoritate
575 722 756 769 constituturus
774 724 840 784 erat,
863 731 929 783 quae
952 718 1169 768 observationibus
1187 721 1268 782 primo
1286 720 1438 782 singillatim
1454 740 1501 789 ap-

140 789 254 855 plicatis,
271 790 361 841 delude
381 785 635 840 demonstrationibus
654 805 684 838 ex
698 789 915 839 observationibus
930 785 1044 837 deductis
1056 790 1207 838 constituero
1220 790 1385 857 Ptolemaeus,
1405 793 1501 858 (loper-

140 863 217 910 nlcue
235 866 261 911 et
279 863 424 927 quicunque
442 858 493 909 alli.
506 860 643 908 astronomi
663 868 759 921 partem
772 859 883 923 aliquem
897 859 1065 907 astronomiae
1077 859 1266 911 adornaverunt.
1298 862 1406 911 Stultum
1420 873 1499 913 astro·

143 945 250 981 nomum
268 937 440 994 repraesentas
453 929 558 993 lieplere
577 930 650 979 etde
669 937 693 979 te
712 936 796 992 posset
813 928 900 990 Tycho
919 927 1009 990 dicere,
1028 928 1096 993 quod
1119 930 1222 991 Gorgias
1241 931 1335 981 dixisse
1353 932 1384 983 de
1396 935 1502 985 Platone

142 1001 232 1061 ienur,
253 1004 342 1059 ,novit
359 1003 455 1063 egregie
473 1001 647 1049 malediceret
681 1000 808 1064 Videmus,
828 1004 856 1047 ut
873 1013 899 1046 se
915 1001 1002 1059 iactat.
1033 998 1088 1047 Non
1105 1003 1158 1058 jam
1177 1007 1231 1048 erat
1243 999 1338 1067 Tycho,
1357 1006 1401 1067 qui
1420 1013 1501 1055 astro·

141 1074 245 1121 nomiae
259 1070 383 1121 iabricam
400 1070 572 1135 meditaretur,
591 1070 635 1119 scd
653 1068 784 1132 lieplerus.
820 1066 888 1131 Quid
908 1083 936 1116 eo
955 1069 981 1117 in
1001 1083 1074 1132 opere
1092 1068 1198 1131 Tychai
1229 1070 1326 1120 Artifex
1344 1076 1502 1125 materiarius

142 1143 245 1191 iuturus
263 1148 329 1203 crat,
354 1140 452 1206 aliquas
471 1141 657 1189 observationes
674 1141 809 1189 attulisset.
845 1138 981 1199 Subiungit
998 1138 1103 1192 deiude:
1130 1140 1246 1199 ,orandi
1268 1143 1307 1189 ei“
1327 1150 1374 1195 etc,
1395 1170 1427 1180 -
1446 1146 1501 1195 Nero

145 1211 255 1274 amplius
275 1212 362 1260 doctm
374 1210 461 1272 Tpcbo
475 1210 585 1271 licpleri,
603 1209 645 1258 sed
665 1209 815 1271 discipulus!
835 1209 886 1257 nbi
905 1221 961 1256 cum
973 1208 1021 1256 ista
1033 1209 1110 1258 lnilda
1123 1210 1279 1261 defensione!
1298 1211 1364 1261 Malo
1377 1220 1401 1262 te
1414 1216 1501 1264 hostili

144 1285 230 1331 animo
249 1282 371 1331 adsersus
389 1295 441 1344 mc,
461 1287 489 1329 ut
506 1282 581 1345 iacis,
607 1278 785 1339 insultantem,
809 1292 887 1340 quam
904 1276 1020 1326 indecem
1039 1280 1205 1347 defensorem,
1224 1290 1251 1329 ut
1270 1288 1294 1330 te
1312 1282 1425 1343 Tycboni
1443 1300 1500 1348 per-

143 1353 224 1403 hibes.
244 1378 279 1389 -
297 1352 396 1401 Exacta
413 1365 471 1411 ergo
490 1364 534 1411 per
552 1355 576 1398 te
595 1351 718 1399 certitudo
736 1350 938 1398 observationum
962 1349 990 1396 in
1015 1350 1122 1410 planetis
1140 1350 1183 1398 dat
1200 1359 1296 1399 motum
1314 1352 1380 1402 Solis
1401 1355 1501 1419 simpli·

144 1437 210 1485 cem,
236 1428 266 1471 nt
284 1436 341 1471 eum
359 1421 467 1470 credidit
484 1422 564 1483 primo
582 1418 682 1485 Tycha,
709 1424 797 1468 exacta
818 1419 906 1467 itidem
923 1419 949 1466 lu
969 1417 1075 1480 planetis
1094 1420 1297 1469 observationum
1315 1425 1438 1474 certitudo
1457 1426 1503 1474 dat

147 1500 243 1541 motum
261 1492 328 1541 Solle
348 1492 525 1554 compositum:
550 1504 638 1552 nempe
663 1489 763 1538 eaedem
787 1487 898 1549 ejusdem
921 1488 958 1536 rei
976 1489 1160 1538 observationes
1179 1493 1267 1539 ambae
1285 1500 1364 1542 certae
1384 1501 1409 1542 et
1427 1509 1500 1544 verae

147 1563 208 1611 dent
227 1566 323 1610 motum
342 1559 481 1624 simplicem
501 1565 525 1607 et
542 1573 592 1608 non
611 1558 759 1623 simplicem,
779 1559 943 1620 compositum
963 1563 987 1606 ct
1005 1572 1055 1607 non
1074 1561 1249 1622 compositum.
1280 1562 1377 1629 Fateor,
1395 1578 1434 1613 me
1448 1579 1501 1614 esse

147 1645 247 1681 mecum
271 1631 304 1679 ad
326 1630 468 1679 istiusmodi
492 1628 601 1692 colores,
629 1625 731 1679 obrutos
754 1643 855 1692 prorsus
880 1629 990 1676 tenebris
1017 1627 1142 1681 salsitatis.
1180 1631 1325 1680 istiusmodi
1350 1635 1418 1682 rivus
1440 1638 1501 1685 tuus

147 1708 194 1750 tam
214 1702 290 1762 longe
307 1716 323 1749 a
340 1702 445 1749 veritate
463 1701 595 1764 procurrit,
614 1704 642 1748 ut
660 1700 756 1764 oculus,
775 1700 841 1749 intra
858 1698 963 1746 rationis
982 1705 1007 1745 et
1019 1700 1130 1748 veritatis
1143 1698 1235 1749 limites
1248 1715 1275 1749 se
1288 1705 1426 1764 scutimus,
1445 1719 1501 1753 eum

146 1785 189 1821 nec
207 1776 375 1833 corrsequatur
393 1784 440 1818 nec
459 1771 577 1834 consequi
596 1767 670 1834 velit;
690 1772 788 1819 eminus
806 1774 904 1816 tantum
923 1768 1031 1833 despicit
1049 1775 1073 1816 et
1091 1771 1224 1819 erraticum
1243 1786 1340 1821 cursum
1354 1775 1499 1829 detestatur.

251 1854 299 1920 22)
317 1858 386 1920 [pag.
406 1859 479 1918 221]⁸
514 1856 599 1917 Tycho
623 1857 704 1918 capite
727 1862 814 1905 octavo
838 1851 898 1905 libri
916 1854 947 1903 de
966 1861 1064 1904 cometa
1082 1859 1141 1905 euni
1161 1859 1237 1910 1577.
1256 1859 1410 1909 haecdicit:
1438 1861 1500 1911 (ium

148 1926 392 1991 animadvertissem,
411 1933 519 1975 veterem
537 1924 608 1974 illam
626 1932 651 1974 et
669 1924 848 1974 Ptolemaicam
867 1925 1012 1974 coelestium
1031 1927 1129 1975 orbium
1148 1927 1354 1979 distributionem
1371 1946 1422 1980 non
1440 1935 1501 1982 satis

147 1998 296 2046 concinnam
321 2002 348 2045 et
368 2001 407 2045 tot
428 2002 603 2057 tantorumque
622 1994 788 2058 epicyclorum
808 1995 973 2060 assumtione,
1000 1997 1093 2059 quibus
1112 1998 1273 2048 habitudines
1292 2000 1449 2062 planetarum
1466 2003 1501 2051 ad

149 2067 231 2116 Solem
249 2067 434 2131 eorundemque
452 2067 677 2126 retrogradationes
696 2072 720 2114 ct
737 2067 858 2114 stationes
881 2079 937 2113 cum
955 2064 1039 2126 aliqua
1056 2075 1128 2129 parte
1145 2069 1336 2132 inaequalitatis
1353 2075 1500 2136 apparentis

148 2142 312 2198 excusantur,
336 2151 556 2199 supervacaneam,
579 2138 629 2184 imo
653 2137 698 2184 has
721 2136 870 2197 hypotheses
889 2142 977 2183 contra
993 2137 1050 2197 ipsa
1068 2139 1129 2185 artis
1147 2140 1226 2199 prima
1245 2141 1372 2203 principia
1389 2157 1500 2206 peccare,

147 2208 203 2255 dnm
222 2208 353 2257 circularia
370 2213 453 2256 motus
470 2204 650 2268 aequalitatem
669 2220 720 2254 non
739 2208 806 2254 circa
824 2207 964 2269 proprium,
990 2212 1018 2253 ut
1036 2210 1158 2268 oportuit,
1183 2209 1226 2256 sed
1244 2210 1371 2276 alienum,
1396 2215 1500 2262 alterius

148 2277 265 2326 videlicet
283 2278 416 2325 eccentricl
434 2274 522 2343 (quem
541 2282 690 2341 aequantem
708 2277 739 2324 ob
759 2277 785 2324 ld
803 2277 967 2323 communiter
985 2274 1089 2342 vocant)
1114 2284 1227 2327 centrum
1247 2281 1300 2327 lieri
1318 2294 1391 2341 posse
1409 2285 1498 2332 incon-

148 2349 275 2396 senieuter
292 2347 443 2410 admittunt,
463 2360 569 2410 cumque
589 2360 637 2394 orna
656 2346 861 2406 considerassem,
881 2346 1032 2393 neotericam
1051 2347 1158 2407 ingentis
1177 2346 1246 2397 illius
1266 2348 1396 2411 Copsruici
1415 2349 1440 2401 in
1461 2355 1500 2402 his

147 2417 174 2465 ad
199 2419 281 2467 instar
303 2418 395 2465 mouth
414 2417 551 2465 Aristarchi
570 2417 649 2465 Samii
666 2417 832 2464 introductam
851 2416 1051 2479 innovationem,
1077 2423 1134 2465 utut
1151 2432 1195 2476 ea,
1222 2432 1284 2480 quae
1302 2422 1328 2466 in
1347 2421 1500 2472 Ptolemaios

148 2486 312 2550 dispositione
337 2485 462 2549 superflua
480 2486 687 2549 dissentaneaqus
707 2487 865 2545 incidebant,
883 2486 944 2534 scite
963 2485 1099 2534 admodum
1117 2494 1263 2549 praecaveat
1279 2490 1395 2554 nihilque
1413 2501 1500 2541 contra

148 2558 325 2606 mathematica
343 2558 470 2619 principia
487 2554 630 2620 delinquat,
656 2555 714 2603 dum
733 2562 815 2603 nmen
834 2555 923 2604 Terrae
941 2569 1068 2621 grossum,
1092 2560 1190 2618 pigrum
1214 2556 1378 2624 inhabileque
1395 2561 1427 2610 ad
1445 2577 1485 2612 mo

149 2626 256 2675 sendum
279 2640 369 2689 corpus
391 2625 458 2673 haud
483 2625 643 2674 dissolutiore
667 2630 751 2673 tenore
769 2630 851 2673 motus
871 2622 934 2691 (imo
953 2630 978 2673 et
996 2625 1083 2674 eodem
1101 2626 1209 2693 triplici)
1227 2643 1302 2693 quam
1321 2631 1438 2679 aetherea
1456 2631 1500 2681 illa

149 2697 243 2745 lumina
261 2697 351 2756 agitari
370 2697 467 2757 statuit,
482 2709 532 2742 non
552 2697 632 2744 solum
651 2695 767 2757 physices
785 2696 925 2759 principiis,
945 2695 986 2743 sed
1007 2697 1080 2744 etiarn
1098 2699 1244 2748 authorlteti
1263 2700 1392 2749 Sacrorum
1410 2700 1499 2751 litera·

151 2781 210 2827 rum,
231 2767 366 2831 aliquotles
384 2767 474 2814 Terrae
493 2764 657 2814 stabilitatem
677 2767 885 2821 confirmantium,
903 2767 1027 2824 refragari,
1046 2772 1074 2815 ut
1087 2768 1117 2815 da
1130 2771 1272 2817 vastissimo
1285 2772 1423 2833 capacitate
1435 2774 1501 2821 inter

151 2838 235 2885 orbern
254 2837 355 2886 Saturni
375 2842 399 2885 et
417 2843 527 2885 octavam
547 2837 689 2898 sphaeram,
714 2849 777 2900 quaa
802 2849 902 2897 prorsus
927 2835 1051 2883 sideribus
1070 2851 1147 2885 sacua
1165 2839 1211 2887 hac
1228 2841 1420 2889 ratiocinatione
1439 2843 1498 2892 red-

150 2907 225 2972 ditur,
245 2906 327 2971 deque
345 2904 404 2955 aliis
422 2906 633 2954 inconvenientiis
650 2905 715 2953 hane
727 2907 808 2967 ipsam
820 2906 1016 2966 speculationem
1030 2909 1254 2957 concomitantibus
1267 2923 1334 2959 nunc
1346 2925 1396 2959 non
1410 2912 1499 2971 dicam,

150 2991 202 3025 euna
229 2977 333 3042 iuquam
357 2982 475 3040 utrasque
493 2976 537 3023 bas
556 2975 706 3038 hypotheses
725 2976 771 3023 hoc
789 2974 862 3027 modo
882 2989 931 3023 non
949 2973 1017 3023 leves
1035 2977 1205 3026 absurditates
1223 2979 1356 3029 admittere
1375 2983 1499 3045 introspe-

149 3049 256 3111 rlesem,
282 3047 354 3109 coepi
372 3060 469 3095 mecum
487 3043 562 3093 aluus
581 3046 701 3107 recolere,
725 3059 791 3092 anne
809 3045 895 3109 aliqua
913 3044 1088 3107 hypothesium
1107 3049 1172 3095 ratio
1190 3050 1296 3097 inveniri
1315 3058 1413 3111 posset,
1438 3066 1500 3114 quae

149 3122 197 3166 mm
217 3116 407 3176 mathematice,
432 3122 485 3164 tum
504 3117 578 3163 etiam
597 3115 700 3176 physice
718 3115 880 3179 undiquaque
899 3122 964 3163 recte
983 3123 1120 3177 constaret,
1146 3131 1227 3182 neque
1251 3122 1328 3169 etiam
1347 3121 1500 3182 theologicas

149 3200 265 3235 ausuras
293 3185 475 3246 subterfugeret
501 3190 526 3232 et
549 3182 624 3232 simul
649 3186 803 3247 apparentiis
829 3186 980 3233 coelestibus
1006 3184 1117 3235 totaliter
1140 3188 1303 3241 satisfaceret.
1338 3191 1500 3257 Tandemque

149 3258 220 3322 quael
240 3271 271 3304 ex
290 3257 416 3318 insperato
436 3257 601 3314 succurrebat,
620 3269 671 3318 qua
689 3255 883 3303 conformatione
901 3253 1087 3303 revolutionum
1106 3258 1250 3307 coelestium
1268 3261 1329 3309 ordo
1349 3264 1499 3312 commodis·

149 3328 207 3376 elme
227 3326 397 3388 disponendus
415 3327 507 3388 ueniat,
527 3331 555 3372 ut
573 3326 688 3373 omnibns
707 3325 746 3372 his
764 3326 960 3385 incongruentiis
973 3339 1033 3373 ansa
1045 3328 1227 3395 praecludatur,
1246 3343 1322 3391 quum
1336 3345 1401 3381 nuuc
1413 3334 1498 3394 philo-

151 3398 251 3461 sophiae
270 3396 383 3445 coelestis
402 3394 540 3444 cultoribus
558 3395 665 3443 breviter
684 3395 820 3442 indicatam
839 3397 1035 3446 communicabo.

247 3466 357 3531 Terram,
376 3480 453 3530 quam
471 3467 618 3529 incolimus,
638 3471 748 3513 centrum
768 3467 877 3513 universi
895 3480 1015 3528 occupare
1033 3468 1153 3528 nulloque
1171 3483 1253 3518 annuo
1272 3474 1355 3533 motu,
1373 3477 1402 3519 ut
1419 3471 1500 3521 voluit

150 3534 313 3600 Cuperuicus,
333 3537 460 3595 convolvi,
479 3549 535 3585 cum
553 3536 678 3583 veteribus
697 3536 845 3584 astronomis
863 3542 888 3583 et
907 3536 1066 3597 physicorum
1084 3539 1190 3600 receptis
1210 3542 1353 3593 sententiis.
1379 3548 1498 3592 attestan-

148 3609 212 3657 tibus
230 3607 259 3656 ld
278 3608 360 3669 ipsum
379 3606 463 3656 Sacris
480 3606 582 3667 iusuper
603 3606 696 3670 literis,
723 3607 787 3653 citra
810 3619 883 3653 omne
908 3605 1012 3654 dubium
1039 3607 1198 3656 statuendum
1217 3625 1318 3669 censeo;
1344 3616 1419 3672 juxta
1436 3613 1498 3663 Ter·

149 3690 196 3727 ram
216 3691 277 3725 vero
296 3679 407 3725 omnium
425 3676 522 3724 orbium
542 3675 645 3724 secundi
664 3673 765 3723 mobilis
784 3681 867 3724 centra
885 3678 991 3738 versari,
1010 3682 1037 3725 ut
1054 3674 1211 3727 Ptolemaeus
1230 3686 1254 3727 et
1272 3689 1367 3731 veteres
1386 3684 1498 3733 credide-

150 3754 218 3812 runt,
245 3760 298 3795 non
322 3747 457 3810 astipulor,
482 3745 526 3794 seu
551 3746 587 3793 ita
610 3746 728 3794 circuitus
751 3744 870 3795 coelestes
892 3746 1062 3795 administrari
1077 3747 1179 3814 iudico,
1205 3756 1232 3797 ut
1249 3752 1323 3800 umbo
1342 3750 1498 3803 solummodo

148 3818 232 3867 mnndi
250 3814 403 3876 luminaria,
431 3823 570 3878 temporum
594 3815 803 3864 discriminationi
822 3817 993 3879 inservientia,
1020 3822 1045 3865 et
1062 3818 1136 3866 slmrrl
1155 3822 1320 3869 remotissima
1338 3827 1499 3889 omniumque

149 3890 251 3937 alierum
271 3888 415 3935 couceutrix
435 3892 523 3934 octava
541 3886 647 3947 sphaera
660 3886 760 3933 Terram
778 3891 896 3945 tanquam
917 3892 1027 3934 centrum
1046 3901 1148 3936 suarum
1161 3891 1343 3940 revolutionum
1357 3896 1498 3959 respiciant,

148 3959 257 4023 reliquos
277 3970 334 4005 vero
352 3959 465 4020 quinque
484 3954 595 4017 planetas
614 3959 681 4004 circa
700 3954 783 4004 Solem
801 3958 897 4018 ipsum,
924 3957 993 4004 velut
1014 3959 1144 4021 proprium
1169 3959 1255 4008 ducem
1279 3967 1304 4009 et
1326 3977 1407 4023 regem
1426 3979 1498 4024 gyros

148 4027 235 4077 ducere
253 4041 360 4091 eumque
379 4040 476 4088 semper
493 4026 519 4074 in
538 4025 680 4074 meditullio
700 4040 799 4075 suarum
818 4024 1001 4075 revolutionum
1021 4028 1175 4077 incedentem
1194 4031 1336 4089 observare,
1359 4035 1397 4081 ita
1419 4040 1447 4081 ut
1465 4033 1498 4082 ad

148 4098 225 4161 ipsius
243 4098 376 4148 circuitum
396 4097 472 4144 etiam
491 4101 577 4145 centra
595 4098 701 4153 orbium,
721 4110 784 4158 quos
802 4097 869 4144 circa
887 4096 969 4157 ipsum
988 4096 1141 4164 describunt,
1160 4102 1292 4149 annuatim
1312 4102 1498 4169 convolvuntur,

149 4181 270 4220 tesesero.
308 4166 337 4214 ld
356 4167 421 4215 euim
440 4180 490 4214 non
509 4164 591 4214 solum
609 4169 635 4214 in
654 4166 752 4215 Venere
770 4171 795 4213 et
812 4165 945 4226 Mercurio,
965 4168 996 4214 oh
1010 4168 1118 4218 minores
1131 4183 1215 4218 eorum
1228 4186 1241 4218 a
1254 4172 1311 4221 Sole
1325 4173 1498 4239 digressiones,

148 4239 187 4288 ted
207 4240 286 4288 etiam
305 4238 330 4284 in
348 4237 429 4285 tribus
447 4237 505 4284 aliis
524 4236 693 4298 superioribus
712 4236 822 4298 planetis
841 4236 922 4283 locum
942 4236 1033 4285 habere
1051 4237 1175 4287 adinveni.
1211 4242 1296 4305 Atque
1313 4243 1361 4290 hoc
1379 4244 1453 4292 modo
1471 4246 1498 4292 in

149 4310 226 4358 tribus
243 4309 286 4356 hia
304 4307 477 4355 remotioribus
497 4306 620 4368 planetis,
644 4308 688 4372 qui
712 4308 829 4355 vastitate
847 4320 947 4353 suarum
966 4308 1031 4354 circa
1048 4308 1132 4356 Solem
1151 4311 1336 4360 revolutionum
1354 4314 1456 4362 Terram
1474 4320 1500 4362 et

149 4382 223 4428 totum
243 4379 418 4427 elementarem
437 4377 557 4424 mundum
576 4391 675 4441 urraqoc
691 4377 786 4425 Lunam
806 4377 863 4424 huic
876 4378 1052 4425 conterminam
1067 4377 1207 4444 includunt,
1226 4384 1306 4430 omnis
1320 4381 1365 4431 illa
1377 4398 1498 4446 apparens

150 4455 227 4498 notua
246 4447 427 4510 inaequalitas,
451 4460 516 4510 quae
535 4447 661 4494 veteribus
678 4449 709 4494 ab
729 4444 861 4508 eplcyclis,
886 4444 1023 4507 Cupernico
1042 4462 1099 4496 vero
1119 4449 1150 4496 ob
1169 4456 1262 4498 motum
1282 4466 1391 4501 annuum
1410 4454 1498 4503 Terrae

152 4521 279 4582 contingit,
299 4531 343 4579 per
361 4516 437 4564 talem
457 4517 535 4563 centri
554 4517 621 4564 orbis
639 4518 738 4565 illorum
758 4530 808 4563 una
827 4529 882 4564 cum
896 4513 961 4564 Solis
980 4529 1063 4565 annua
1076 4520 1228 4568 revolutione
1243 4525 1497 4579 ,concomitantiam“

152 4590 275 4651 aptissime
294 4593 443 4646 excusatur,
462 4591 486 4633 et
504 4587 656 4634 stationibus
675 4602 705 4634 ao
723 4586 980 4646 retrogradationibus
999 4601 1097 4651 eorum,
1116 4592 1229 4638 accessui
1247 4593 1278 4639 ad
1297 4593 1397 4642 Terram
1416 4602 1441 4643 et
1458 4609 1498 4643 re-

152 4662 227 4708 eeseui
246 4671 294 4708 etc.
322 4658 420 4705 occasio
440 4654 567 4704 sufficiens
585 4659 729 4717 porrigitur.
767 4658 794 4703 ln
814 4657 909 4703 Venere
926 4662 1009 4704 autem
1028 4665 1053 4706 et
1072 4658 1195 4708 Mercurio
1214 4662 1315 4722 ipsimet
1333 4666 1397 4712 circa
1415 4666 1497 4714 Solem

154 4729 267 4779 circuitus
286 4730 395 4777 minores
413 4730 438 4774 et
455 4726 555 4774 Terram
575 4740 625 4775 non
643 4728 782 4774 ambientes
802 4727 969 4785 haecomnia,
987 4741 1044 4776 cum
1061 4730 1181 4778 rationem
1194 4732 1318 4794 quandum
1332 4736 1498 4796 epicyclorum

155 4808 205 4859 prae
227 4814 255 4851 ee
277 4801 341 4850 terre
360 4796 504 4863 rideantur,
529 4797 722 4846 subministrant
739 4809 837 4857 unaque
856 4796 886 4845 de
904 4795 992 4847 horum
1011 4795 1163 4860 planetarum
1182 4815 1256 4864 supra
1275 4804 1315 4853 rel
1332 4807 1396 4855 inira
1414 4807 1498 4858 Solem
