3284 5520
146 346 214 415 260
647 344 783 416 Tyelronis
800 345 1011 417 Hyperaspiates
1060 374 1063 379 ·

251 525 415 585 Audiamus
429 531 527 584 tamen
550 522 739 603 ἀποτροπαια
762 533 822 599 tua,
847 524 966 601 dignum
981 524 1088 585 Hercle
1103 522 1214 602 patella
1231 522 1417 600 operculum,
1441 541 1505 584 cer·

147 624 211 674 tant
234 615 388 674 verborum
412 615 539 688 ineptiae
562 630 628 671 cum
649 612 777 672 realibus
801 615 955 673 erroribus.
994 612 1116 672 Cometa
1138 612 1199 680 bic,
1223 612 1336 687 inquis,
1361 613 1444 672 venit
1466 610 1505 671 ad

146 701 298 762 meridiani
322 698 537 761 semicirculum
560 701 723 760 inferiorem
746 702 846 776 ibique
870 704 951 760 visus
974 710 1027 772 est,
1050 717 1109 759 non
1132 703 1161 757 in
1183 702 1373 777 superiorem.

252 792 281 849 9.
320 791 411 866 Atqui
439 788 487 848 hic
517 787 612 848 solum
634 790 765 864 superior
788 787 941 848 meridiani
963 787 1162 847 semicirculus
1184 787 1270 845 nobis
1292 803 1408 864 semper
1430 786 1505 846 snb·

147 877 226 937 limis
249 886 278 937 et
300 879 330 934 in
353 884 512 953 conspecto
535 884 592 949 est,
617 887 648 935 at
671 875 752 933 illum
774 877 830 935 sub
852 874 977 951 pedibus
1000 884 1067 952 styx
1082 885 1146 935 atra
1163 873 1242 934 videt
1257 890 1417 950 manesque
1433 890 1503 951 pro-

146 965 236 1023 inndi.
274 965 379 1023 Visum
402 980 472 1040 ergo
495 981 558 1023 esse
581 972 724 1023 cometam
747 965 799 1036 ait,
824 981 888 1023 cum
912 965 937 1022 is
960 964 1014 1023 sub
1029 963 1119 1023 Terra
1142 970 1236 1034 essct,
1260 978 1326 1021 cum
1341 961 1394 1021 Sol
1416 962 1504 1021 nobis

146 1053 203 1114 diei
226 1053 321 1112 lucem
344 1050 529 1112 offunderet?

254 1140 303 1200 10.
332 1139 367 1197 ln
390 1148 473 1199 tanta
495 1138 676 1198 absurditate
699 1137 787 1213 bajus
807 1137 941 1197 affirmati
965 1145 1024 1194 tam
1043 1136 1216 1212 inopinabili
1238 1135 1344 1196 licetne
1360 1137 1413 1195 tibi
1429 1136 1503 1195 snb·

148 1229 248 1287 venire
270 1228 507 1304 interpretatione
530 1224 654 1285 voculae
676 1223 899 1285 semicirculus?
931 1223 966 1282 Id
988 1225 1094 1282 laciam
1117 1224 1270 1300 equidem,
1302 1223 1355 1282 sed
1383 1226 1504 1283 veniam

149 1313 243 1388 dabis,
265 1317 291 1373 si
314 1322 342 1373 te
363 1317 483 1390 gravius
506 1312 629 1384 laesero,
653 1330 711 1371 uon
736 1315 818 1390 potui
840 1313 917 1372 enim
931 1310 987 1370 hac
1006 1314 1068 1370 viee
1082 1313 1181 1371 mitius
1196 1328 1291 1388 agere.
1330 1310 1504 1371 Interiorem

147 1410 179 1460 tn
200 1401 415 1461 semicirculum
430 1400 581 1461 meridiani
598 1400 695 1459 dixisti
712 1399 804 1475 illum,
828 1403 878 1476 qni
901 1408 946 1459 cst
962 1400 1036 1458 inira
1050 1399 1144 1476 polos,
1168 1402 1224 1458 cisi
1238 1416 1306 1476 pars
1322 1398 1387 1474 ejus
1404 1398 1504 1458 adbuc

145 1507 236 1565 supra
258 1489 446 1550 horizontem.

252 1580 300 1637 ll.
332 1576 364 1637 Si
387 1577 443 1636 lroc
464 1574 595 1649 voluisti,
619 1574 756 1635 succedet
779 1574 831 1634 tibi
855 1591 926 1634 sane
949 1575 1014 1646 boc,
1039 1571 1118 1649 quod
1137 1580 1251 1633 cometa
1266 1575 1295 1631 iu
1310 1580 1393 1649 parte
1410 1575 1502 1633 meri-

149 1660 229 1721 diani
251 1662 471 1742 septentrionali
494 1662 567 1721 inira
589 1663 689 1739 polum
711 1662 849 1720 humilior
864 1662 978 1721 iuturus
993 1669 1038 1720 est
1053 1656 1191 1720 Caerellia
1206 1678 1295 1738 quarn
1310 1658 1503 1737 Uraniburgi,

144 1749 239 1824 major
260 1753 349 1827 igitur
370 1750 529 1828 parallaxis
552 1749 612 1809 illic
635 1766 722 1827 qnam
746 1749 801 1821 bic,
825 1766 920 1825 coque
942 1758 972 1808 et
994 1747 1145 1808 deficiente
1165 1747 1304 1808 Caesellis
1326 1747 1502 1808 altitudine:

146 1835 177 1895 id
192 1838 287 1914 ipsum
300 1838 421 1912 scilicet,
445 1836 525 1915 quod
540 1836 650 1897 iactum
664 1855 701 1899 ex
717 1836 857 1916 Tyclrom
871 1836 1001 1910 adducis,
1025 1845 1057 1895 at
1071 1836 1209 1896 succedet
1223 1853 1289 1896 eam
1303 1838 1433 1896 maximo
1450 1843 1502 1895 tao

147 1922 254 1983 damno
278 1935 307 1986 et
330 1927 449 2003 pudore,
472 1934 587 1985 cometa
609 1928 686 1985 enim
709 1928 833 2003 primum
848 1924 993 1998 australis,
1017 1933 1084 2001 post
1099 1926 1127 1981 in
1144 1925 1271 1999 boream,
1296 1925 1347 1984 ubi
1361 1926 1501 1998 maxime,

146 2021 290 2089 evagatus
313 2012 352 2072 ad
376 2010 432 2073 42ο
453 2011 618 2072 latitudinis
641 2015 669 2070 in
692 2016 778 2087 signo
797 2012 957 2089 Sagittarii,
981 2027 1076 2088 eoque
1099 2012 1136 2070 ab
1159 2021 1318 2088 aequatura
1340 2028 1401 2070 non
1425 2012 1505 2070 ultra

144 2095 203 2158 20ο
224 2099 373 2160 declinans
395 2104 425 2159 in
440 2101 568 2173 boream,
592 2101 648 2174 bic,
672 2102 801 2176 inquam,
825 2108 853 2159 te
868 2102 1129 2160 astronomicarum
1144 2116 1239 2158 rerum
1254 2107 1397 2176 praetore,
1424 2098 1502 2158 Cas·

143 2184 224 2245 sellie
248 2195 277 2247 ct
299 2185 477 2264 Uraniburgi
498 2205 555 2247 non
580 2187 700 2260 occidit,
725 2188 753 2244 in
777 2189 974 2262 septentrione
997 2186 1178 2247 culminavii.
1224 2185 1250 2247 Ο
1275 2204 1321 2246 me
1342 2195 1502 2262 amentem,

115 2328 118 2337 .
143 2275 195 2348 qni
223 2282 371 2335 auctorem
401 2284 460 2335 tam
489 2276 603 2335 iutilem
632 2276 745 2335 reintoi
778 2273 837 2334 Sed
861 2274 999 2334 desistam
1022 2276 1060 2335 ab
1083 2274 1140 2334 bac
1161 2290 1228 2335 mea
1250 2276 1501 2352 interpretatione.

142 2360 271 2422 Invitum
294 2364 371 2423 enim
395 2365 446 2440 qui
468 2371 566 2423 servat
589 2371 619 2422 ct
640 2364 682 2422 sic
704 2369 803 2423 servat
825 2362 862 2422 ab
886 2379 945 2423 una
967 2364 1068 2422 mortis
1091 2362 1228 2440 imagine,
1251 2369 1284 2421 nt
1305 2363 1335 2420 in
1350 2361 1503 2422 diversam

143 2449 265 2524 uruat,
287 2449 365 2513 idam
386 2452 457 2511 iacit
479 2450 631 2511 occidenti.

249 2541 299 2596 12.
336 2538 479 2598 Revertor
500 2541 590 2616 igitur
613 2536 650 2597 ad
673 2539 780 2614 priora.
825 2536 898 2597 Cum
923 2538 999 2596 enim
1023 2537 1097 2597 haec
1123 2541 1160 2596 18
1184 2539 1297 2596 minuta
1319 2539 1502 2598 contrarium

142 2622 213 2699 quid
236 2627 294 2686 slnt
317 2626 390 2701 ejus,
414 2626 493 2703 quod
516 2624 674 2701 parallaxis
698 2624 812 2685 efficere
835 2625 919 2697 solet,
942 2632 1025 2700 patet
1046 2631 1132 2697 recte,
1157 2623 1327 2701 Tycbonem
1349 2642 1441 2702 super
1464 2643 1503 2686 ea

141 2726 172 2769 re
196 2709 277 2771 litem
301 2713 459 2774 intendisse
482 2715 553 2791 ipsis
577 2712 832 2773 observationibus
846 2710 1033 2788 Landgravii,
1057 2728 1151 2788 neque
1175 2720 1288 2772 tantum
1308 2716 1416 2772 nisum
1439 2731 1501 2773 ease

140 2815 191 2857 eas
211 2816 366 2875 mucore,
388 2801 441 2861 scd
463 2818 493 2860 re
517 2805 581 2879 ipsa
603 2800 669 2861 illas
692 2800 874 2874 confutasse,
897 2816 952 2859 nec
971 2817 1029 2876 pro
1051 2799 1181 2859 arbitrio
1196 2818 1246 2859 eos
1260 2800 1498 2877 reprehendisse,

142 2884 195 2945 sed
217 2897 304 2963 proni
325 2890 436 2949 veritas
457 2891 522 2965 ipsa
543 2887 722 2965 postulabat.

132 3020 135 3027 .
249 2977 298 3034 13.
335 2975 413 3035 Sane
444 2977 561 3052 quidem
592 2978 680 3035 etiarn
709 2983 812 3035 testem
844 2974 964 3035 adducit
993 2991 1092 3034 secum
1120 2975 1288 3049 facientem,
1322 2973 1501 3035 Taddaeum

141 3059 327 3137 Haggecium
356 3080 421 3122 cnm
449 3066 511 3123 suis
541 3063 795 3122 observationibus
818 3063 1030 3140 Pragensibus,
1059 3080 1096 3122 ne
1119 3053 1231 3122 rursum
1254 3081 1273 3122 a
1295 3061 1499 3124 Claramontio

143 3157 354 3223 contemnatur,
378 3159 410 3208 ut
431 3149 512 3210 solus
534 3161 625 3211 stans.
1402 3199 1406 3205 .

247 3239 295 3298 14.
334 3235 412 3312 Quid
436 3238 514 3314 quod
537 3241 565 3296 in
588 3241 655 3316 ipsa
676 3237 856 3314 aequalitate
879 3247 1019 3315 perpetua
1041 3236 1129 3313 bajus
1154 3235 1283 3296 deiectus
1304 3239 1383 3298 inest
1405 3256 1498 3316 argn-

139 3330 268 3383 mentum
297 3327 398 3384 vitiosi
425 3328 499 3386 situs
528 3328 723 3386 instrumenti.
769 3325 907 3385 cometae
936 3327 1013 3385 enim
1035 3323 1204 3384 distantiam
1227 3342 1245 3384 a
1268 3324 1359 3388 Terra
1380 3335 1526 3396 mutant,

140 3427 235 3487 eoque
258 3419 287 3472 et
309 3413 489 3490 parallaxin,
519 3413 592 3474 haec
620 3430 689 3473 vero
715 3417 753 3474 18
778 3415 890 3472 minuta
913 3430 1032 3473 canaam
1054 3413 1172 3489 sapiunt
1195 3419 1394 3489 constantem,
1424 3416 1498 3491 qnia

140 3508 169 3557 ct
192 3501 257 3574 ipsa
280 3503 445 3561 constantia
468 3512 557 3560 erant.

247 3587 294 3646 lb.
324 3586 390 3647 Non
414 3587 571 3665 degenerat
594 3587 760 3662 conclusio,
784 3605 852 3647 narn
875 3591 904 3647 in
928 3605 964 3647 ea
985 3586 1088 3663 Tycbo
1111 3597 1246 3646 oneratur
1260 3587 1496 3648 luculentissimo

142 3671 290 3748 figmento,
313 3683 458 3735 cometam
480 3676 563 3735 bunc
584 3676 623 3735 ab
646 3677 699 3735 illo
720 3679 887 3751 repositum
911 3692 969 3734 esse
990 3692 1086 3750 supro
1108 3677 1208 3750 ipsum
1228 3681 1371 3735 comeam
1384 3676 1498 3752 miece-

139 3775 218 3834 ram,
243 3767 272 3820 et
293 3760 448 3822 adducitur
470 3771 568 3824 textus
591 3781 627 3823 ex
651 3763 716 3839 ejus
736 3771 817 3823 tomo
839 3762 878 3822 ll.
904 3763 1061 3840 Progymn.
1085 3779 1154 3838 pag.
1179 3768 1251 3822 442.

247 3849 295 3908 16.
334 3848 421 3910 Libet
443 3849 612 3911 Ciceronem
636 3853 743 3910 imitari
766 3850 950 3927 quaerendo:
983 3848 1084 3924 Quid?
1105 3849 1207 3925 Egone
1229 3858 1258 3909 te
1282 3848 1370 3910 bodie
1393 3847 1496 3910 literas

139 3931 260 3995 doceam
282 3937 380 4010 asine,
412 3940 462 4013 qui
484 3955 543 3997 non
565 3938 728 4014 intelligas,
760 3939 981 4015 interrogationi
1003 3936 1152 4015 Tychonis
1174 3935 1262 4017 (nam
1283 3936 1320 3997 ob
1340 3936 1376 3995 id
1395 3954 1497 4012 supro

136 4020 228 4097 fixos)
251 4022 372 4083 subesse
397 4027 455 4082 vim
478 4025 628 4103 negandi?
661 4026 803 4085 Versatur
831 4028 908 4086 enim
937 4027 967 4084 in
990 4041 1026 4084 ea
1047 4027 1112 4101 ipsa
1133 4026 1314 4084 restrictione
1336 4022 1496 4101 analogiae

139 4109 215 4169 inter
236 4118 333 4170 motus
357 4119 385 4171 et
407 4111 488 4188 loca,
511 4130 600 4189 qaam
623 4116 712 4189 priori
735 4116 830 4190 capite
854 4119 992 4174 vexatam
1014 4131 1033 4172 a
1054 4111 1253 4172 Claramontio
1275 4113 1305 4169 in
1326 4109 1497 4172 libertatem

139 4196 297 4271 vindicavi,
321 4214 375 4259 nec
398 4208 552 4260 contentus
578 4201 711 4277 exemplo
735 4208 867 4261 cometae
890 4200 1069 4272 anni1585,
1094 4201 1145 4275 qni
1168 4199 1298 4260 velocior
1312 4197 1382 4259 Sole
1403 4216 1498 4277 supra

138 4281 238 4344 Solem
262 4295 358 4346 tamen
381 4287 477 4361 inerit,
501 4288 583 4348 affert
606 4291 693 4348 etiam
718 4289 882 4366 exemplum
906 4295 1037 4349 cometae
1059 4286 1148 4362 hujus
1170 4286 1206 4346 de
1229 4303 1305 4347 anno
1325 4291 1417 4362 1580,
1445 4289 1496 4364 qni

139 4387 204 4431 cum
227 4375 255 4429 in
278 4377 372 4450 primo
396 4384 477 4436 motu
500 4373 610 4436 tardior
633 4384 711 4437 esset
732 4379 805 4454 ipsis
826 4377 901 4452 fixis,
926 4377 1000 4436 inira
1015 4374 1089 4436 iiras
1102 4382 1201 4436 tamen
1216 4376 1380 4436 necessario
1396 4374 1498 4436 collo·

138 4460 247 4520 candus
270 4463 316 4520 sit.

244 4555 293 4609 17.
332 4549 377 4610 Ne
399 4549 516 4610 sithoc
538 4559 627 4627 caput
647 4554 710 4611 siue
732 4552 828 4612 irnctu
851 4553 980 4629 penitus,
1004 4568 1152 4629 apponam
1174 4553 1204 4607 in
1227 4552 1351 4626 gratiam
1374 4549 1497 4610 ducen-

138 4634 211 4693 tium
235 4634 511 4698 demonstrationem
525 4638 706 4715 popularem,
731 4657 766 4700 ex
789 4658 848 4715 qna
869 4638 1032 4700 luculenter
1054 4646 1195 4717 appareat
1216 4637 1414 4715 phaenomeni
1436 4639 1498 4699 ob-

139 4724 248 4781 servati
272 4742 306 4784 ex
327 4726 420 4784 tribus
441 4726 528 4800 locis,
560 4743 617 4785 non
645 4728 674 4784 in
705 4726 807 4787 eodem
831 4745 896 4786 curn
919 4727 1122 4804 phaenomeuo
1145 4726 1234 4804 plano
1257 4725 1426 4785 constitutis
1448 4726 1500 4803 (nt

139 4816 209 4869 sunt
222 4810 341 4887 quidem
356 4812 494 4890 Tubinga
508 4813 667 4890 Maestlini,
691 4814 842 4875 cassellas
857 4813 1046 4890 Roihmauni,
1070 4814 1233 4892 argentina
1247 4811 1370 4890 Riislini,
1393 4811 1498 4893 Praga
