3284 5520
524 350 568 407 so
584 349 682 408 inrum
699 350 734 407 u.
759 351 974 423 sna-system
990 366 1051 423 erp.
1071 354 1113 409 ro.
1434 352 1498 423 199
1576 304 1580 311 ’

142 548 227 608 quem
252 546 374 609 scopum
398 528 483 590 icrire
504 530 658 589 instituis?
683 531 739 589 Vix
754 529 871 591 tandem
894 531 944 590 iol.
960 532 1033 603 sot,
1058 533 1083 591 si
1099 538 1166 591 suut
1182 534 1273 605 visae,
1296 532 1403 610 inquis,
1427 531 1498 591 alti-

141 618 267 693 tudines,
291 618 440 679 debebant
463 635 527 678 esse
549 619 700 697 aequales,
723 627 752 678 et
776 636 852 696 quae
876 618 1050 679 observatae
1073 627 1103 679 et
1125 636 1201 696 quae
1225 638 1260 679 ex
1284 624 1350 680 visa
1365 618 1497 679 declina-

140 708 219 767 tione
252 712 453 784 computatae:
486 713 517 764 at
539 722 597 764 non
619 713 688 765 sunt
709 705 856 783 aequales.
901 705 993 782 Ergo,
1023 705 1086 765 vult
1108 707 1216 778 dicere,
1246 716 1310 767 tota
1331 710 1497 781 argumenti
1532 700 1536 709 ’

139 800 286 853 structura
307 792 435 853 involvit
457 809 489 852 se
512 794 604 868 ipsam
629 794 908 854 contradictionibus
930 794 1046 869 ruitque
1068 793 1143 853 ideo.

245 883 275 940 9.
311 879 497 956 Respondes,
522 884 575 939 etsi
600 883 725 940 maxime
750 884 778 938 in
802 882 858 939 hoc
881 889 1004 940 enasset
1027 880 1139 957 Tycho,
1164 890 1194 939 at
1217 899 1275 940 non
1299 882 1393 941 omnis
1417 898 1495 941 error

140 966 289 1028 admixtus
311 975 466 1046 propterea
488 966 577 1026 solvit
598 977 817 1044 argumentum,
849 970 874 1027 si
903 970 1032 1044 separari
1063 986 1140 1026 error
1166 978 1265 1044 potest
1287 976 1382 1028 stante
1400 986 1496 1044 ¹argu·

141 1063 247 1114 mento.
296 1054 334 1114 nt
356 1072 415 1114 non
439 1058 546 1114 erravit
568 1054 678 1131 Tycbo.
726 1054 999 1131 Plerumque.mibi
1026 1055 1111 1114 labor
1133 1058 1312 1131 geminatur,
1344 1056 1412 1114 dum
1437 1072 1495 1115 non

140 1150 252 1201 tanturn
283 1141 483 1202 defendendus
512 1148 557 1201 εει
579 1141 695 1219 Tycho,
725 1143 776 1201 sed
805 1145 892 1201 etiam
920 1142 1079 1200 adversarii
1103 1142 1348 1202 hallucinationes
1371 1146 1494 1202 seorsim

141 1227 333 1307 detegendae.
379 1228 425 1287 lta
448 1228 496 1287 bic
517 1244 634 1305 quoque
658 1233 781 1305 primurn
804 1227 967 1305 respondeo
991 1247 1048 1288 non
1071 1232 1164 1306 sequi,
1189 1229 1295 1290 deinde
1318 1247 1431 1306 arguo:

246 1316 296 1375 10.
335 1315 501 1393 Scipionem
534 1332 646 1393 errare,
677 1319 731 1376 etsi
758 1316 815 1376 lroc
842 1317 914 1375 nibil
943 1317 980 1375 ad
1004 1325 1214 1391 argumentum.
1261 1317 1385 1392 Largior
1408 1319 1495 1390 enim,

141 1422 197 1461 non
226 1411 298 1462 suut
328 1403 467 1480 aequales
496 1402 676 1464 altitudines.
721 1404 894 1463 Differentia
916 1412 960 1462 est
983 1406 1012 1461 in
1035 1405 1128 1479 primu
1152 1407 1369 1479 comparatione
1393 1406 1495 1463 minuti

143 1493 229 1550 rrnius
252 1492 283 1547 in
306 1499 418 1566 partem
441 1506 539 1562 unam,
563 1492 592 1547 in
616 1490 743 1550 secunda
766 1491 889 1549 duorum
912 1493 940 1547 in
964 1492 1094 1550 alteram.
1142 1492 1180 1549 At
1203 1489 1351 1566 quomodo
1374 1499 1407 1549 tu
1430 1508 1495 1568 pro·

140 1579 200 1650 bas,
225 1576 333 1637 debere
355 1594 420 1638 esse
443 1577 608 1654 aequalest
637 1578 809 1650 Paralluxis,
835 1580 939 1653 inquis,
963 1578 1154 1637 differentiam
1170 1578 1259 1638 eiiicit
1275 1578 1409 1637 nullam?
1431 1578 1495 1637 lmo

140 1681 216 1737 vero,
236 1667 356 1741 iuquam
371 1680 436 1741 ego,
452 1664 580 1724 efficeret
595 1664 753 1741 parallaxis
769 1665 959 1724 didereutiam
977 1668 1094 1723 omnino
1110 1665 1258 1741 aliquam:
1282 1674 1378 1723 utrum
1394 1673 1494 1724 autem

138 1752 213 1811 banc
246 1752 340 1828 ipsam
369 1752 510 1823 efficeret,
542 1751 637 1810 dicam
668 1754 821 1830 posterius.
868 1752 1018 1828 Siquidem
1051 1755 1126 1812 enirn
1156 1769 1191 1811 ex
1221 1751 1323 1812 eodem
1355 1754 1495 1829 temporis

138 1846 287 1898 momento
303 1838 539 1916 depromerentur
554 1846 614 1898 tam
630 1838 755 1898 altitudo
772 1856 859 1914 quem
876 1839 1043 1913 declinatio,
1067 1856 1166 1899 verum
1182 1839 1381 1899 contenderes.
1412 1839 1496 1898 Tunc
1609 1844 1612 1851 '

138 1928 212 1984 enirn
236 1933 330 1999 esset,
359 1926 439 2002 quod
461 1942 579 1985 mones:
610 1935 836 2004 quantacunque
859 1927 1018 2002 parallaxis
1041 1935 1132 2000 esset,
1164 1944 1222 1985 una
1244 1934 1342 1985 temen
1366 1933 1444 1987 esset
1466 1936 1496 1986 et

138 2012 254 2086 eadem,
287 2015 351 2072 sive
380 2031 416 2073 ex
446 2013 650 2073 observatione
677 2013 832 2092 depromas
855 2014 1055 2087 altitudinem,
1085 2016 1148 2074 sive
1172 2033 1208 2074 ex
1232 2013 1346 2074 calculo
1368 2030 1420 2091 per
1442 2012 1496 2074 de-

138 2099 334 2160 clinationem.

203 2254 206 2258 ,
243 2193 293 2247 11.
332 2187 373 2246 At
400 2204 478 2247 nunc
506 2187 690 2247 destituimur
712 2189 861 2264 litigantes
884 2189 1037 2247 identitate
1059 2189 1215 2260 momenti,
1246 2195 1275 2246 et
1297 2188 1354 2247 hoc
1376 2186 1496 2264 quidem

139 2277 166 2331 iu
192 2281 320 2351 utraque
350 2276 575 2351 comparatione.
621 2275 696 2334 Nam
725 2279 802 2352 prior
829 2275 953 2334 altitudo
983 2282 1070 2350 capta
1097 2276 1151 2333 luit
1182 2274 1254 2333 hora
1282 2276 1311 2333 5.
1337 2274 1397 2349 26¹,
1430 2291 1496 2334 cum

140 2361 296 2422 declinatio
320 2363 358 2420 sit
381 2363 537 2421 observate
560 2362 633 2421 hora
657 2364 691 2435 6,
723 2380 822 2438 aqua
852 2362 889 2421 ad
919 2362 1020 2421 horarn
1046 2363 1073 2420 5.
1098 2360 1150 2420 26¹
1172 2379 1225 2437 per
1248 2364 1308 2421 veri
1332 2365 1496 2438 argumenti

141 2448 295 2522 modulum,
319 2450 370 2525 qui
393 2458 540 2507 assumtus
563 2458 608 2508 cst
632 2449 743 2508 dimidii
767 2452 880 2522 minuti,
905 2450 958 2507 luit
981 2448 1122 2521 derivata,
1146 2449 1266 2524 perinde
1290 2451 1371 2508 acsi
1396 2449 1495 2526 paral-

142 2534 208 2594 laxis
232 2539 262 2595 ln
286 2535 483 2596 declinatione
506 2535 577 2593 nihil
602 2539 712 2596 interea
735 2538 893 2597 mutaverit
916 2537 992 2594 ultra
1015 2535 1054 2608 id,
1078 2535 1156 2610 quod
1179 2544 1345 2595 mutaverat
1367 2535 1441 2594 hora
1465 2538 1494 2609 6,

144 2640 200 2681 cum
229 2632 329 2682 mmeu
358 2621 533 2701 parallasis,
567 2624 592 2680 si
621 2626 687 2700 quis
711 2625 840 2699 aliquam
864 2634 1000 2701 poneret,
1032 2626 1060 2679 in
1084 2626 1222 2681 continua
1245 2625 1284 2682 sit
1306 2624 1425 2683 edoctus
1448 2626 1494 2682 sui

145 2711 339 2770 intentiones
362 2713 471 2770 vertice
500 2728 593 2786 usque
625 2713 653 2767 in
686 2711 876 2770 horizontem.
922 2711 971 2771 Sic
1001 2712 1145 2786 posterior
1172 2710 1296 2769 altitudo
1325 2717 1413 2786 capta
1440 2712 1495 2770 iuit

145 2796 209 2856 bora
233 2801 262 2855 7.
289 2798 349 2870 54¹,
373 2797 530 2857 declinatio
555 2813 623 2856 vcro
647 2807 679 2856 ut
701 2800 780 2874 prius
803 2798 875 2857 bora
899 2800 928 2875 6,
958 2816 976 2855 a
999 2796 1117 2872 quaed
1140 2797 1220 2855 illam
1243 2797 1346 2855 horam
1369 2796 1495 2856 deducta

146 2884 190 2942 luit
219 2883 375 2944 declinatio
406 2884 450 2943 illi
480 2892 648 2961 competens
677 2884 827 2944 additione
850 2882 913 2966 3's,
937 2887 1127 2956 minutorum,
1161 2892 1303 2959 quantum
1326 2885 1494 2960 requirebat

148 2979 253 3048 tempus
277 2970 467 3050 interlapsum
490 2972 527 3031 ad
550 2971 717 3048 analogiam
741 2990 828 3032 verae
851 2974 1042 3050 promotionis
1064 2980 1196 3030 cometae
1212 2972 1349 3044 diurnae,
1373 2971 1493 3048 pen'ndc

147 3060 218 3118 acsi
242 3057 404 3135 parallaxis
427 3060 537 3120 interea
560 3059 631 3117 nibil
654 3058 800 3119 addiderit
823 3060 869 3118 vel
893 3059 1058 3118 diminuerit
1079 3059 1157 3117 ultra
1179 3076 1268 3135 quarn
1289 3059 1362 3118 bora
1379 3060 1406 3117 6.
1436 3058 1493 3117 His
1531 3068 1534 3073 '

148 3144 175 3203 dc
195 3146 295 3205 causis
318 3163 377 3204 non
401 3146 516 3219 debent,
541 3153 573 3206 ut
587 3146 686 3223 Scipio
710 3146 782 3220 vult,
807 3147 948 3222 aequales
970 3164 1034 3206 esse
1051 3145 1230 3217 altitudines,
1253 3164 1306 3222 pro
1322 3147 1394 3205 visis
1410 3163 1493 3205 com-

147 3241 265 3308 putatae,
291 3234 364 3293 visis
387 3236 458 3310 ipsis
474 3242 504 3293 et
519 3235 691 3307 observatis,
715 3251 810 3311 neque
830 3236 917 3310 priori
934 3240 1091 3305 momento,
1114 3251 1211 3309 neque
1226 3235 1388 3309 posteriori.
1426 3233 1492 3291 Non

147 3336 167 3376 u.
186 3319 289 3380 eadem
319 3318 477 3380 declinatio
504 3320 633 3380 admissa
660 3329 705 3381 est
731 3324 760 3379 iu
784 3322 927 3380 calculum
950 3339 1003 3397 per
1025 3320 1184 3393 azimutba,
1215 3336 1292 3395 quae
1315 3321 1492 3380 causabatur

146 3408 337 3485 apparentiam
361 3407 556 3480 observatam,
579 3411 676 3485 posita
699 3407 851 3485 parallaxi.

243 3497 293 3553 ts.
324 3494 370 3553 Ita
385 3494 608 3568 Claramontius,
633 3496 701 3554 dum
725 3497 885 3556 membrum
907 3513 997 3555 unum
1013 3494 1200 3572 Tyclronicae
1224 3493 1489 3568 demonstrationis,

146 3597 223 3655 quarn
255 3598 314 3641 non
343 3581 493 3659 intelligit,
525 3584 779 3660 impertinentibus
808 3583 1022 3660 obJectionibus
1052 3581 1285 3651 vellicat,.suos
1308 3583 1371 3659 ipse
1395 3581 1492 3657 prodit

143 3684 245 3728 errores
267 3667 421 3745 redditque
452 3686 510 3729 rem
533 3672 627 3746 ipsam
652 3672 803 3730 obscuram
828 3678 857 3729 et
879 3687 925 3729 me
948 3670 1066 3745 conjicit
1088 3671 1117 3725 in
1141 3671 1346 3727 necessitatem
1369 3661 1492 3747 prolixi-

143 3758 211 3816 tatis.
252 3756 461 3816 Deiendendus
486 3759 562 3816 enim
586 3767 630 3816 est
653 3757 755 3834 'lycho
778 3774 829 3834 per
852 3774 952 3816 omnes
974 3757 1067 3815 ilexus
1091 3757 1299 3833 suspicionum.
1339 3755 1491 3816 Hactenus

142 3845 211 3901 enirn
238 3851 284 3903 est
307 3851 475 3914 ostensum,
498 3861 555 3902 non
579 3862 689 3904 errasse
712 3844 882 3921 symonem
907 3847 935 3902 in
959 3844 1014 3903 hoc
1038 3843 1183 3916 membro,
1207 3844 1286 3917 quod
1310 3846 1492 3920 computavit

140 3928 306 3989 dtitudines
327 3930 501 3999 differentes,
525 3933 634 4008 quippe
656 3948 708 4007 per
730 3930 941 3991 declinationes
965 3930 1137 3990 differentes.

245 4019 294 4075 13.
327 4015 405 4091 Quid
422 4018 532 4093 igitur?
555 4019 657 4077 Nonne
677 4020 810 4094 peccavit
834 4022 861 4075 in
884 4019 941 4078 hoc
956 4018 1068 4096 Tyclro,
1092 4017 1170 4093 quod
1187 4015 1380 4075 declinatione
1395 4016 1492 4076 aliena

141 4122 209 4165 usus
233 4112 279 4164 εει
300 4104 329 4161 in
353 4103 490 4164 calculo?
520 4105 712 4181 Nequaquam
735 4105 847 4173 aliena,
872 4105 923 4165 sed
947 4108 1040 4182 prima
1058 4106 1286 4181 computatione,
1311 4121 1376 4163 curn
1391 4103 1491 4179 paral-

139 4192 216 4251 laxin
248 4198 381 4251 cometae
410 4190 520 4250 nullam
548 4191 694 4264 crederet,
723 4194 788 4267 jure
819 4196 907 4252 ctiam
936 4192 1047 4252 nullam
1078 4195 1108 4250 in
1137 4189 1359 4250 declinationem
1384 4191 1490 4250 intulit.

138 4279 201 4339 Hoc
232 4278 315 4337 illum
344 4277 448 4337 effectu
477 4281 540 4354 ipso
568 4282 748 4356 praestitisse
772 4281 917 4356 probabo,
950 4283 975 4338 si
999 4297 1056 4338 non
1079 4295 1198 4355 possum
1223 4277 1374 4349 brevibus,
1407 4284 1437 4336 at
1460 4285 1491 4335 tn

138 4366 236 4444 Scipio
259 4364 468 4424 verbositatem
493 4370 694 4439 necessariam,
719 4367 802 4442 cujus
824 4375 884 4426 tute
901 4384 990 4426 causa
1006 4368 1152 4439 exstitisti,
1175 4365 1355 4440 patientibus
1371 4365 1490 4423 auribus

139 4454 230 4513 bauri.
271 4452 464 4512 Assumamus
486 4455 578 4526 initio,
602 4457 722 4529 primam
747 4453 863 4529 quidem
887 4454 1070 4513 altitudinem
1086 4456 1115 4510 in
1131 4450 1278 4511 asirnutbo
1295 4469 1348 4510 suo
1366 4449 1424 4511 36⁰
1439 4450 1492 4509 ‘20¹

139 4541 324 4601 observatam
348 4556 421 4612 esse,
445 4540 641 4617 applicatione
664 4544 752 4616 igitur
770 4542 869 4615 justae
896 4542 1098 4601 declinationis
1116 4538 1150 4596 7⁰
1165 4539 1194 4597 8³
1216 4556 1252 4598 ox
1268 4538 1340 4597 bora
1357 4540 1385 4610 6,
1409 4554 1491 4598 corn-

138 4629 289 4704 putabitur
319 4627 382 4685 siue
414 4626 556 4704 parallaxi
587 4629 710 4687 altitudo
741 4626 797 4687 36⁰
823 4628 886 4700 ll‘,
917 4646 968 4705 pro
999 4645 1048 4703 eo,
1081 4625 1160 4704 qnod
1190 4625 1292 4702 Tycbo
1322 4627 1492 4686 observavit

141 4712 281 4788 36⁰10¹3
302 4713 365 4790 jam
388 4713 508 4774 secundi
530 4719 668 4776 momenti
692 4714 915 4774 declinationem
938 4715 1089 4787 iaciamus,
1113 4723 1145 4772 ut
1160 4712 1224 4772 vult
1240 4715 1387 4791 proportio
1402 4712 1492 4771 hora-

140 4805 190 4877 ria,
215 4808 234 4862 4
258 4800 404 4880 scrupulis
426 4805 593 4878 auctiorem,
616 4820 728 4865 rursum
753 4803 815 4861 sine
837 4801 994 4880 parallaxi,
1017 4810 1050 4865 ut
1072 4805 1111 4862 sit
1134 4797 1168 4859 7⁰
1196 4803 1254 4874 12‘,
1277 4801 1493 4883 computabitur
