3284 5520
583 348 797 404 Commentarius
815 347 937 417 Kepleri.
1260 379 1264 389 ¹
1368 345 1433 416 767

79 540 219 601 gnarum,
248 527 423 587 necessitate
453 532 571 586 coactos
600 522 638 584 ad
661 532 753 584 sortes
776 523 939 584 devenisse.
984 523 1112 582 Primam
1135 532 1233 583 antem
1255 523 1311 584 loci
1334 531 1432 584 muta·

77 615 190 671 tionem
212 612 378 690 colligimus
401 616 484 673 initio
508 630 573 690 cap.
601 620 654 687 11,
679 611 757 688 quod
780 615 822 671 ita
844 621 945 672 sonat:
977 628 1101 687 cumque
1123 612 1374 688 proficiscerentur
1396 612 1432 671 de

78 701 199 774 oriente,
223 703 398 761 invenerunt
420 719 554 778 campum
577 703 606 758 in
630 709 706 759 terra
721 699 834 759 Senaar
857 707 887 759 et
909 699 1118 758 habitaverunt
1133 702 1163 757 ln
1180 717 1223 762 eo.
1261 699 1326 758 Hoc
1341 698 1432 760 Jose·

75 786 154 862 phos
177 787 226 847 lib.
252 787 275 846 1.
300 789 401 864 Antiq.
425 806 488 865 cap.
515 796 533 849 b
557 791 599 847 sic
621 789 838 865 interpretatur:
868 787 934 845 illas
957 787 1096 862 reliquias
1118 796 1177 846 mm
1201 787 1250 845 din
1274 787 1432 846 admodum

77 877 107 931 in
131 875 279 935 montibus
303 876 442 948 haesisse,
467 877 574 952 quibus
590 893 657 934 area
672 878 796 952 primum
810 875 950 948 consedit,
974 876 1150 947 cenitense,
1173 891 1209 933 ne
1225 891 1337 933 rursum
1354 875 1432 933 dilu-

79 963 161 1020 vium
184 961 304 1037 aliquod
328 964 482 1022 inundaret
505 973 532 1023 ei
556 962 678 1021 humilia
701 962 766 1021 loca
789 963 932 1021 obrueret.
972 960 1118 1036 Quorsum
1133 961 1219 1035 addo,
1243 962 1322 1038 quod
1336 977 1431 1038 neque

55 1052 166 1124 ‘pauci
187 1050 245 1109 sibi
268 1049 314 1108 llsi
337 1059 414 1125 sunt,
438 1061 581 1125 verentes,
605 1067 740 1108 neonus
763 1048 802 1108 ab
824 1050 895 1126 ipsis
919 1059 1042 1122 erraret,
1066 1057 1118 1107 aut
1141 1051 1195 1126 ipsi
1219 1060 1339 1125 penates
1362 1066 1432 1109 suos

78 1140 255 1196 amitterent.
300 1137 432 1197 Tandem
458 1155 535 1211 vero,
560 1156 624 1197 cum
648 1147 796 1196 crescente
819 1137 975 1213 quotannis
997 1135 1181 1196 multitudiue
1205 1146 1318 1196 montes
1343 1139 1432 1195 victui

76 1240 135 1282 non
159 1224 335 1298 sufficerent,
359 1228 497 1284 unanimo
520 1242 664 1284 consensu
686 1225 896 1301 prosectionem
919 1226 948 1281 in
964 1223 1030 1282 loca
1044 1223 1167 1283 humilia
1184 1234 1212 1283 et
1228 1242 1346 1303 campos
1362 1240 1432 1301 pro-

75 1314 155 1370 xime
182 1313 275 1371 monti
306 1313 456 1389 subjectos
484 1311 676 1373 descendisse.
724 1312 756 1369 ld
788 1311 906 1386 quidem
938 1311 1118 1371 commodius
1147 1321 1283 1388 poterant
1310 1312 1432 1371 collecta

77 1415 178 1473 manu,
203 1408 235 1458 ut
258 1401 312 1457 iuti
336 1418 354 1458 a
377 1402 478 1460 bestiis
502 1408 607 1473 essent,
632 1416 707 1476 quae
730 1401 818 1458 etiam
841 1399 1119 1475 multiplicabantur.
1158 1400 1201 1458 Ex
1217 1417 1275 1475 quo
1292 1402 1430 1477 sequitur,

78 1486 146 1545 illos
169 1488 219 1544 vix
242 1494 312 1547 ante
335 1504 443 1545 annum
468 1488 722 1564 quadragesimum
745 1486 927 1563 longiuscule
943 1503 1121 1563 progressos,
1145 1503 1184 1545 sc.
1200 1504 1265 1546 cum
1280 1487 1364 1546 Noae
1378 1486 1431 1545 lllil

78 1581 201 1650 nepotes
224 1573 367 1633 baberent
390 1577 561 1648 vicenarios,
585 1575 661 1633 filios
685 1590 754 1633 vero
776 1592 794 1632 a
811 1573 1050 1648 quadragenariis
1066 1573 1103 1633 ad
1121 1576 1283 1633 vicenarios
1299 1583 1328 1633 et
1343 1577 1431 1633 anni·

77 1661 176 1734 culos,
210 1670 299 1737 atque
330 1661 503 1722 conticerent
534 1679 651 1720 manum
682 1664 808 1719 virorum
836 1662 873 1719 ad
900 1667 949 1720 60.
995 1663 1073 1720 Ante
1101 1661 1157 1720 boc
1179 1669 1295 1738 tempus
1318 1679 1376 1720 uno
1400 1669 1430 1721 et

78 1747 182 1806 eodem
205 1746 270 1806 loco
294 1748 460 1824 haeserunt,
484 1751 576 1808 murini
599 1750 751 1807 ministerii
774 1765 863 1806 causa
885 1766 918 1807 se
940 1764 997 1806 non
1022 1747 1188 1808 deserentes
1211 1751 1352 1822 invicem,
1375 1750 1430 1806 nisi

78 1834 157 1910 quod
181 1836 308 1894 universi
332 1837 489 1895 nomadum
513 1841 603 1896 vitam
627 1854 712 1911 egere
735 1845 763 1894 et
787 1853 838 1912 pro
861 1835 1068 1895 commoditate
1090 1835 1147 1895 loci
1169 1844 1199 1894 et
1221 1839 1332 1894 ratione
1355 1844 1431 1895 tem·
1527 1892 1530 1896 ,

78 1929 225 2000 pestutum
254 1940 415 1982 annuarum
447 1927 476 1982 in
507 1924 677 1999 regiuncula
701 1925 839 1983 brevibus
862 1923 976 1982 inclusa
997 1923 1140 1982 limitibus
1162 1923 1220 1982 buc
1243 1924 1314 1983 illuc
1335 1930 1432 1983 eastra

77 2019 108 2068 ct
129 2010 277 2083 tuguriola
300 2027 354 2069 sua
377 2012 589 2071 transferebant
610 2029 662 2088 per
683 2011 784 2069 silvas.
831 2011 961 2084 Longius
984 2018 1082 2070 autem
1106 2013 1250 2087 progressi
1273 2028 1331 2069 non
1354 2018 1431 2084 sunt,

77 2097 148 2172 quia
162 2096 288 2172 legimus
304 2115 367 2175 cap.
381 2105 409 2172 9,
427 2117 453 2159 v.
467 2105 517 2173 20,
540 2098 636 2157 Noam
658 2101 756 2157 statim
780 2097 985 2174 agriculturam
1010 2107 1039 2157 ct
1062 2098 1239 2157 vindemiam
1262 2100 1431 2167 instituisse,

76 2184 185 2260 quibus
209 2184 366 2244 adhaerere
390 2203 510 2245 necesse
533 2194 578 2244 est
599 2187 769 2258 vinitorem,
794 2187 863 2259 quia
886 2202 943 2243 non
967 2188 1123 2261 quotannis
1146 2185 1233 2261 gleba
1256 2186 1433 2247 mansuescit

76 2271 136 2330 alia
158 2273 238 2348 prins
262 2273 372 2331 inculta
393 2290 448 2332 nec
472 2276 547 2332 vites
570 2274 753 2349 proveniunt.
792 2271 877 2331 Haec
896 2274 993 2330 omnia
1019 2272 1187 2331 acciderunt
1203 2282 1269 2350 post
1284 2272 1431 2331 conditam

75 2360 177 2417 turrim
200 2357 422 2437 Babylonicam.
467 2361 571 2436 Neque
598 2363 674 2419 enim
700 2360 822 2434 dispersi
845 2367 913 2417 sunt
936 2362 964 2416 in
989 2361 1086 2417 varias
1109 2359 1229 2436 plagas,
1260 2361 1431 2436 priusquam

74 2455 295 2505 monumentum
319 2447 438 2524 aliquod
463 2451 621 2507 erexissent
637 2443 727 2529 (Gen.
749 2453 798 2507 11.
816 2448 859 2519 4),
883 2463 978 2523 neque
994 2446 1104 2522 oppida
1119 2449 1335 2521 construebant,
1360 2449 1429 2524 quia

73 2533 169 2592 Babel
201 2536 344 2610 principio
376 2537 504 2593 omnium
532 2536 647 2594 urbium
678 2533 796 2594 condita
827 2543 1004 2592 memoratur
1027 2551 1045 2592 a
1067 2533 1152 2593 Mose
1175 2543 1204 2594 et
1227 2537 1297 2610 quia
1321 2537 1345 2592 is
1368 2537 1431 2610 ipse

74 2621 230 2679 artificium
254 2638 352 2680 eornm
377 2622 530 2690 describit,
562 2640 658 2698 neque
681 2623 769 2681 aliam
794 2620 882 2679 ullam
905 2623 1086 2697 provinciam
1103 2632 1288 2699 ¹occuparunt
1311 2621 1429 2699 singuli,

74 2710 246 2785 priusquam
270 2711 396 2768 universi
420 2709 628 2770 descenderent
652 2713 680 2767 in
705 2726 824 2785 campos
841 2708 952 2768 Senaar
974 2726 1051 2768 aurio
1067 2719 1134 2785 post
1149 2709 1292 2768 dilnvium
1310 2715 1362 2787 40,
1385 2709 1433 2767 vel

75 2795 155 2870 qnod
180 2796 367 2855 verisimilius
392 2807 436 2856 est
453 2804 502 2871 60,
527 2806 556 2856 et
577 2800 747 2873 priusquam
770 2800 799 2854 in
824 2794 882 2855 illis
897 2800 1007 2873 campis
1022 2796 1188 2855 babitarent
1202 2806 1291 2873 atque
1306 2796 1432 2872 amplius

73 2881 619 2961 ωο111011111111111601.1110).
660 2881 728 2964 (Ubi
752 2892 831 2954 nota,
856 2901 944 2959 quam
968 2901 1056 2943 verax
1079 2886 1118 2942 sit
1140 2883 1249 2957 Moses,
1274 2886 1324 2960 qui
1340 2885 1433 2959 signi-

72 2969 152 3048 iicet,
174 2972 203 3026 in
227 2974 337 3047 campis
360 2988 417 3029 non
441 2972 527 3030 simul
544 2989 610 3032 esse
626 2989 706 3045 saxa,
730 2979 763 3029 ut
779 2969 878 3030 videre
895 2979 939 3030 est
954 2974 983 3029 in
998 2969 1138 3046 Ungaria.
1169 2970 1319 3030 Potuisset
1334 2978 1432 3029 autem

72 3065 171 3116 tacere
190 3058 226 3116 de
241 3060 371 3128 materia,
395 3067 428 3117 ut
451 3058 552 3137 procul
575 3058 665 3116 dubio
688 3075 746 3117 non
770 3058 805 3118 de
829 3076 865 3117 ea
887 3061 1055 3134 cogitasset,
1078 3061 1104 3117 si
1126 3059 1278 3118 historiam
1292 3056 1432 3120 finxisset.

72 3142 134 3203 Sed
158 3147 226 3219 quie
250 3161 318 3205 vere
343 3145 464 3205 bistoria
487 3148 565 3204 lacta
586 3155 642 3219 est,
675 3162 732 3203 non
761 3148 857 3222 potnit
884 3163 942 3204 non
965 3148 1130 3205 meminisse
1153 3148 1242 3205 etiam
1263 3145 1352 3221 bolus
1375 3149 1432 3203 eir·

71 3230 288 3311 cumstantiae.)
333 3231 416 3307 Quae
445 3234 585 3309 protectio
612 3230 754 3308 paulatim
778 3232 893 3291 videtur
914 3235 1092 3308 processisse
1119 3249 1256 3292 successu
1280 3248 1431 3306 annorum,

73 3321 117 3377 sic
133 3327 236 3377 utnon
252 3320 339 3395 prius
355 3322 506 3396 antiquam
530 3318 629 3379 sedem
653 3327 681 3379 et
704 3336 790 3396 agros
812 3319 1022 3395 relinquerent,
1055 3337 1143 3395 quam
1171 3322 1433 3396 compertissimum

72 3405 213 3465 baberent
236 3408 322 3464 utrius
345 3415 396 3465 aut
419 3406 541 3467 duorum
557 3424 697 3467 annorum
715 3409 901 3482 experientia,
925 3407 1092 3467 fertiliorem
1108 3423 1172 3467 esse
1189 3408 1269 3466 illam
1285 3409 1432 3480 viciniam,

72 3494 101 3550 in
126 3510 215 3569 qnam
237 3493 415 3552 incidissent.
891 3504 894 3508 '

178 3580 415 3640 sistuanus:
440 3585 532 3642 Anno
554 3585 672 3641 circiter
693 3584 852 3641 canusimo
865 3587 933 3656 post
945 3580 1108 3639 dduoium.
1144 3580 1289 3641 Probatur
1303 3597 1338 3639 ex
1355 3578 1430 3639 Gen.

78 3673 128 3739 10,
154 3672 194 3727 25
218 3678 248 3727 et
270 3686 332 3744 seq.
357 3686 423 3744 cap.
449 3676 498 3728 11.
545 3668 635 3744 Peleg
664 3671 739 3727 enim
770 3686 877 3728 nomen
907 3668 996 3727 babet
1023 3688 1041 3728 a
1071 3667 1225 3728 divisione.
1272 3666 1431 3744 Arpbaxad

74 3764 162 3812 natus
186 3763 253 3832 post
276 3753 419 3815 diluvium
443 3759 526 3815 aunis
543 3763 571 3828 2,
596 3761 719 3832 positio
736 3766 822 3814 natus
839 3755 917 3827 Sala,
940 3762 1007 3831 post
1023 3762 1063 3815 30
1082 3755 1167 3828 Ever,
1189 3765 1259 3833 post
1273 3762 1314 3815 04
1329 3755 1430 3831 Peleg,

73 3859 188 3901 summa
214 3849 273 3901 101
300 3862 318 3901 a
341 3842 452 3901 diluvio
479 3843 517 3901 ad
545 3845 731 3902 nativitatem
755 3843 854 3919 l'eleg.
899 3841 958 3901 Sed
982 3859 1017 3901 ea
1040 3843 1146 3903 divisio
1170 3852 1216 3903 est
1236 3851 1304 3921 post
1327 3844 1430 3903 conlu-

74 3930 187 3988 sionem
211 3928 375 4006 linguarum
398 3932 485 3990 lacta.

177 4015 410 4077 Sleidanus:
447 4018 514 4095 Quo
537 4025 669 4094 tempore
694 4017 840 4090 Nimrod,
871 4016 977 4076 Nobae
995 4035 1162 4093 pronepos,
1186 4036 1254 4077 orsu
1275 4034 1345 4076 cum
1368 4019 1431 4076 suia

76 4106 109 4161 in
138 4110 223 4164 terro
248 4103 473 4165 Chaldaeorum
503 4105 642 4164 consedit.
690 4105 775 4163 Error
801 4105 928 4162 auctoris
956 4107 1106 4179 geminus,
1136 4121 1258 4180 quorum
1288 4107 1432 4180 posterior

74 4192 178 4266 prioris
203 4194 294 4268 origo.
340 4191 443 4268 Neque
467 4195 544 4252 enim
567 4191 688 4251 Nimrod
711 4200 755 4251 est
777 4191 880 4250 Nobae
903 4208 1063 4269 pronepos,
1094 4208 1147 4250 nec
1170 4195 1254 4252 annis
1281 4198 1355 4264 100,
1379 4190 1431 4250 sed

76 4283 138 4338 250
162 4288 230 4354 post
252 4278 395 4338 diluvium
419 4282 516 4356 coepit
538 4282 688 4358 imperare.
727 4279 848 4337 Errandi
872 4296 964 4338 causa
986 4279 1041 4336 luit
1063 4280 1176 4337 auctori
1199 4296 1263 4354 cap.
1282 4285 1330 4340 10.
1347 4297 1375 4338 v.
1393 4284 1429 4337 8:

75 4365 155 4425 Cbus
187 4368 288 4441 gennit
309 4366 449 4436 Nimrod,
484 4367 563 4426 Cbus
594 4375 691 4427 autem
720 4365 797 4424 filius
827 4366 910 4426 Carni
934 4384 962 4424 v.
988 4368 1022 4438 6,
1051 4375 1081 4425 et
1112 4365 1184 4423 Cam
1212 4365 1317 4425 Nobae
1341 4385 1368 4424 v.
1394 4373 1429 4425 1:

76 4470 145 4530 ergo
168 4451 288 4514 Nimrod
317 4471 463 4529 pronepos
484 4453 599 4514 Nobae.
636 4454 729 4530 Nego,
753 4452 829 4512 lianc
852 4471 917 4513 esse
939 4471 969 4511 v.
987 4459 1015 4512 0.
1038 4455 1224 4525 senteutiam,
1247 4453 1326 4529 quod
1349 4452 1431 4511 Cbns

75 4541 161 4598 inerit
191 4550 274 4617 pater
297 4540 442 4610 Nimrodi,
474 4540 526 4600 scd
557 4548 670 4599 tanturn
692 4542 762 4613 boc,
794 4542 872 4616 qnod
895 4540 1014 4598 Nimrod
1039 4557 1074 4598 ex
1097 4540 1187 4615 stirpe
1211 4539 1338 4600 Cbusaei
1361 4557 1430 4616 pro-

77 4631 197 4687 venerit.
243 4627 318 4687 Nam
342 4649 369 4691 v.
396 4637 423 4689 i.
454 4639 640 4688 recensentur
670 4629 722 4686 filii
750 4627 845 4699 Cleua,
876 4645 932 4686 nec
958 4626 991 4685 lit
1019 4629 1128 4685 mentio
1152 4627 1293 4685 Nimrodi.
1339 4626 1430 4686 Porro

75 4713 156 4789 quod
186 4716 274 4791 longe
297 4724 364 4794 post
386 4719 526 4793 inceperit
547 4715 679 4774 Nimrodi
701 4717 869 4792 imperium,
897 4731 931 4773 en
954 4733 984 4774 v.
1011 4716 1059 4775 10.
1082 4713 1237 4789 colligitur.
1285 4715 1330 4774 lbi
1353 4717 1431 4775 enim

10 4790 20 4831 ⁵
76 4803 196 4878 aliquae
218 4810 405 4883 recensentur
427 4805 572 4877 civitates,
593 4804 676 4878 atqui
700 4818 776 4862 armo
795 4807 866 4863 100.
892 4809 960 4880 post
981 4800 1126 4861 diluvium
1139 4816 1177 4862 ne
1193 4800 1286 4864 Babel
1302 4800 1429 4879 quidem,

283 5058 334 5155 th
