3284 5520
109 380 111 386 ,
152 317 214 384 126
497 388 500 393 ,
653 319 694 373 ne
714 318 831 374 omem
849 316 932 372 libelli
951 318 999 373 rn

150 496 335 572 interpretem
356 495 644 579 ponderosissimum,
668 497 720 574 qui
743 513 809 557 cum
832 497 972 555 instinctu
993 500 1115 555 naturae
1133 493 1287 572 diligenter
1302 496 1332 552 iu
1347 511 1413 555 eam
1428 493 1510 553 futu·

150 599 211 641 ram
240 583 409 658 respiceret,
439 583 557 643 tandem
584 584 659 644 vidit
687 586 857 664 apparuisse
879 591 909 643 et
930 584 1117 661 praeteriisse
1145 599 1204 643 non
1226 582 1337 659 solam,
1367 579 1421 641 scd
1443 597 1509 641 cum

151 678 215 730 ortu
238 676 369 730 cometae
392 673 463 729 nori
479 665 552 754 (²⁹).
1053 678 1068 717 ⁸

254 755 352 833 Magis
375 758 506 818 fortassis
529 758 567 817 ad
588 761 719 836 privatas
741 761 867 836 pertinet
888 774 1013 835 geneses
1033 755 1131 833 adque
1147 755 1293 817 naturalia
1307 763 1441 816 cometae
1455 753 1509 814 de·

150 849 247 916 creta,
277 845 441 922 expendere
471 864 608 923 genesas,
640 847 813 922 quibuscum
837 849 866 903 in
888 845 1030 924 principio
1054 851 1168 905 cometa
1190 844 1276 903 luerit
1298 843 1508 921 configuratus.

150 929 275 989 Rursum
298 934 399 1008 itaque
423 930 532 1009 Gallia,
556 952 669 993 rursum
692 931 851 993 Germania
872 943 961 1008 atque
982 930 1113 1008 Ungaria
1135 933 1327 1007 insinuantur,
1351 948 1419 990 cum
1442 929 1508 989 linis

151 1017 268 1092 Cancri,
292 1020 369 1079 uude
393 1028 508 1080 cometa
529 1021 652 1099 prodiit,
681 1023 710 1079 in
733 1023 891 1098 genesibus
914 1020 1125 1096 imperantibus
1148 1022 1177 1078 in
1201 1017 1297 1078 madio
1320 1019 1396 1078 coeli
1420 1020 1508 1094 inque

151 1104 301 1165 occidente
325 1110 495 1167 constiterit.
541 1107 600 1169 Sed
624 1111 717 1186 magis
741 1106 840 1167 Gallia
861 1114 979 1167 notatur
1001 1113 1030 1166 et
1052 1106 1180 1167 medium
1203 1105 1293 1181 coeli,
1319 1123 1408 1182 quam
1433 1103 1508 1164 Ger-

151 1194 249 1252 mania
266 1201 302 1360 (et
325 1211 464 1272 occasus,
488 1196 525 1256 ob
548 1194 733 1257 latitudinem
757 1201 889 1256 cometae
911 1211 1062 1271 magnam,
1092 1212 1169 1272 quae
1193 1193 1253 1255 illio
1274 1196 1371 1253 miuus
1393 1195 1508 1252 incom-

150 1280 251 1339 modat
283 1275 339 1361 ³⁰).

256 1367 443 1428 Mediocriter
466 1371 609 1428 consentit
630 1371 754 1446 antiqua
776 1369 827 1428 illa
851 1369 1016 1429 distributio
1037 1372 1190 1447 regionum
1212 1369 1408 1445 intersigna,
1440 1368 1510 1444 quia

151 1455 206 1515 sub
230 1454 351 1529 cancro,
375 1453 451 1514 unde
474 1456 583 1532 prodiit
606 1467 734 1530 cometa,
757 1457 885 1531 Pruasia,
910 1456 1079 1532 Hollandia,
1103 1455 1384 1534 Constantinopolis,
1408 1453 1509 1514 Vene-

152 1545 222 1617 tiae,
245 1543 389 1616 Insubris,
413 1541 569 1617 Liburnia,
593 1545 648 1603 sub
672 1544 785 1619 Leone',
809 1545 858 1603 ubi
882 1546 1039 1604 maximam
1061 1544 1167 1603 babuit
1187 1541 1389 1617 latitudinem,
1420 1540 1510 1600 Italia

151 1638 181 1690 ct
195 1630 348 1704 Bobamia,
371 1630 426 1690 sub
443 1629 612 1706 Sagittario,
636 1632 664 1688 in
681 1648 739 1708 quo
756 1631 907 1711 disparuit,
925 1630 1064 1709 Ungaria‚
1085 1631 1230 1706 Mutavia,
1253 1629 1372 1706 Misnia,
1396 1626 1510 1705 Hispa·

152 1720 201 1778 nia
223 1718 432 1794 perhibeantur
455 1734 519 1777 esse
534 1714 598 1798 (³¹).

255 1804 360 1865 Restat
382 1803 441 1864 alia
460 1803 637 1881 astrologica
652 1813 783 1865 cometae
799 1803 1002 1880 consideratio,
1027 1809 1103 1866 circa
1118 1815 1252 1865 naturam
1268 1803 1342 1880 ejus.
1380 1800 1510 1878 Quidam
1526 1865 1534 1881 ,

153 1911 169 1952 e
194 1890 324 1951 Saxonis
353 1891 518 1968 astrologus
545 1891 746 1952 mercurialem
773 1891 861 1967 lacit;
892 1910 1011 1952 causam
1039 1892 1109 1953 dicit
1136 1910 1238 1953 cursus
1264 1889 1508 1951 incertitudinem.

154 1980 260 2039 Futilia
292 1978 410 2056 quidem
442 1996 539 2039 causa.
585 1979 659 2039 Nam
690 1981 715 2037 si
744 1980 872 2038 incertus
902 1982 926 2039 is
954 1988 998 2040 est
1025 1997 1141 2054 cursus,
1174 1982 1223 2056 qui
1246 1977 1375 2055 praedici
1398 1979 1511 2054 nequit,

153 2083 253 2126 omnes
277 2075 408 2126 cometae
431 2067 540 2125 incerto
563 2075 631 2126 aunt
654 2083 738 2126 cursu
762 2083 797 2126 ac
819 2068 940 2144 proinde
962 2067 1157 2128 mercuriales.
1202 2066 1255 2127 Sin
1286 2073 1384 2126 autem
1404 2066 1512 2124 lucer·

152 2162 213 2213 tum
237 2156 292 2231 ipsi
315 2154 372 2213 boc
395 2162 455 2229 est,
485 2153 565 2230 quod
586 2153 658 2212 mibi
682 2155 796 2213 varium
819 2163 849 2213 et
869 2158 1055 2229 inconstans,
1082 2153 1191 2214 nullius
1213 2155 1351 2233 planetae
1374 2159 1512 2212 naturam

152 2243 282 2301 imitatur
305 2249 432 2302 cometes
455 2250 561 2302 noster.
600 2242 747 2319 Principio
771 2244 848 2301 euim
871 2246 1011 2318 aequarit
1026 2243 1173 2303 celeritate
1188 2237 1314 2314 Lunam,
1337 2257 1416 2316 quae
1431 2256 1512 2298 nun·

154 2346 242 2405 quam
265 2328 297 2388 fit
320 2330 501 2402 stationaria,
526 2328 582 2388 tine
605 2329 802 2388 stationarius.
818 2328 935 2405 quidem
958 2331 1021 2405 suit,
1046 2338 1079 2389 ut
1100 2331 1196 2390 solent
1218 2327 1353 2406 planetae
1369 2329 1511 2403 quinquo,

153 2426 183 2475 at
212 2433 313 2490 eorum
342 2416 440 2476 nullus
471 2433 600 2492 unquam
629 2423 740 2475 tautam
767 2420 891 2476 assumit
913 2418 1107 2492 celeritatem,
1138 2424 1278 2494 quautam
1299 2416 1383 2473 initio
1406 2414 1513 2474 babuit

153 2511 276 2564 cometa.
314 2502 412 2579 Magia
435 2505 523 2580 igitur
547 2505 645 2562 vuius
668 2504 723 2562 suit
745 2521 834 2579 quam
855 2504 1027 2564 Mercurius.
1065 2502 1159 2579 Adde,
1185 2503 1264 2581 quod
1279 2518 1337 2561 non
1352 2509 1398 2560 est
1413 2509 1512 2562 astro

154 2609 269 2664 numus,
294 2593 345 2667 qui
368 2590 501 2664 affirmat,
525 2589 662 2650 Mercurii
684 2600 796 2650 motum
819 2593 961 2653 incertum
984 2609 1048 2652 essa
1071 2609 1103 2653 se
1126 2594 1200 2669 ipso.
1244 2589 1319 2650 Nam
1342 2606 1420 2665 quae
1441 2588 1512 2648 buic

155 2677 292 2755 planetae
315 2680 390 2738 inest
413 2675 597 2752 incertitudo,
621 2696 687 2738 eam
710 2678 899 2754 intelligimus
922 2679 957 2739 da
979 2688 1079 2738 nostra
1101 2678 1295 2757 praevisione.

261 2763 366 2825 Colore
396 2763 492 2824 indice
514 2767 661 2825 saturnius
686 2783 750 2825 esse
773 2765 890 2841 debuit;
920 2766 1032 2843 pallido
1055 2783 1125 2826 vero
1148 2774 1179 2826 et
1200 2765 1293 2825 diluto
1314 2762 1424 2822 lumina
1446 2761 1511 2822 Lu-

154 2871 222 2913 nam
253 2853 431 2912 imitabatur.
476 2854 546 2911 Fuit
575 2861 673 2912 umen
703 2861 733 2913 ct
760 2856 829 2911 anni
856 2856 948 2913 1596.
979 2861 1093 2914 cometa
1119 2860 1149 2913 et
1170 2853 1243 2912 torte
1264 2852 1419 2929 potissima
1440 2867 1511 2927 pars

154 2949 315 3002 ceteromm
343 2941 432 3000 etiam
460 2939 548 3016 plane
577 2938 710 3015 ejusdem
738 2939 865 2999 luminis.
911 2942 1016 3017 Itaque
1043 2958 1101 3000 non
1126 2934 1346 3000 valde'muuita
1369 2942 1415 2997 est
1436 2936 1512 2997 baec

153 3031 203 3087 via
224 3027 414 3105 perveniendi
436 3026 475 3086 ad
497 3026 693 3103 particularia,
717 3028 772 3084 nisi
795 3044 830 3086 ex
846 3045 881 3087 eo
898 3030 990 3087 velint
1004 3026 1177 3088 concludere
1193 3026 1341 3102 astrologi,
1365 3032 1512 3084 cometam

155 3116 314 3173 infaustum
337 3132 401 3174 esse
424 3113 515 3189 vulgo
536 3121 565 3173 et
579 3113 701 3173 humore
715 3115 805 3173 nimio
821 3118 940 3174 noxium
956 3115 1081 3191 indeque
1096 3115 1276 3194 pestilerum.
1314 3111 1401 3188 Quod
1416 3128 1510 3190 genus

157 3200 363 3282 interpretandi
389 3218 448 3259 non
470 3203 568 3277 magni
591 3202 676 3261 facio.

259 3288 452 3349 considerant
479 3288 547 3362 alii,
578 3290 608 3346 in
630 3287 731 3348 Leone
761 3290 894 3365 primitus
918 3290 1008 3366 vulgo
1032 3301 1220 3366 conspectum
1243 3282 1315 3367 (etsi
1337 3304 1372 3347 ex
1396 3285 1511 3346 Cancro

155 3377 281 3436 exivisse
305 3384 532 3436 consentaneum
547 3384 600 3449 est,
625 3383 657 3434 ut
672 3371 748 3456 dixi)
772 3379 860 3451 inque
876 3376 1035 3454 Sagittario
1052 3376 1229 3453 disparuisse
1239 3395 1247 3449 ;
1270 3385 1425 3450 utrumque
1440 3389 1511 3434 vcro

154 3465 270 3540 signum
294 3481 358 3522 esse
381 3472 502 3522 naturae
526 3466 638 3539 igneae,
662 3462 762 3538 itaque
784 3465 945 3524 siccitatem
970 3467 1068 3543 potius
1091 3465 1121 3524 et
1142 3480 1222 3522 nora
1242 3461 1321 3524 bella
1336 3462 1510 3538 significare,

155 3551 192 3609 ob
220 3553 319 3610 nescio
351 3567 439 3626 quam
468 3550 534 3609 bilis
563 3550 821 3609 inflammationem
849 3554 878 3609 in
907 3553 1033 3628 regibus.
1079 3551 1143 3628 Ego
1171 3559 1329 3627 postquam
1352 3549 1457 3609 deveni
1481 3549 1511 3605 iu

153 3636 231 3696 bunc
253 3638 359 3712 locum,
383 3641 433 3714 qui
456 3639 605 3713 signorum
629 3636 914 3698 denominationibus
937 3641 975 3699 ab
999 3638 1151 3700 elementis
1172 3640 1288 3709 nititur,
1308 3636 1374 3712 jure
1398 3638 1511 3713 optimo

154 3722 192 3783 ad
220 3724 327 3784 librum
354 3742 451 3784 meum
480 3724 516 3784 de
538 3724 625 3784 Nova
647 3723 741 3784 Stella
766 3742 905 3801 provoco.
951 3726 1026 3785 Nam
1048 3727 1090 3785 ibi
1112 3733 1184 3803 puto
1206 3723 1300 3786 solide
1324 3722 1511 3802 explicatum,

154 3809 225 3888 quid
248 3812 316 3872 buic
339 3813 532 3888 astrologicae
555 3811 731 3888 supellectili
754 3814 793 3870 sit
815 3813 1008 3873 tribuendum.

184 3899 185 3902 ’
259 3900 394 3975 Denique
425 3907 454 3959 et
486 3898 521 3957 de
552 3898 639 3959 domo
670 3897 834 3974 mundana,
866 3903 894 3958 iu
924 3918 983 3977 qna
1013 3903 1137 3979 primum
1158 3917 1177 3958 a
1199 3916 1245 3958 ma
1268 3903 1442 3975 conspectus
1466 3902 1512 3955 cst

155 3994 277 4059 comem,
302 3988 357 4046 init
379 3983 542 4047 dicendum.
580 3986 620 4044 At
644 4003 709 4047 cum
731 3986 890 4063 perpendo,
913 3996 1025 4065 partem
1048 3989 1123 4047 banc
1146 3987 1323 4062 astrologiae
1338 4002 1403 4045 esse
1419 3986 1511 4043 inter-

154 4077 321 4151 rogatoriae
351 4091 404 4132 seu
431 4075 682 4150 quaestionarias,
715 4091 791 4150 quae
818 4074 975 4151 sortilegiis
997 4083 1074 4135 recte
1098 4082 1282 4146 accensetur,
1315 4089 1372 4131 nou
1396 4078 1511 4131 tantum

155 4163 314 4237 impietatis
337 4160 417 4219 illam
441 4161 556 4234 damno,
580 4161 632 4221 scd
655 4169 685 4220 et
706 4160 849 4221 stultitiae
864 4170 893 4221 et
908 4163 1056 4221 vanitatis.
1095 4160 1173 4237 Quid
1190 4168 1249 4220 tum
1266 4161 1350 4233 errim,
1373 4161 1399 4218 si
1417 4161 1511 4238 primo

155 4248 236 4307 illum
267 4248 330 4307 vidi
354 4254 404 4307 26.
428 4246 509 4324 Sept
539 4247 612 4307 bora
636 4251 664 4308 9.
695 4250 723 4306 in
755 4246 841 4308 domo
870 4252 1008 4326 septima,
1042 4265 1106 4307 cum
1136 4247 1212 4307 alius
1243 4254 1310 4307 ante
1340 4263 1386 4305 me
1416 4247 1510 4324 primo

153 4336 261 4396 viderit
290 4335 372 4393 illum
402 4352 487 4396 mane
511 4341 562 4395 25.
580 4335 677 4414 Sept,
709 4334 785 4396 allus
814 4354 883 4396 vero
914 4339 964 4396 23.
988 4337 1069 4413 Sept
1098 4335 1169 4395 bora
1196 4336 1252 4408 10,
1283 4334 1359 4393 alius
1389 4334 1420 4390 in
1451 4332 1511 4393 alia

155 4422 264 4483 domo‘l
294 4423 362 4483 Hoc
384 4425 460 4482 enim
482 4424 595 4482 ratione
618 4430 715 4482 motus
738 4423 833 4485 diurni
857 4424 988 4501 quotidie
1011 4425 1152 4499 contingit
1176 4423 1310 4482 omuibus
1332 4418 1459 4499 planetis
1483 4426 1512 4479 et

154 4509 234 4585 lixis,
264 4517 297 4569 ut
327 4510 429 4570 domos
459 4511 488 4567 iu
519 4508 607 4568 horas
637 4518 809 4589 permutent.
854 4512 961 4588 Itaque
984 4511 1085 4571 desino
1109 4510 1260 4585 hariolari,
1294 4525 1358 4568 cum
1382 4506 1432 4568 vel
1453 4506 1510 4566 boc

153 4599 274 4657 nimium
296 4600 343 4659 sit

606 4682 712 4744 FINIS
734 4681 896 4743 LIBELLI
916 4682 1054 4744 TERTII

318 4772 365 4832 da
396 4770 827 4849 significationibus
859 4769 1061 4832 Comatae
1093 4771 1191 4831 anui
1229 4770 1342 4829 1607.
