3284 5520
212 344 280 415 510
675 341 721 396 Ex
737 339 965 411 Ephemeridibns
981 339 1101 411 Kepleri

213 519 313 575 roma
328 515 464 572 communi
482 515 508 571 3¹
524 514 577 569 reu
595 512 668 585 aaa,
686 513 809 585 aynan
821 513 847 571 c
858 513 910 570 aau
928 512 990 569 aar.
1026 514 1083 570 nn
1101 514 1184 586 agras
1201 513 1334 572 suanam
1352 515 1388 572 u
1406 501 1545 587 00000

213 596 339 652 muratis
358 593 535 663 temporibus,
554 600 586 648 ut
601 591 670 648 liant
687 592 855 664 apparentia.

523 695 604 742 Arcus
621 695 687 742 inter
704 699 789 742 centra
823 728 1051 745 ......
1087 690 1118 742 0⁰
1137 692 1179 742 1⁶¹
1197 692 1250 743 diu

524 761 592 813 Solis
608 761 746 827 parallaxia
782 798 1052 817 .......
1159 766 1182 813 1.
1201 765 1242 814 81.

526 834 611 882 Lunae
628 832 768 897 parallaxls
781 867 1049 884 .......
1139 832 1183 885 00.
1201 835 1244 884 tt.

522 904 625 953 Summa
652 937 1051 956 ..........
1141 904 1184 953 dt.
1202 905 1244 953 46.

524 971 591 1023 80110
609 973 794 1022 semidiamater
822 1006 1051 1025 ......
1142 976 1183 1025 18.
1219 975 1243 1024 8.

523 1042 632 1092 Umbrae
651 1043 834 1091 semidiameter
868 1076 1049 1093 .....
1136 1044 1180 1093 et.
1200 1044 1243 1094 08.

523 1114 607 1161 Lunae
626 1113 810 1161 semidiametsr
1142 1115 1183 1163 16.
1200 1116 1243 1164 42.

523 1183 625 1232 Summa
642 1183 883 1231 semidiametrorum
912 1218 919 1230 .
955 1219 962 1233 .
1000 1218 1006 1229 .
1044 1219 1051 1231 .
1094 1186 1119 1235 1.
1157 1187 1182 1232 4.
1201 1185 1243 1234 20.

523 1253 672 1301 Differentla
689 1253 930 1301 semidiametrornm
956 1289 962 1303 .
1001 1291 1006 1302 .
1045 1289 1050 1299 .
1139 1254 1181 1304 eb.
1199 1255 1242 1305 bd.

524 1321 648 1386 Scrupnla
665 1322 786 1371 dimidiae
805 1322 945 1371 durationis
1002 1356 1008 1368 .
1042 1357 1050 1372 .
1097 1327 1119 1372 1.
1155 1326 1182 1373 2.
1199 1326 1242 1374 20.

523 1393 648 1457 Scrupnle
666 1393 785 1441 dimidiae
802 1405 915 1444 moras.
954 1426 961 1440 .
999 1425 1005 1438 .
1042 1426 1049 1440 .
1137 1396 1180 1447 20.
1199 1398 1242 1445 30.

521 1462 645 1510 Hurarlns
669 1463 694 1525 Ι)
716 1459 782 1529 a&
1139 1467 1180 1513 34
1199 1466 1243 1517 80.

524 1531 636 1595 Tempus
655 1532 774 1580 dimidiae
792 1531 960 1579 durationis.
998 1568 1004 1580 .
1050 1531 1075 1583 h.
1098 1536 1120 1585 1.
1141 1536 1182 1583 50.
1219 1537 1243 1584 9.

523 1602 633 1665 'l'empus
652 1601 771 1650 dimidiae
788 1615 873 1649 morae
890 1601 1048 1650 intenebris
1094 1605 1120 1653 0,
1140 1607 1181 1655 bd.
1219 1608 1241 1654 8.

500 1768 600 1829 Ergo
632 1767 808 1830 aequali.
1215 1719 1494 1780 *pimenti

317 1889 473 1952 Principium
490 1887 675 1940 incidentiae.
712 1925 718 1938 .
756 1925 763 1936 .
800 1925 806 1938 .
861 1925 867 1938 .
923 1926 930 1940 .
986 1928 991 1939 .

318 1960 423 2007 Initium
440 1958 623 2007 obscurationis
641 1958 728 2005 totalis
756 1994 762 2006 .
800 1993 806 2005 .

318 2029 428 2077 ldedium
446 2061 804 2082 .........
921 2065 929 2080 .
984 2065 990 2078 .

317 2099 475 2162 Principium
493 2098 637 2146 emersionis
669 2135 675 2148 .
711 2134 718 2147 .
755 2132 762 2146 .
799 2136 807 2150 .
862 2135 868 2147 .
923 2136 930 2150 .
986 2137 993 2151 .

319 2168 388 2217 Finis
406 2170 484 2216 totius
502 2168 630 2231 eclipsin.
668 2205 675 2218 .
712 2205 718 2217 .
755 2203 761 2217 .
799 2205 807 2220 .
860 2204 866 2216 .
985 2207 990 2218 .

704 2256 808 2302 Duratio
845 2257 869 2306 b.
906 2258 930 2307 3.
949 2259 992 2307 40.

319 2360 429 2409 Moratur
448 2361 543 2408 totuin
561 2360 671 2407 tenebris
708 2396 714 2409 .
753 2397 759 2409 .
797 2397 804 2413 .
841 2361 865 2410 h.
905 2365 929 2414 1.
947 2362 990 2412 32.

318 2431 361 2480 801
380 2429 473 2479 occidit
490 2430 573 2477 Linoli
622 2465 627 2478 .
666 2467 672 2480 .
709 2464 716 2478 .
754 2467 760 2479 .
798 2470 803 2480 .
840 2430 865 2478 h.
901 2433 925 2481 1.
962 2434 987 2482 3.

319 2604 417 2665 Oritur
446 2605 533 2680 igitur
555 2603 641 2664 Luna
669 2621 759 2681 peuce
788 2621 842 2663 noe
868 2605 932 2680 jam
961 2603 1096 2663 deficiens
1126 2604 1230 2679 maJori
1252 2611 1336 2681 parte
1358 2606 1406 2664 aui
1429 2608 1586 2682 corporis·

215 2695 272 2770 Qui
296 2701 364 2752 sunt
387 2691 462 2751 ultra
484 2700 608 2751 tractum
630 2710 649 2749 a
670 2699 745 2750 terra
760 2690 958 2763 laboratoris,
982 2709 1034 2768 per
1056 2692 1133 2751 ostia
1154 2690 1236 2750 fluvii
1253 2691 1416 2768 Maragnou
1440 2695 1469 2751 in
1495 2693 1590 2753 Bra‘

213 2783 296 2853 eilia,
326 2779 507 2839 occidentem
538 2795 640 2839 versus
668 2795 761 2854 usque
790 2778 828 2837 ad
857 2777 997 2838 circulum
1020 2796 1071 2857 per
1094 2780 1190 2837 Anian
1214 2787 1244 2838 et
1266 2796 1373 2839 noram
1397 2779 1587 2845 ultionem,

214 2869 379 2947 provincias
397 2868 558 2938 Americae,
582 2881 691 2941 perque
716 2866 843 2925 vicinum
866 2865 969 2925 insulis
992 2865 1159 2926 Salomonis
1182 2883 1324 2925 oceanum
1347 2866 1528 2940 traductum,
1551 2860 1593 2925 ii

215 2955 287 3016 nihil
311 2954 346 3013 de
370 2953 471 3029 eclipsi
495 2952 649 3024 videbunt,
680 2968 720 3014 ec.
745 2961 808 3011 tota
836 2952 896 3011 lere
920 2954 1063 3012 Amerina.
1109 2953 1180 3011 Inde
1209 2971 1276 3029 pars
1305 2953 1454 3013 videbitur
1478 2964 1596 3032 usqne

215 3044 253 3103 ad
275 3043 443 3101 habitantes
458 3039 534 3098 ultra
549 3039 677 3116 huppen,
700 3038 821 3105 Russus,
845 3038 998 3112 Limenes,
1023 3040 1176 3112 Consanos,
1201 3039 1339 3114 Graecos,
1363 3041 1596 3119 (10000000οε0,

216 3131 346 3210 Cyrenas
371 3131 399 3185 in
423 3127 522 3186 Africa
546 3129 729 3202 insulamque
746 3125 776 3185 S.
793 3125 935 3187 Thomas.
980 3126 1076 3187 (letari
1100 3129 1206 3187 abhinc
1230 3145 1331 3186 versus
1354 3131 1501 3188 orientem
1525 3140 1600 3189 to*

216 3228 276 3278 tam
299 3215 440 3274 videbunt
463 3215 500 3273 ab
525 3216 606 3273 initio
630 3231 722 3290 usque
745 3212 782 3272 ad
806 3214 902 3285 linem,
926 3213 963 3274 ad
988 3223 1112 3274 tractum
1136 3217 1186 3291 qui
1209 3232 1261 3290 per
1282 3214 1400 3290 Tangat
1416 3215 1599 3275 Tartariee

216 3322 323 3382 perque
347 3302 457 3362 medias
482 3301 567 3361 Sinas
600 3319 700 3361 versus
731 3318 839 3360 novam
862 3301 1007 3361 Guineam
1030 3301 1246 3378 Magallanicae
1277 3302 1406 3376 ducitur,
1442 3312 1510 3363 tnta
1532 3322 1600 3363 sc-

218 3395 296 3453 dsia.
336 3388 495 3449 Ulteriores
520 3407 631 3448 rursum
654 3397 766 3465 partem
790 3387 930 3464 aliquam,
954 3407 1047 3465 usque
1070 3389 1107 3448 ad
1123 3392 1276 3449 terminum
1294 3392 1387 3466 primo
1403 3389 1530 3449 dictum.

321 3475 486 3535 Observcvi
508 3477 584 3535 hane
607 3475 727 3552 eclipsin
751 3474 845 3534 Lincli
868 3478 897 3534 iu
921 3493 987 3535 arce
1011 3476 1164 3548 Caesarea,
1195 3478 1398 3553 praesentibus
1422 3477 1599 3554 aliquibus

217 3566 384 3644 proceribus
401 3573 430 3623 ct
445 3564 709 3639 vice-Capitaneo.
741 3562 862 3621 Ocelum
879 3572 941 3623 erat
956 3564 1106 3622 turbidum
1129 3563 1294 3636 admodum,
1319 3563 1448 3623 vidimus
1472 3574 1597 3625 tamen

216 3655 302 3731 quasi
325 3652 380 3710 sub
404 3650 537 3710 tabulato
560 3652 679 3709 nubium
704 3667 754 3727 per
777 3667 903 3727 vapores
926 3668 1036 3727 aqueus
1060 3653 1247 3725 exorientem,
1272 3651 1397 3709 vidimus
1422 3653 1591 3713 ettinonn·

220 3740 397 3799 Observatio
421 3747 517 3797 exstat
539 3755 637 3797 mense
661 3740 806 3813 Augusto,
830 3755 920 3813 quam
943 3739 990 3797 iric
1014 3739 1255 3798 examinabimus.

322 3826 379 3884 Pro
403 3828 497 3902 prima
519 3825 603 3902 plrasi
628 3833 655 3884 et
679 3815 830 3902 principio.
870 3825 944 3884 Cum
966 3828 1055 3901 igitur
1078 3826 1220 3885 diameter
1234 3826 1335 3884 Laruae
1358 3827 1397 3883 sit
1421 3829 1475 3885 32‘
1501 3829 1584 3894 w,

217 3913 280 3988 ejus
305 3911 432 3971 dodrans
455 3921 538 3971 erunt
561 3914 613 3973 25‘
638 3914 688 3972 δ”.
734 3912 770 3970 Et
794 3929 858 3971 cum
883 3915 911 3969 in
935 3913 1007 3972 hora
1030 3930 1089 3971 una
1111 3920 1265 3972 moveatur
1287 3912 1372 3971 Luna
1394 3932 1413 3971 a
1428 3912 1502 3973 Sole
1527 3909 1580 3974 vel

217 4000 255 4059 ab
279 4002 397 4059 umbrae
428 4002 557 4058 torminis
589 4002 641 4059 34‘
665 4000 743 4069 30⁹,
774 4017 843 4073 ergo
873 3999 946 4059 haee
976 4003 1028 4060 25‘
1053 4001 1094 4059 3“
1121 4001 1317 4060 movebuntur
1338 4001 1459 4059 minutis
1483 4001 1582 4061 horae

218 4094 268 4147 43.
294 4091 367 4147 20“.
414 4085 486 4144 Cum
511 4088 599 4162 igitur
621 4085 706 4145 Luna
729 4090 788 4145 lere
810 4094 890 4145 recta
913 4104 1014 4147 versus
1037 4087 1157 4147 umbrae
1178 4097 1307 4146 cerrtrum
1329 4087 1417 4146 luerit
1440 4099 1523 4147 mota
1546 4093 1576 4148 ct

218 4175 285 4252 0100
309 4173 449 4233 dodrante
473 4175 659 4233 obscuratum
684 4173 837 4232 habuerit:
861 4173 927 4251 0100
950 4176 1039 4250 igitur
1061 4192 1149 4250 quern
1174 4181 1214 4235 44
1238 4177 1357 4234 minutis
1380 4184 1460 4249 ante,
1485 4191 1575 4251 quam

217 4269 345 4322 centrum
370 4263 433 4337 ejus
457 4261 577 4320 haberet
600 4261 786 4322 altitudinem
812 4258 846 4319 1⁰
869 4264 931 4334 20‘,
955 4261 1010 4320 luit
1033 4262 1178 4338 eclipseos
1201 4264 1324 4321 initium.
1363 4261 1422 4321 Sed
1445 4262 1569 4322 altitudo

217 4352 307 4410 centri
336 4349 437 4408 Lunae
468 4365 612 4426 apparens
644 4348 677 4408 1⁰
701 4351 754 4408 20‘
785 4347 952 4424 deprimitur
981 4349 1122 4425 parallaxi
1155 4359 1184 4410 et
1215 4348 1359 4408 attollitur
1386 4349 1567 4410 refractione.

216 4437 306 4510 Pone,
331 4436 494 4514 parallexin
517 4435 657 4512 majorem
681 4454 745 4496 esee
768 4436 938 4495 retractione
964 4443 1003 4495 30
1028 4436 1184 4512 scrupulis,
1209 4447 1241 4495 ut
1264 4435 1389 4496 liberata
1413 4439 1568 4497 0000101-

216 4525 311 4583 titudo
334 4527 371 4582 eit
398 4524 430 4583 1⁰
454 4525 515 4584 50‘.
560 4522 635 4582 Cum
658 4532 757 4583 autem
778 4523 995 4583 semidiamcter
1017 4525 1137 4582 umbrae
1160 4526 1198 4582 011
1223 4526 1275 4583 41’
1299 4521 1377 4596 38”,
1408 4527 1439 4581 in
1469 4527 1567 4584 umbra

216 4629 287 4670 vero
317 4614 375 4670 sint
401 4611 457 4671 hac
485 4613 550 4670 vice
580 4610 637 4670 25‘
662 4613 703 4670 3“
733 4609 769 4669 de
797 4610 900 4685 Luna,
934 4627 1056 4687 quorum
1089 4614 1137 4668 16‘
1162 4614 1224 4671 42⁰
1256 4619 1324 4673 eunt
1356 4612 1568 4673 semidiameter

218 4697 338 4757 Lunae:
369 4714 437 4774 ergo
466 4705 595 4758 centrum
620 4697 721 4757 Lunae
750 4714 800 4775 per
832 4695 862 4756 δ’
886 4701 950 4756 21‘¹
978 4701 1006 4755 in
1039 4698 1142 4758 umbra
1173 4706 1219 4758 ost
1240 4707 1269 4758 et
1291 4701 1335 4758 sic
1356 4716 1409 4775 per
1434 4704 1487 4760 ὅθ’
1514 4700 1567 4760 16¹¹

219 4794 287 4846 ante
316 4793 446 4845 centrum
476 4786 605 4846 umbrae.
652 4785 745 4863 igitur
768 4791 896 4847 centrum
919 4786 1039 4847 umbrae
1061 4801 1115 4847 eeu
1145 4789 1312 4864 oppositum
1334 4784 1399 4845 Soli
1431 4797 1566 4864 punctum

243 5020 298 5087 eff:
