3284 5520
136 292 151 337 ‘
567 335 899 407 spississimam
919 339 998 399 sorr.
1397 340 1463 409 487

111 534 133 577 n
155 514 287 595 quadris,
310 515 424 576 Lenem
448 514 499 575 ille
522 532 557 575 ex
583 516 703 592 quadris
728 534 830 577 versus
853 515 1098 595 copulessngulo
1115 535 1222 596 magno
1239 515 1273 579 5⁰
1290 520 1462 579 18‘emittit

111 622 230 682 rumque
252 607 368 664 interim
391 603 531 680 angulum
554 606 676 677 minuit,
710 615 742 663 ut
764 604 849 664 Lerne
871 605 992 664 limitem
1016 608 1045 662 in
1069 605 1182 683 copulis
1205 613 1381 683 assequatur
1402 623 1461 666 non

111 692 172 752 slus
194 691 403 763 declinantem,
432 708 521 767 quam
546 686 581 750 4⁰
605 690 708 771 wls.
754 693 818 767 Ego
840 700 942 751 contre
965 694 993 750 in
1020 692 1180 770 eclipsibus
1203 693 1282 753 Solis
1304 702 1334 753 et
1356 694 1459 754 itunae

111 788 204 839 statuo
227 779 366 855 angulum
391 776 426 838 5⁰
452 781 503 837 18¹
526 787 707 838 constantem
730 787 793 838 toto
817 776 915 839 mense
938 780 1014 852 iero,
1045 792 1078 838 ut
1100 780 1185 840 Luna
1215 781 1318 840 eudem
1344 783 1460 841 transite

111 876 240 927 rxcumr
261 870 292 923 in
314 865 442 943 quadrus
465 863 503 923 ed
526 864 603 924 hanc
624 883 719 940 usque
742 866 948 941 latitudinem
972 875 1002 927 et
1024 883 1090 926 cum
1113 866 1208 926 nodus
1232 870 1260 924 in
1277 869 1391 942 quadra
1405 878 1460 942 est,

112 970 218 1014 ursum
239 953 313 1012 mihi
335 953 421 1013 Luna
445 952 554 1010 directa
577 970 630 1012 nec
653 954 759 1012 iniicxa
788 957 838 1013 sia
865 956 991 1015 excurrit
1024 957 1052 1011 in
1082 954 1204 1031 copules
1236 954 1345 1031 angulo
1369 973 1460 1034 parvo

112 1040 139 1101 'tl’
153 1044 195 1112 θ’,
219 1050 248 1099 et
271 1040 340 1098 huic
363 1040 516 1116 aequalem
540 1039 725 1100 latitudinem
748 1043 874 1117 acquirit
897 1044 925 1099 in
941 1040 1065 1117 copulis.
1107 1041 1142 1100 ld
1164 1043 1241 1101 enim
1265 1060 1322 1102 non
1346 1050 1459 1103 tentum

112 1126 276 1205 typothosis
297 1127 438 1204 physicae
461 1128 552 1185 iorme
575 1127 714 1203 postulet,
738 1128 790 1187 sed
814 1129 906 1188 multo
929 1139 997 1188 ante
1020 1127 1133 1188 detexit
1149 1128 1343 1189 consideratio
1367 1131 1461 1207 eclip-

112 1218 180 1275 rium
203 1212 282 1274 Solis
304 1224 334 1273 et
356 1214 458 1274 Lunae
480 1212 678 1290 indiciumque
709 1218 750 1273 ite
779 1215 848 1274 iecit
870 1215 907 1275 ad
931 1217 1082 1295 physicam
1105 1216 1282 1292 hypothesin
1306 1234 1459 1278 arcessen-

112 1301 169 1363 lsm
193 1305 284 1362 etiam
307 1304 337 1359 iu
359 1300 541 1361 latitudines.

208 1394 260 1449 24.
306 1387 393 1463 Quod
415 1390 483 1448 loca
505 1388 658 1448 nodorum
680 1389 794 1460 attinet,
819 1389 870 1448 illa
892 1406 948 1465 ego
971 1390 1021 1449 th*
1045 1391 1224 1464 promotione
1246 1392 1343 1465 posui,
1370 1407 1459 1467 quem

112 1491 126 1535 o
157 1474 278 1552 copulis
305 1476 361 1535 lert
391 1475 521 1535 calculus
545 1474 705 1553 Tyohonis.
752 1475 808 1534 llio
838 1480 915 1535 enirn
945 1476 1016 1534 mihi
1047 1479 1121 1535 inter
1147 1479 1317 1553 potissimos
1340 1477 1459 1537 labores

112 1566 316 1623 strouomicos
338 1562 405 1622 inde
429 1583 448 1623 a
470 1571 563 1622 morte
585 1565 690 1622 summi
714 1566 768 1621 riri
792 1564 856 1627 tuit,
879 1574 912 1622 ut
935 1563 1058 1640 eclipses
1081 1562 1159 1621 Solis
1182 1570 1212 1622 et
1226 1563 1330 1623 Lunae
1352 1567 1459 1624 rectius

112 1648 265 1724 eicerem,
296 1666 332 1709 eo
362 1650 441 1726 quod
471 1652 581 1726 possim
608 1651 647 1710 ab
674 1652 850 1710 astronomis
880 1650 917 1709 ad
940 1668 987 1710 mo
1010 1653 1164 1726 provocari
1187 1650 1326 1710 viderem.
1372 1649 1456 1727 Quae

112 1740 191 1814 gitur
213 1737 252 1795 ed
274 1756 334 1796 rem
359 1738 453 1797 lacere
477 1736 671 1813 deprehendi,
704 1754 740 1797 ee
770 1746 882 1797 mutere
914 1747 944 1796 et
969 1740 1012 1796 sic
1040 1747 1154 1796 mutate
1184 1755 1249 1797 cum
1279 1742 1457 1799 astronomis

112 1826 319 1885 ommunicare
341 1825 423 1885 nulla
445 1827 653 1902 superstitione
676 1832 767 1897 vetor,
792 1842 857 1886 curn
881 1827 981 1895 sciam,
1005 1828 1149 1884 lecturum
1171 1823 1200 1882 id
1224 1828 1320 1903 ipsum
1335 1825 1455 1904 Tycho-

112 1930 165 1973 em
191 1912 292 1985 luisse,
316 1913 464 1971 siluisset
487 1910 525 1971 ed
547 1911 650 1971 harum
674 1929 767 1989 usqne
790 1930 885 1972 rorum
907 1912 1134 1988 patelectiouem
1157 1921 1314 1989 superstes.

206 2000 258 2059 25.
305 1998 464 2059 diodorum
488 2007 682 2059 retroceseum
713 2003 741 2059 iu
767 1999 959 2076 Ephemeride
989 1998 1106 2073 quidem
1135 1999 1320 2075 aequabilem
1350 2001 1457 2060 retinui

112 2103 164 2145 rm
191 2087 349 2157 veteribus,
372 2096 473 2145 contra
497 2104 584 2162 quam
600 2085 746 2162 Origanus
769 2089 798 2143 iu
822 2086 1008 2163 'l'yclronicle
1054 2085 1129 2144 Nam
1152 2089 1207 2145 etei
1231 2088 1365 2147 hinorum
1388 2087 1456 2163 ple·

113 2190 204 2235 orum
228 2163 416 2246 circulorum,
447 2177 621 2233 concentrici
644 2174 779 2233 libretilis
802 2183 832 2234 ct
854 2176 1024 2246 eccentrici,
1056 2175 1217 2249 permixtae
1243 2174 1456 2248 inclinationes,

113 2264 195 2323 {tera
217 2277 270 2336 per
292 2264 361 2319 enni
384 2261 559 2320 curriculum
583 2261 742 2331 variabilis,
764 2261 1017 2332 altereconstans,
1042 2262 1070 2317 in
1094 2262 1305 2335 imaginatione
1328 2261 1457 2322 theoria·

113 2365 161 2409 rm
186 2347 348 2407 solidarum
372 2351 490 2407 omnino
513 2358 731 2424 repraesentent
747 2348 849 2417 nodos,
874 2351 899 2407 si
914 2366 972 2406 non
995 2358 1028 2406 ut
1043 2346 1245 2423 Copernicena
1267 2350 1455 2423 aequinoctia

113 2433 297 2512 'epidentes,
330 2444 361 2494 ut
388 2436 493 2495 saltum
525 2437 750 2511 inaequabiliter
778 2434 960 2507 incedentes,
993 2442 1121 2493 ettamen
1150 2435 1237 2494 orbos
1265 2435 1353 2494 solidi
1382 2436 1455 2495 nulli

113 2532 187 2597 rnt;
217 2538 269 2581 nec
293 2532 438 2599 ponuntur
462 2523 535 2582 haec
556 2525 641 2597 signa
666 2522 703 2597 Ω
732 2526 769 2600 ἳ3
802 2525 830 2580 in
854 2521 1113 2599 Ephemeridibus,
1148 2524 1219 2598 quia
1245 2533 1314 2580 sunt
1342 2523 1455 2584 indices

113 2611 265 2670 sctionum
287 2626 338 2685 per
359 2627 489 2669 mensem
513 2616 616 2683 totum,
640 2610 692 2670 sed
715 2612 785 2685 quie
808 2609 953 2669 habentur
975 2626 1026 2686 pro
1043 2611 1136 2685 signis
1152 2610 1283 2669 benefico
1306 2618 1336 2670 et
1358 2611 1452 2672 male·

113 2714 152 2757 co
178 2698 466 2772 aequiparanturque
489 2697 632 2772 planetis,
663 2704 695 2755 ut
722 2704 804 2774 patet
832 2714 867 2756 ex
891 2696 1044 2774 pandectis
1068 2694 1298 2772 astrologorum,
1331 2697 1454 2758 ridiculo

113 2800 171 2845 sne
194 2786 326 2843 somnio:
356 2802 425 2844 nam
453 2787 578 2861 primum
600 2786 760 2843 astronomi
785 2785 898 2843 Arabes
924 2791 1023 2855 erant,
1054 2786 1103 2859 qui
1134 2802 1169 2843 cx
1193 2785 1286 2843 lorme
1307 2788 1453 2861 segmenti

113 2872 262 2947 pbaersc,
291 2874 365 2930 inter
388 2873 473 2932 binos
496 2872 619 2931 circulos
642 2872 745 2930 Lunae
769 2879 798 2930 st
820 2871 898 2930 Solis
921 2873 1107 2959 intercepti„
1123 2881 1153 2930 et
1175 2871 1211 2930 ad
1236 2871 1452 2932 distinctionem

113 2960 244 3019 actionis
267 2975 285 3016 u
308 2961 437 3019 sectione
460 2962 579 3018 nomina
601 2959 745 3033 iecerunt,
775 2958 859 3017 alteri
882 2967 970 3035 caput
993 2961 1100 3017 vermis
1128 2975 1181 3018 seu
1208 2960 1351 3036 serpentis
1375 2957 1452 3037 (Ω),

113 3044 186 3105 lteri
212 3045 306 3104 caude
329 3049 435 3106 vermis
459 3042 546 3126 (ii),
579 3063 613 3106 eo
644 3045 722 3122 quod
752 3047 857 3106 vermis
885 3047 934 3106 vel
961 3048 1104 3122 serpentis
1134 3048 1248 3122 species
1275 3063 1453 3107 amucrons

113 3134 241 3209 rcipiat,
271 3135 299 3189 in
332 3142 433 3194 ventre
463 3133 607 3194 letissime
629 3136 681 3206 sit,
712 3136 874 3210 iterumque
903 3136 933 3190 in
960 3150 1126 3193 mucronem
1150 3142 1182 3193 ut
1204 3133 1278 3195 heac
1300 3144 1454 3209 segmenta

114 3222 226 3290 estuat,
251 3219 330 3295 quod
352 3221 450 3280 Latini
474 3221 681 3280 transtulerunt
707 3230 816 3296 „ceput
838 3230 868 3280 et
890 3219 984 3279 caude
1007 3219 1179 3292 draconis“;
1208 3221 1348 3297 astrologi
1373 3238 1452 3293 vero,

115 3306 236 3383 eglecto
259 3309 426 3383 sapientum
449 3311 599 3380 instituto,
630 3308 667 3368 ad
691 3309 787 3366 solum
811 3324 915 3367 vocum
939 3308 1137 3366 technicorum
1159 3308 1307 3366 horrorem
1332 3309 1453 3368 auscul-

114 3402 208 3465 sntes,
232 3403 362 3454 monstra
384 3395 441 3454 illis
456 3396 615 3454 conformia
629 3399 703 3453 inter
718 3394 815 3454 sidera
828 3403 1043 3467 consecrarunt,
1066 3393 1153 3470 plene
1173 3394 1268 3453 einrile
1285 3395 1355 3471 quid
1372 3397 1454 3472 passi

114 3480 338 3554 selancbolicis,
371 3492 423 3541 eut
452 3485 549 3559 pueris
577 3492 605 3541 et
635 3481 870 3542 muliercularum
894 3481 999 3561 vulgo,
1032 3483 1139 3557 quibus
1162 3480 1316 3558 plurimum
1341 3485 1452 3560 negotii

114 3578 252 3629 scessunt
272 3577 389 3644 spectra
411 3577 440 3629 et
462 3570 604 3647 lemures,
635 3573 685 3645 qui
712 3569 884 3647 plerumque
914 3587 969 3628 nec
997 3578 1066 3627 sunt
1096 3585 1150 3628 nec
1172 3570 1289 3629 luerunt
1313 3586 1452 3646 unquam,

114 3654 151 3717 ed
174 3657 201 3713 sl
224 3672 284 3715 rem
307 3657 346 3716 ab
369 3674 427 3716 ovo
450 3660 640 3734 pervestigos,
662 3656 711 3716 vol
735 3657 882 3716 naturales
898 3666 981 3715 erant
996 3659 1143 3733 strepitus,
1167 3657 1213 3716 vel
1230 3667 1373 3717 nocturna
1388 3660 1454 3717 anl-

114 3740 244 3814 nalcula,
275 3743 321 3803 vel
345 3752 422 3803 certe
446 3747 474 3801 in
497 3743 624 3820 alicujus
646 3746 817 3804 somniantis
840 3744 887 3802 vel
913 3742 1062 3802 delirantis
1094 3745 1304 3820 imaginatione
1326 3747 1451 3821 primum
1507 3816 1511 3823 ι

114 3832 162 3890 rati
186 3830 313 3889 iuornnt.
359 3831 471 3906 Quodsi
501 3831 572 3890 solis
603 3834 777 3891 astronomis
807 3832 982 3890 scriberetur
1011 3830 1195 3907 Ephemeris,
1227 3842 1328 3907 posset
1357 3840 1454 3891 motus

114 3917 244 3977 todorum
269 3922 297 3976 in
320 3918 447 3977 solidum
471 3921 575 3990 omitti,
598 3935 663 3978 cum
686 3922 752 3995 ipse
771 3916 894 3977 latitudo
911 3917 1022 3990 Lunae,
1046 3935 1135 3993 quern
1157 3935 1192 3977 ex
1210 3919 1454 3995 liphemeridibns

114 4002 170 4064 itte
191 4022 244 4081 per
266 4008 461 4080 cognitionem
485 4006 542 4065 loci
565 4006 708 4065 nodorum
730 4008 942 4080 investigamus
964 4005 1142 4081 simplicem,
1167 4008 1330 4080 composita
1352 4006 1401 4066 hic
1423 4008 1453 4064 in

114 4090 243 4153 teeulieri
266 4092 403 4152 columna
421 4095 484 4169 jam
506 4093 677 4152 exhibeatur
699 4101 882 4170 computata,
914 4091 1047 4168 adeoque
1069 4110 1106 4151 ne
1129 4101 1313 4169 computetur
1335 4094 1454 4169 quidem

114 4196 139 4239 rx
162 4178 229 4239 loco
251 4183 391 4240 sectionis
414 4180 492 4239 illius
516 4180 652 4239 libretiiis
675 4182 875 4257 praecognito.

132 4298 139 4305 '
207 4294 238 4356 (q
257 4290 324 4345 Nisi
337 4306 389 4360 per
404 4291 524 4358 sormam
536 4289 713 4359 hypotheseos
723 4290 914 4360 prometricom
925 4290 1082 4358 compositis
1093 4287 1201 4343 duodus
1213 4288 1457 4348 eccentricitotrbu'e

114 4378 132 4417 s
149 4376 248 4426 mos,
274 4366 305 4415 et
321 4361 427 4428 factem
447 4361 480 4413 in
496 4359 678 4429 Ephemeride
696 4361 766 4413 osni
786 4359 866 4417 1618.
891 4374 957 4412 seer
971 4374 1026 4427 pro
1044 4357 1192 4413 latitudine
1209 4356 1370 4429 compositio
1389 4360 1457 4416 hoec

114 4447 159 4487 ros
174 4431 366 4500 compendium
383 4431 472 4495 lrchct,
490 4430 538 4485 sed
555 4429 750 4498 dispendium.)

205 4529 265 4590 Sed
288 4532 358 4606 quie
381 4531 471 4605 vulgo
494 4530 708 4604 astrologorum
739 4539 784 4588 ost
806 4528 1043 4605 gratificandum,
1078 4547 1132 4589 nec
1161 4529 1256 4587 omitti
1279 4535 1377 4607 potest
1397 4546 1455 4590 no·

114 4620 204 4679 mm
227 4620 379 4681 circuitus.
411 4624 541 4694 praestet
571 4619 658 4693 igitur
687 4616 834 4692 tigmentis
864 4617 943 4676 hisce
974 4616 1160 4691 astrologicis
1182 4632 1268 4675 suurn
1291 4616 1454 4693 relinquere

115 4706 259 4783 tutiquum
282 4721 392 4765 morem
416 4714 445 4764 et
467 4714 588 4776 motum,
612 4721 697 4780 quom
722 4705 909 4764 obtinuerunt
924 4706 953 4761 in
970 4704 1105 4763 omuibus
1123 4703 1364 4779 lipbsmeridibus
1386 4713 1455 4765 ants

115 4790 269 4871 Mutuum
291 4794 416 4871 seriptis,
439 4809 494 4854 nec
515 4795 602 4853 novis
624 4791 837 4853 subtilitatibus
859 4790 913 4851 iile
934 4807 1018 4851 sacre
1040 4792 1159 4851 turbari.
