3284 5520
417 1590 490 1706 llE
531 1586 761 1707 ORlGlNE
799 1585 1048 1707 GENllUll
1086 1588 1163 1703 Ell
1198 1586 1359 1707 illisu

811 1853 877 1865 -vsrvr
898 1853 964 1867 mvs-

317 2032 391 2094 Gen.
424 2051 488 2112 cap.
515 2041 563 2094 10.
598 2032 799 2093 describuntur
830 2031 957 2092 familiae
991 2034 1147 2110 primorum
1180 2033 1352 2105 hominum,
1386 2035 1465 2093 inter
1498 2049 1568 2108 quas

211 2123 290 2183 orbis
312 2129 454 2182 terrarum
476 2130 521 2181 est
543 2119 665 2180 divisus.
706 2118 788 2196 Quae
812 2128 844 2179 ut
866 2130 943 2180 reete
966 2120 1172 2197 intelligantur,
1195 2121 1364 2181 notabimus
1390 2122 1425 2195 1)
1441 2120 1568 2180 ordinem

210 2212 327 2271 aetatis.
364 2209 440 2270 Nam
455 2207 524 2269 Sem
547 2209 602 2267 luit
625 2218 697 2268 natu
721 2209 873 2279 maximus,
896 2206 964 2268 indo
980 2207 1082 2281 Chsm,
1105 2210 1191 2268 tertio
1206 2207 1327 2284 Japhct.
1367 2208 1469 2268 Debet
1490 2208 1564 2266 idem

212 2299 301 2357 etiam
325 2299 354 2355 in
376 2296 502 2374 siugulis
523 2296 650 2356 familiis.
691 2290 728 2377 2)
750 2296 828 2355 Nota
851 2296 956 2368 locum,
980 2297 1010 2352 iu
1035 2313 1093 2371 quo
1117 2313 1185 2356 arcs
1204 2296 1344 2356 constitit.
1384 2296 1457 2354 Fuit
1470 2302 1566 2355 autem

213 2401 298 2444 mons
314 2386 427 2461 Ararut,
452 2386 554 2460 utiquc
569 2384 694 2455 Taurus,
719 2401 787 2442 nam
809 2382 875 2442 iude
892 2382 1076 2459 Babylonem
1098 2394 1240 2443 venerunt
1262 2387 1293 2441 in
1310 2400 1432 2460 campos
1447 2383 1565 2443 Senam.

211 2471 269 2532 Hie
291 2489 361 2549 orgo
383 2472 467 2532 loeus
489 2471 642 2531 divisionis
666 2480 717 2533 est.
756 2468 788 2550 3)
810 2470 969 2530 Numerum
990 2470 1115 2530 liliorum
1129 2471 1193 2531 Noe
1214 2478 1300 2545 nota,
1323 2473 1406 2531 luere
1424 2480 1524 2530 autem
1537 2476 1564 2530 3.

210 2560 248 2619 Et
271 2558 354 2634 vido,
382 2577 470 2636 quam
500 2562 636 2635 copiosae
667 2560 772 2618 luerint
800 2556 933 2634 singulae
962 2558 1100 2621 familiae.
1147 2560 1179 2637 4)
1201 2559 1345 2618 Notamus
1369 2557 1566 2618 conditionem

211 2649 398 2708 terminorum
420 2648 450 2705 in
474 2645 565 2705 Terra
587 2655 719 2723 respectu
743 2645 915 2722 Babylonis.
954 2645 1032 2721 Ergo
1051 2645 1166 2705 Taurus
1190 2663 1273 2706 mons
1296 2654 1326 2706 et
1347 2646 1518 2723 Euphrates
1538 2653 1567 2704 et

209 2735 291 2794 sinus
318 2733 454 2794 Persicus
484 2743 622 2811 separant
653 2734 796 2803 Africam,
828 2735 975 2791 accensita
1005 2734 1115 2792 Arabia
1144 2742 1173 2792 et
1203 2733 1387 2811 coelesyria,
1422 2734 1461 2793 ab
1486 2735 1565 2792 Asis.

210 2821 326 2883 Deinde
350 2820 418 2899 Oby
440 2821 549 2880 fluvius
572 2829 601 2880 et
623 2820 746 2880 Morere
769 2829 798 2879 et
815 2820 949 2879 Seconda
970 2822 1000 2877 in
1024 2838 1102 2881 mare
1118 2820 1256 2898 Caspium
1279 2820 1416 2893 influunt,
1441 2830 1472 2881 et
1486 2819 1565 2880 Can-

210 2926 295 2969 oasus
319 2926 372 2968 scu
395 2918 500 2987 portae
524 2908 649 2984 Caspiae
673 2917 703 2967 et
724 2907 845 2979 Pontus,
870 2907 1029 2983 Aegaeum,
1053 2907 1184 2980 Jonium,
1207 2907 1456 2968 Mediterraneum
1478 2925 1566 2985 sepa·

96 3004 100 3010 '
208 3005 274 3056 rant
297 2996 445 3073 Europam
479 2997 516 3056 ab
540 2997 622 3055 Asia.
669 2995 718 3055 Sic
748 2997 836 3071 igitur
861 2995 932 3054 Asia
962 2996 1089 3055 ambitur
1118 2997 1156 3054 ab
1180 2999 1290 3056 oriente
1313 3003 1344 3055 et
1365 2998 1564 3072 septentrione

210 3094 239 3143 et
258 3083 378 3143 meridie
403 3101 523 3155 oceano,
548 3085 585 3142 ab
603 3082 752 3142 occidente
768 3080 950 3141 meridionali
967 3082 1123 3159 Euphrate,
1140 3083 1207 3143 inde
1222 3083 1352 3159 undiquc
1368 3086 1442 3142 mari
1459 3083 1564 3143 Jonieo

209 3180 239 3231 et
262 3171 368 3243 Ponto,
392 3179 453 3229 turn
478 3171 611 3230 Caucaso
636 3179 664 3228 ot
686 3172 758 3229 mari
774 3170 907 3245 Caspico,
930 3172 968 3228 ab
992 3171 1141 3230 occidente
1165 3188 1235 3231 vero
1259 3170 1426 3246 aquilonari
1451 3170 1564 3230 duobus

209 3258 295 3317 dietis
318 3259 423 3317 fluviis.
471 3252 503 3340 5)
525 3259 604 3318 Nota
626 3267 740 3333 tempus
764 3256 925 3328 divisionis,
953 3264 1012 3317 100
1037 3261 1121 3316 aunis
1144 3268 1211 3334 post
1233 3258 1386 3331 diluvium,
1408 3259 1472 3334 Jam
1497 3267 1562 3317 nato

209 3345 333 3420 Phaleg.
372 3350 402 3419 6)
426 3345 550 3404 Notabls
574 3354 603 3405 et
626 3343 859 3404 maledictionem
875 3344 979 3403 Chami
997 3353 1026 3405 et
1042 3345 1274 3405 benedictionem
1290 3345 1379 3405 Semi.
1423 3348 1455 3423 i)
1480 3345 1563 3404 Adde

209 3433 371 3492 allusiones
394 3434 543 3492 nominum
567 3432 605 3492 ad
627 3435 755 3494 nomina.
802 3435 836 3505 8)
859 3431 944 3491 Adde
967 3441 996 3491 et
1019 3432 1189 3493 traditiones
1213 3436 1360 3493 certiores.

320 3519 390 3580 Indo
407 3519 480 3579 haec
498 3521 661 3580 eliciuntur.
692 3519 778 3579 Semo
793 3520 866 3578 Asia
881 3520 1003 3579 obvenit
1016 3522 1167 3596 provincia
1183 3522 1437 3598 temperatissima,
1454 3521 1563 3579 Chamo

212 3606 312 3666 Alrica
335 3617 362 3667 ei
386 3608 512 3682 Arabia,
544 3607 669 3667 torridae
699 3610 847 3682 regiones,
880 3606 1009 3683 dapheto
1038 3608 1169 3686 Europa,
1201 3609 1290 3685 paulo
1320 3608 1453 3683 frigidior
1482 3608 1560 3666 Asia.

210 3693 325 3753 Habuit
347 3702 444 3753 tamen
468 3702 497 3753 et
512 3695 580 3754 Sem
603 3695 746 3769 frigidam,
771 3704 801 3754 et
815 3693 926 3770 Japhet
949 3703 1147 3772 temperatam.
1186 3696 1316 3756 ASemo
1339 3698 1430 3755 etiam
1446 3696 1562 3771 Magal-

211 3782 307 3840 laniea
330 3780 435 3841 deinde
457 3781 569 3857 repleta
592 3801 625 3840 er
643 3781 752 3842 Herila
775 3784 803 3840 in
820 3780 974 3855 Guineam,
998 3782 1053 3841 hae
1076 3801 1193 3859 quoque
1209 3783 1402 3861 redundante,
1426 3784 1562 3843 America

209 3868 336 3946 repleta,
368 3869 419 3928 sed
450 3869 551 3946 procul
581 3869 669 3928 dubio
699 3886 764 3930 sero
794 3869 960 3929 admodum.
1007 3870 1166 3930 Consilium
1190 3872 1253 3932 Noc
1280 3871 1348 3929 iude
1370 3874 1560 3949 perspiritum

211 3954 298 4016 Semo
329 3957 402 4015 bene
433 3958 585 4033 cupiebat,
617 3957 727 4016 Chsmo
758 3957 887 4016 infensus
910 3965 980 4016 erat.
1025 3956 1137 4033 Japbet
1159 3967 1230 4018 natu
1253 3960 1391 4017 minimus
1415 3958 1560 4035 relegatus

211 4051 256 4102 est
278 4045 305 4100 in
329 4040 450 4103 insulas.
497 4045 533 4102 Et
555 4046 636 4103 veuit
659 4044 777 4120 quidem
799 4043 911 4103 insulae
934 4047 1051 4104 nomine
1074 4055 1137 4105 tota
1159 4047 1286 4123 Europa.
1332 4046 1409 4105 Num
1432 4056 1462 4105 st
1484 4057 1561 4105 trans

211 4129 348 4205 Caspium
373 4139 435 4190 erat
456 4131 663 4207 navigandum,
688 4150 741 4192 nee
764 4131 900 4192 cohaeret
915 4132 1005 4191 Asiae
1026 4135 1082 4190 nisi
1098 4137 1127 4190 in
1143 4137 1288 4192 montanis
1303 4135 1472 4209 incognitis,
1497 4143 1562 4193 tunc

210 4217 330 4290 scilicet,
354 4218 405 4277 ubi
427 4222 558 4294 proximo
581 4220 617 4279 ad
643 4221 766 4279 invicem
790 4218 931 4278 accedunt
955 4220 1036 4277 duvii
1052 4219 1118 4298 Oby
1139 4230 1169 4281 et
1184 4220 1308 4281 Morere
1323 4232 1415 4297 atque
1429 4219 1562 4281 Secunda

211 4322 247 4365 cx
271 4304 386 4364 Corono
409 4314 506 4366 monte
529 4309 557 4364 in
582 4307 720 4382 Caspium
744 4307 881 4380 fluentes,
915 4324 988 4381 quos
1018 4310 1093 4367 intra
1115 4309 1221 4368 duvios
1243 4318 1273 4369 et
1295 4309 1412 4367 Imaum
1436 4320 1561 4368 montem

210 4390 325 4453 deserta
348 4401 424 4466 suut,
449 4396 554 4470 quibus
577 4394 665 4454 hodie
688 4411 793 4453 nomen
817 4394 890 4454 Care
914 4403 942 4453 st
965 4395 1062 4454 Belor.
1107 4396 1189 4456 Alter
1212 4400 1352 4456 terminus
1375 4397 1514 4474 Europae
1536 4405 1561 4454 et

209 4480 302 4540 Asiae
332 4482 487 4556 contiguus
517 4489 562 4541 est
591 4481 714 4540 isthmus
745 4486 819 4541 inter
850 4483 988 4557 Caspium
1018 4490 1047 4540 et
1073 4482 1233 4557 Euxinum,
1265 4485 1316 4543 ubi
1345 4493 1416 4543 suut
1439 4485 1562 4544 Albame

210 4567 335 4645 (Arion),
360 4567 465 4642 Iberia,
490 4568 606 4629 Colchis
631 4578 660 4628 et
681 4571 814 4645 geminae
835 4569 912 4646 pilae
927 4587 1015 4628 uranu
1030 4569 1125 4630 laetae
1141 4571 1266 4647 ideoque
1281 4589 1339 4630 non
1357 4572 1562 4649 penetrabiles

316 4655 480 4714 Posteritca
501 4657 617 4732 Jupeti.
662 4656 752 4716 Recte
775 4674 845 4715 saue
868 4656 1017 4727 Horatius,
1042 4656 1110 4717 dum
1134 4659 1286 4719 audaciam
1310 4663 1434 4720 miratur
1457 4670 1562 4720 nauta-

208 4754 280 4812 rum,
304 4740 406 4818 Japeti
429 4745 568 4803 meminit.
605 4744 679 4804 Nam
703 4760 877 4821 quacunque
900 4762 963 4805 sors
986 4745 1049 4820 ejus
1070 4750 1175 4822 patuit,
1198 4748 1324 4808 navibus
1346 4748 1487 4811 adeunda
1501 4751 1560 4810 tuit
