<?xml version="1.0" encoding="UTF-8"?>
<!DOCTYPE html PUBLIC "-//W3C//DTD XHTML 1.0 Transitional//EN"
    "http://www.w3.org/TR/xhtml1/DTD/xhtml1-transitional.dtd">
<html xmlns="http://www.w3.org/1999/xhtml" xml:lang="en" lang="en">
 <head>
  <title>
</title>
<meta http-equiv="Content-Type" content="text/html;charset=utf-8" />
  <meta name='ocr-system' content='tesseract 3.04.00' />
  <meta name='ocr-capabilities' content='ocr_page ocr_carea ocr_par ocr_line ocrx_word'/>
</head>
<body>
  <div class='ocr_page' id='page_1' title='image "./joanniskepleria07frisgoog/joanniskepleria07frisgoog_0279.png"; bbox 0 0 3284 5520; ppageno 0'>
   <div class='ocr_carea' id='block_1_1' title="bbox 193 307 1052 380">
    <p class='ocr_par' dir='ltr' id='par_1_1' title="bbox 193 307 1052 380">
     <span class='ocr_line' id='line_1_1' title="bbox 193 307 1052 380; baseline -0.017 -1"><span class='ocrx_word' id='word_1_1' title='bbox 193 307 259 379; x_wconf 77' lang='lat'><strong>262</strong></span> <span class='ocrx_word' id='word_1_2' title='bbox 684 309 821 378; x_wconf 78' lang='lat' dir='ltr'><strong>Tyohonis</strong></span> <span class='ocrx_word' id='word_1_3' title='bbox 841 309 1052 380; x_wconf 82' lang='lat' dir='ltr'><strong>Hyperasptstes</strong></span> 
     </span>
    </p>
   </div>
   <div class='ocr_carea' id='block_1_2' title="bbox 194 485 1550 740">
    <p class='ocr_par' dir='ltr' id='par_1_2' title="bbox 194 485 1550 740">
     <span class='ocr_line' id='line_1_2' title="bbox 194 485 1548 565; baseline -0.001 -18"><span class='ocrx_word' id='word_1_4' title='bbox 194 487 300 547; x_wconf 79' lang='lat' dir='ltr'>exoriri</span> <span class='ocrx_word' id='word_1_5' title='bbox 328 489 494 564; x_wconf 76' lang='lat' dir='ltr'>sensimque</span> <span class='ocrx_word' id='word_1_6' title='bbox 522 489 684 548; x_wconf 89' lang='lat' dir='ltr'><strong>incitatiore</strong></span> <span class='ocrx_word' id='word_1_7' title='bbox 713 505 799 548; x_wconf 88' lang='lat' dir='ltr'><strong>cursu</strong></span> <span class='ocrx_word' id='word_1_8' title='bbox 827 495 856 547; x_wconf 92' lang='lat' dir='ltr'><strong>et</strong></span> <span class='ocrx_word' id='word_1_9' title='bbox 882 495 1030 549; x_wconf 77' lang='lat' dir='ltr'>crescente</span> <span class='ocrx_word' id='word_1_10' title='bbox 1053 485 1226 548; x_wconf 79' lang='lat' dir='ltr'><strong>claritudine</strong></span> <span class='ocrx_word' id='word_1_11' title='bbox 1248 503 1339 565; x_wconf 89' lang='lat' dir='ltr'><strong>super</strong></span> <span class='ocrx_word' id='word_1_12' title='bbox 1360 487 1460 563; x_wconf 82' lang='lat' dir='ltr'><strong>capita</strong></span> <span class='ocrx_word' id='word_1_13' title='bbox 1481 485 1548 546; x_wconf 85' lang='lat' dir='ltr'><strong>iarri</strong></span> 
     </span>
     <span class='ocr_line' id='line_1_3' title="bbox 194 573 1550 653; baseline 0 -20"><span class='ocrx_word' id='word_1_14' title='bbox 194 577 224 633; x_wconf 92' lang='lat' dir='ltr'><strong>in</strong></span> <span class='ocrx_word' id='word_1_15' title='bbox 248 576 396 635; x_wconf 82' lang='lat' dir='ltr'><strong>orientem.</strong></span> <span class='ocrx_word' id='word_1_16' title='bbox 433 574 516 635; x_wconf 87' lang='lat' dir='ltr'><strong>Tunc</strong></span> <span class='ocrx_word' id='word_1_17' title='bbox 539 579 616 636; x_wconf 91' lang='lat' dir='ltr'><strong>enirn</strong></span> <span class='ocrx_word' id='word_1_18' title='bbox 639 575 737 652; x_wconf 82' lang='lat' dir='ltr'><strong>colligi</strong></span> <span class='ocrx_word' id='word_1_19' title='bbox 760 577 913 653; x_wconf 89' lang='lat' dir='ltr'><strong>potuisset,</strong></span> <span class='ocrx_word' id='word_1_20' title='bbox 938 575 1029 636; x_wconf 90' lang='lat' dir='ltr'><strong>multo</strong></span> <span class='ocrx_word' id='word_1_21' title='bbox 1048 574 1129 636; x_wconf 89' lang='lat' dir='ltr'><strong>illam</strong></span> <span class='ocrx_word' id='word_1_22' title='bbox 1144 576 1249 635; x_wconf 89' lang='lat' dir='ltr'><strong>minori</strong></span> <span class='ocrx_word' id='word_1_23' title='bbox 1267 573 1432 648; x_wconf 86' lang='lat' dir='ltr'><strong>iuterrallo,</strong></span> <span class='ocrx_word' id='word_1_24' title='bbox 1458 590 1550 652; x_wconf 87' lang='lat' dir='ltr'><strong>quam</strong></span> 
     </span>
     <span class='ocr_line' id='line_1_4' title="bbox 194 661 1449 740; baseline -0.001 -18"><span class='ocrx_word' id='word_1_25' title='bbox 194 669 239 722; x_wconf 92' lang='lat' dir='ltr'><strong>est</strong></span> <span class='ocrx_word' id='word_1_26' title='bbox 262 661 399 722; x_wconf 81' lang='lat' dir='ltr'><strong>distantia</strong></span> <span class='ocrx_word' id='word_1_27' title='bbox 421 662 561 737; x_wconf 84' lang='lat' dir='ltr'><strong>locorum,</strong></span> <span class='ocrx_word' id='word_1_28' title='bbox 585 682 605 722; x_wconf 90' lang='lat' dir='ltr'><strong>a</strong></span> <span class='ocrx_word' id='word_1_29' title='bbox 625 663 778 740; x_wconf 88' lang='lat' dir='ltr'><strong>superficie</strong></span> <span class='ocrx_word' id='word_1_30' title='bbox 801 663 909 723; x_wconf 80' lang='lat' dir='ltr'>Terrae</span> <span class='ocrx_word' id='word_1_31' title='bbox 931 663 1102 725; x_wconf 85' lang='lat' dir='ltr'><strong>intermedio</strong></span> <span class='ocrx_word' id='word_1_32' title='bbox 1125 664 1272 725; x_wconf 84' lang='lat' dir='ltr'><strong>elevatam</strong></span> <span class='ocrx_word' id='word_1_33' title='bbox 1293 664 1449 723; x_wconf 84' lang='lat' dir='ltr'><strong>exarsisse.</strong></span> 
     </span>
    </p>
   </div>
   <div class='ocr_carea' id='block_1_3' title="bbox 669 797 1065 883">
    <p class='ocr_par' dir='ltr' id='par_1_3' title="bbox 669 797 1065 883">
     <span class='ocr_line' id='line_1_5' title="bbox 669 797 1065 883; baseline -0.003 -16"><span class='ocrx_word' id='word_1_34' title='bbox 669 797 1065 883; x_wconf 57' lang='lat' dir='ltr'><strong>mmmmm</strong></span> 
     </span>
    </p>
   </div>
   <div class='ocr_carea' id='block_1_4' title="bbox 193 922 1551 1266">
    <p class='ocr_par' dir='ltr' id='par_1_4' title="bbox 193 922 1551 1266">
     <span class='ocr_line' id='line_1_6' title="bbox 298 922 1550 1004; baseline 0 -22"><span class='ocrx_word' id='word_1_35' title='bbox 298 922 471 985; x_wconf 89' lang='lat' dir='ltr'><strong>Proculcato</strong></span> <span class='ocrx_word' id='word_1_36' title='bbox 495 927 591 1002; x_wconf 90' lang='lat' dir='ltr'><strong>capito</strong></span> <span class='ocrx_word' id='word_1_37' title='bbox 612 927 710 1004; x_wconf 87' lang='lat' dir='ltr'><strong>priori,</strong></span> <span class='ocrx_word' id='word_1_38' title='bbox 735 933 768 983; x_wconf 89' lang='lat' dir='ltr'><strong>ut</strong></span> <span class='ocrx_word' id='word_1_39' title='bbox 791 924 910 999; x_wconf 89' lang='lat' dir='ltr'><strong>dignum</strong></span> <span class='ocrx_word' id='word_1_40' title='bbox 925 930 995 997; x_wconf 86' lang='lat' dir='ltr'><strong>erat,</strong></span> <span class='ocrx_word' id='word_1_41' title='bbox 1021 923 1133 983; x_wconf 90' lang='lat' dir='ltr'><strong>nullum</strong></span> <span class='ocrx_word' id='word_1_42' title='bbox 1145 923 1209 1000; x_wconf 89' lang='lat' dir='ltr'><strong>jam</strong></span> <span class='ocrx_word' id='word_1_43' title='bbox 1224 923 1351 1002; x_wconf 88' lang='lat' dir='ltr'><strong>amplius</strong></span> <span class='ocrx_word' id='word_1_44' title='bbox 1367 928 1550 984; x_wconf 88' lang='lat' dir='ltr'><strong>momentum</strong></span> 
     </span>
     <span class='ocr_line' id='line_1_7' title="bbox 195 1010 1550 1090; baseline -0.003 -17"><span class='ocrx_word' id='word_1_45' title='bbox 195 1018 241 1073; x_wconf 86' lang='lat' dir='ltr'><strong>ast</strong></span> <span class='ocrx_word' id='word_1_46' title='bbox 262 1012 352 1071; x_wconf 88' lang='lat' dir='ltr'><strong>situm</strong></span> <span class='ocrx_word' id='word_1_47' title='bbox 373 1014 402 1069; x_wconf 92' lang='lat' dir='ltr'><strong>in</strong></span> <span class='ocrx_word' id='word_1_48' title='bbox 427 1013 492 1084; x_wconf 89' lang='lat' dir='ltr'><strong>hoc,</strong></span> <span class='ocrx_word' id='word_1_49' title='bbox 515 1012 595 1088; x_wconf 90' lang='lat' dir='ltr'><strong>quod</strong></span> <span class='ocrx_word' id='word_1_50' title='bbox 616 1016 721 1090; x_wconf 89' lang='lat' dir='ltr'><strong>prioris</strong></span> <span class='ocrx_word' id='word_1_51' title='bbox 744 1021 790 1071; x_wconf 86' lang='lat' dir='ltr'><strong>cst</strong></span> <span class='ocrx_word' id='word_1_52' title='bbox 805 1011 898 1071; x_wconf 83' lang='lat' dir='ltr'><strong>veluti</strong></span> <span class='ocrx_word' id='word_1_53' title='bbox 915 1010 1071 1087; x_wconf 84' lang='lat' dir='ltr'><strong>appendix.</strong></span> <span class='ocrx_word' id='word_1_54' title='bbox 1108 1011 1171 1071; x_wconf 83' lang='lat' dir='ltr'><strong>Neo</strong></span> <span class='ocrx_word' id='word_1_55' title='bbox 1186 1028 1260 1088; x_wconf 92' lang='lat' dir='ltr'><strong>opus</strong></span> <span class='ocrx_word' id='word_1_56' title='bbox 1280 1018 1343 1071; x_wconf 90' lang='lat' dir='ltr'><strong>erat</strong></span> <span class='ocrx_word' id='word_1_57' title='bbox 1357 1018 1440 1070; x_wconf 88' lang='lat' dir='ltr'><strong>tanta</strong></span> <span class='ocrx_word' id='word_1_58' title='bbox 1459 1027 1550 1087; x_wconf 84' lang='lat' dir='ltr'><strong>opera</strong></span> 
     </span>
     <span class='ocr_line' id='line_1_8' title="bbox 194 1097 1550 1176; baseline -0.002 -17"><span class='ocrx_word' id='word_1_59' title='bbox 194 1097 232 1159; x_wconf 86' lang='lat' dir='ltr'><strong>sd</strong></span> <span class='ocrx_word' id='word_1_60' title='bbox 255 1098 521 1173; x_wconf 89' lang='lat' dir='ltr'><strong>demonstrandum,</strong></span> <span class='ocrx_word' id='word_1_61' title='bbox 544 1103 569 1158; x_wconf 93' lang='lat' dir='ltr'><strong>si</strong></span> <span class='ocrx_word' id='word_1_62' title='bbox 591 1100 757 1176; x_wconf 82' lang='lat' dir='ltr'><strong>paraliaxes</strong></span> <span class='ocrx_word' id='word_1_63' title='bbox 781 1104 912 1159; x_wconf 88' lang='lat' dir='ltr'><strong>cometae</strong></span> <span class='ocrx_word' id='word_1_64' title='bbox 928 1099 1114 1158; x_wconf 87' lang='lat' dir='ltr'><strong>eulminantis</strong></span> <span class='ocrx_word' id='word_1_65' title='bbox 1130 1098 1254 1158; x_wconf 80' lang='lat' dir='ltr'><strong>humiles</strong></span> <span class='ocrx_word' id='word_1_66' title='bbox 1271 1106 1301 1157; x_wconf 92' lang='lat' dir='ltr'><strong>et</strong></span> <span class='ocrx_word' id='word_1_67' title='bbox 1316 1097 1463 1158; x_wconf 79' lang='lat' dir='ltr'><strong>horizonti</strong></span> <span class='ocrx_word' id='word_1_68' title='bbox 1477 1114 1550 1157; x_wconf 92' lang='lat' dir='ltr'><strong>oon-</strong></span> 
     </span>
     <span class='ocr_line' id='line_1_9' title="bbox 193 1181 1551 1266; baseline -0.001 -20"><span class='ocrx_word' id='word_1_69' title='bbox 193 1188 335 1247; x_wconf 90' lang='lat' dir='ltr'><strong>terminae</strong></span> <span class='ocrx_word' id='word_1_70' title='bbox 359 1186 481 1246; x_wconf 93' lang='lat' dir='ltr'><strong>duorum</strong></span> <span class='ocrx_word' id='word_1_71' title='bbox 504 1186 634 1247; x_wconf 88' lang='lat' dir='ltr'><strong>locorum</strong></span> <span class='ocrx_word' id='word_1_72' title='bbox 656 1189 710 1247; x_wconf 88' lang='lat' dir='ltr'><strong>sub</strong></span> <span class='ocrx_word' id='word_1_73' title='bbox 734 1186 837 1247; x_wconf 91' lang='lat' dir='ltr'><strong>eodem</strong></span> <span class='ocrx_word' id='word_1_74' title='bbox 859 1186 1020 1245; x_wconf 90' lang='lat' dir='ltr'><strong>meridiano</strong></span> <span class='ocrx_word' id='word_1_75' title='bbox 1043 1189 1173 1259; x_wconf 88' lang='lat' dir='ltr'><strong>sitorum,</strong></span> <span class='ocrx_word' id='word_1_76' title='bbox 1196 1203 1252 1247; x_wconf 90' lang='lat' dir='ltr'><strong>neo</strong></span> <span class='ocrx_word' id='word_1_77' title='bbox 1270 1184 1347 1244; x_wconf 89' lang='lat' dir='ltr'><strong>ultra</strong></span> <span class='ocrx_word' id='word_1_78' title='bbox 1361 1181 1425 1266; x_wconf 73' lang='lat' dir='ltr'><strong>4¹l,</strong></span> <span class='ocrx_word' id='word_1_79' title='bbox 1441 1183 1551 1261; x_wconf 87' lang='lat' dir='ltr'><strong>gradus</strong></span> 
     </span>
    </p>
   </div>
   <div class='ocr_carea' id='block_1_5' title="bbox 190 1272 1552 2136">
    <p class='ocr_par' dir='ltr' id='par_1_5' title="bbox 190 1272 1552 2136">
     <span class='ocr_line' id='line_1_10' title="bbox 193 1272 1551 1352; baseline -0.001 -21"><span class='ocrx_word' id='word_1_80' title='bbox 193 1274 223 1331; x_wconf 90' lang='lat' dir='ltr'><strong>in</strong></span> <span class='ocrx_word' id='word_1_81' title='bbox 246 1272 400 1333; x_wconf 80' lang='lat' dir='ltr'><strong>altitudine</strong></span> <span class='ocrx_word' id='word_1_82' title='bbox 423 1274 483 1352; x_wconf 90' lang='lat' dir='ltr'><strong>poli</strong></span> <span class='ocrx_word' id='word_1_83' title='bbox 502 1273 703 1348; x_wconf 80' lang='lat' dir='ltr'><strong>differentium,</strong></span> <span class='ocrx_word' id='word_1_84' title='bbox 727 1275 783 1334; x_wconf 93' lang='lat' dir='ltr'><strong>hao</strong></span> <span class='ocrx_word' id='word_1_85' title='bbox 810 1277 929 1349; x_wconf 90' lang='lat' dir='ltr'><strong>inquam</strong></span> <span class='ocrx_word' id='word_1_86' title='bbox 951 1273 1117 1349; x_wconf 83' lang='lat' dir='ltr'><strong>parallaxes</strong></span> <span class='ocrx_word' id='word_1_87' title='bbox 1132 1276 1157 1332; x_wconf 93' lang='lat' dir='ltr'><strong>si</strong></span> <span class='ocrx_word' id='word_1_88' title='bbox 1173 1272 1307 1332; x_wconf 83' lang='lat' dir='ltr'><strong>differant</strong></span> <span class='ocrx_word' id='word_1_89' title='bbox 1322 1275 1408 1332; x_wconf 87' lang='lat' dir='ltr'><strong>unico</strong></span> <span class='ocrx_word' id='word_1_90' title='bbox 1424 1273 1551 1351; x_wconf 86' lang='lat' dir='ltr'><strong>minuto,</strong></span> 
     </span>
     <span class='ocr_line' id='line_1_11' title="bbox 193 1358 1551 1439; baseline 0 -19"><span class='ocrx_word' id='word_1_91' title='bbox 193 1358 362 1439; x_wconf 84' lang='lat' dir='ltr'><strong>parallaxcs</strong></span> <span class='ocrx_word' id='word_1_92' title='bbox 393 1363 471 1438; x_wconf 89' lang='lat' dir='ltr'><strong>ipsas</strong></span> <span class='ocrx_word' id='word_1_93' title='bbox 501 1364 625 1436; x_wconf 87' lang='lat' dir='ltr'><strong>insignis</strong></span> <span class='ocrx_word' id='word_1_94' title='bbox 655 1362 717 1421; x_wconf 87' lang='lat' dir='ltr'><strong>fieri</strong></span> <span class='ocrx_word' id='word_1_95' title='bbox 747 1360 958 1439; x_wconf 86' lang='lat' dir='ltr'><strong>magnitudinis</strong></span> <span class='ocrx_word' id='word_1_96' title='bbox 984 1363 1159 1421; x_wconf 89' lang='lat' dir='ltr'><strong>necessario.</strong></span> <span class='ocrx_word' id='word_1_97' title='bbox 1205 1359 1349 1421; x_wconf 86' lang='lat' dir='ltr'><strong>Transeat</strong></span> <span class='ocrx_word' id='word_1_98' title='bbox 1376 1362 1467 1437; x_wconf 88' lang='lat' dir='ltr'><strong>igitur</strong></span> <span class='ocrx_word' id='word_1_99' title='bbox 1494 1359 1551 1419; x_wconf 89' lang='lat' dir='ltr'><strong>hoo</strong></span> 
     </span>
     <span class='ocr_line' id='line_1_12' title="bbox 194 1446 1551 1525; baseline -0.001 -19"><span class='ocrx_word' id='word_1_100' title='bbox 194 1454 300 1523; x_wconf 90' lang='lat' dir='ltr'><strong>caput,</strong></span> <span class='ocrx_word' id='word_1_101' title='bbox 324 1450 380 1506; x_wconf 91' lang='lat' dir='ltr'><strong>nisi</strong></span> <span class='ocrx_word' id='word_1_102' title='bbox 403 1448 483 1524; x_wconf 90' lang='lat' dir='ltr'><strong>quod</strong></span> <span class='ocrx_word' id='word_1_103' title='bbox 506 1449 623 1509; x_wconf 86' lang='lat' dir='ltr'><strong>tandem</strong></span> <span class='ocrx_word' id='word_1_104' title='bbox 646 1452 676 1508; x_wconf 93' lang='lat' dir='ltr'><strong>iu</strong></span> <span class='ocrx_word' id='word_1_105' title='bbox 699 1449 852 1509; x_wconf 90' lang='lat' dir='ltr'><strong>corollario</strong></span> <span class='ocrx_word' id='word_1_106' title='bbox 875 1460 992 1525; x_wconf 88' lang='lat' dir='ltr'><strong>sputum</strong></span> <span class='ocrx_word' id='word_1_107' title='bbox 1015 1448 1112 1509; x_wconf 88' lang='lat' dir='ltr'><strong>adhue</strong></span> <span class='ocrx_word' id='word_1_108' title='bbox 1134 1465 1223 1507; x_wconf 91' lang='lat' dir='ltr'><strong>unum</strong></span> <span class='ocrx_word' id='word_1_109' title='bbox 1246 1450 1275 1506; x_wconf 91' lang='lat' dir='ltr'><strong>in</strong></span> <span class='ocrx_word' id='word_1_110' title='bbox 1291 1446 1464 1525; x_wconf 75' lang='lat' dir='ltr'><strong>&#39;Pythonem</strong></span> <span class='ocrx_word' id='word_1_111' title='bbox 1479 1463 1551 1506; x_wconf 86' lang='lat' dir='ltr'><strong>corr·</strong></span> 
     </span>
     <span class='ocr_line' id='line_1_13' title="bbox 190 1535 1551 1613; baseline -0.001 -19"><span class='ocrx_word' id='word_1_112' title='bbox 190 1535 302 1611; x_wconf 91' lang='lat' dir='ltr'><strong>jectum</strong></span> <span class='ocrx_word' id='word_1_113' title='bbox 326 1535 534 1612; x_wconf 87' lang='lat' dir='ltr'><strong>detergendum</strong></span> <span class='ocrx_word' id='word_1_114' title='bbox 557 1536 681 1596; x_wconf 89' lang='lat' dir='ltr'><strong>videtur.</strong></span> <span class='ocrx_word' id='word_1_115' title='bbox 719 1536 795 1596; x_wconf 89' lang='lat' dir='ltr'><strong>Nam</strong></span> <span class='ocrx_word' id='word_1_116' title='bbox 818 1536 1035 1596; x_wconf 86' lang='lat' dir='ltr'><strong>Claramontiua</strong></span> <span class='ocrx_word' id='word_1_117' title='bbox 1058 1554 1093 1595; x_wconf 82' lang='lat' dir='ltr'><strong>ex</strong></span> <span class='ocrx_word' id='word_1_118' title='bbox 1116 1535 1172 1596; x_wconf 90' lang='lat' dir='ltr'><strong>hac</strong></span> <span class='ocrx_word' id='word_1_119' title='bbox 1194 1537 1395 1613; x_wconf 89' lang='lat' dir='ltr'><strong>propositione</strong></span> <span class='ocrx_word' id='word_1_120' title='bbox 1418 1536 1551 1611; x_wconf 88' lang='lat' dir='ltr'><strong>particu-</strong></span> 
     </span>
     <span class='ocr_line' id='line_1_14' title="bbox 193 1620 1551 1701; baseline -0.001 -20"><span class='ocrx_word' id='word_1_121' title='bbox 193 1622 247 1681; x_wconf 91' lang='lat' dir='ltr'><strong>lari</strong></span> <span class='ocrx_word' id='word_1_122' title='bbox 275 1621 378 1682; x_wconf 82' lang='lat' dir='ltr'><strong>infert:</strong></span> <span class='ocrx_word' id='word_1_123' title='bbox 409 1623 478 1684; x_wconf 89' lang='lat' dir='ltr'><strong>lieet</strong></span> <span class='ocrx_word' id='word_1_124' title='bbox 499 1626 528 1682; x_wconf 92' lang='lat' dir='ltr'><strong>in</strong></span> <span class='ocrx_word' id='word_1_125' title='bbox 552 1633 666 1684; x_wconf 87' lang='lat' dir='ltr'><strong>cometa</strong></span> <span class='ocrx_word' id='word_1_126' title='bbox 688 1627 757 1684; x_wconf 90' lang='lat' dir='ltr'><strong>anni</strong></span> <span class='ocrx_word' id='word_1_127' title='bbox 784 1624 876 1683; x_wconf 78' lang='lat'><strong>1585.</strong></span> <span class='ocrx_word' id='word_1_128' title='bbox 902 1624 1122 1684; x_wconf 85' lang='lat' dir='ltr'><strong>observationes</strong></span> <span class='ocrx_word' id='word_1_129' title='bbox 1145 1622 1295 1701; x_wconf 82' lang='lat' dir='ltr'><strong>Tyohonis</strong></span> <span class='ocrx_word' id='word_1_130' title='bbox 1318 1630 1347 1682; x_wconf 87' lang='lat' dir='ltr'><strong>et</strong></span> <span class='ocrx_word' id='word_1_131' title='bbox 1369 1620 1551 1698; x_wconf 81' lang='lat' dir='ltr'><strong>Landgrarii</strong></span> 
     </span>
     <span class='ocr_line' id='line_1_15' title="bbox 194 1708 1550 1788; baseline -0.001 -20"><span class='ocrx_word' id='word_1_132' title='bbox 194 1712 225 1768; x_wconf 93' lang='lat' dir='ltr'><strong>in</strong></span> <span class='ocrx_word' id='word_1_133' title='bbox 252 1711 365 1768; x_wconf 92' lang='lat' dir='ltr'><strong>minuto</strong></span> <span class='ocrx_word' id='word_1_134' title='bbox 394 1720 607 1786; x_wconf 88' lang='lat' dir='ltr'><strong>convenerunt,</strong></span> <span class='ocrx_word' id='word_1_135' title='bbox 638 1724 727 1788; x_wconf 89' lang='lat' dir='ltr'><strong>posse</strong></span> <span class='ocrx_word' id='word_1_136' title='bbox 756 1721 853 1771; x_wconf 70' lang='lat' dir='ltr'><strong>umen</strong></span> <span class='ocrx_word' id='word_1_137' title='bbox 883 1710 944 1770; x_wconf 88' lang='lat' dir='ltr'><strong>dari</strong></span> <span class='ocrx_word' id='word_1_138' title='bbox 967 1710 1130 1787; x_wconf 83' lang='lat' dir='ltr'><strong>paraliaxin</strong></span> <span class='ocrx_word' id='word_1_139' title='bbox 1154 1710 1293 1787; x_wconf 89' lang='lat' dir='ltr'><strong>majorem</strong></span> <span class='ocrx_word' id='word_1_140' title='bbox 1316 1709 1421 1770; x_wconf 89' lang='lat' dir='ltr'><strong>lunari.</strong></span> <span class='ocrx_word' id='word_1_141' title='bbox 1469 1708 1550 1767; x_wconf 88' lang='lat' dir='ltr'><strong>Nihil</strong></span> 
     </span>
     <span class='ocr_line' id='line_1_16' title="bbox 193 1795 1549 1878; baseline 0 -23"><span class='ocrx_word' id='word_1_142' title='bbox 193 1798 315 1873; x_wconf 85' lang='lat' dir='ltr'><strong>inquam</strong></span> <span class='ocrx_word' id='word_1_143' title='bbox 337 1798 367 1854; x_wconf 92' lang='lat' dir='ltr'><strong>in</strong></span> <span class='ocrx_word' id='word_1_144' title='bbox 389 1797 446 1858; x_wconf 90' lang='lat' dir='ltr'><strong>hoo</strong></span> <span class='ocrx_word' id='word_1_145' title='bbox 469 1799 635 1878; x_wconf 87' lang='lat' dir='ltr'><strong>exemplum</strong></span> <span class='ocrx_word' id='word_1_146' title='bbox 658 1801 797 1875; x_wconf 90' lang='lat' dir='ltr'><strong>sequitur.</strong></span> <span class='ocrx_word' id='word_1_147' title='bbox 842 1798 917 1858; x_wconf 85' lang='lat' dir='ltr'><strong>Nam</strong></span> <span class='ocrx_word' id='word_1_148' title='bbox 941 1801 1033 1874; x_wconf 89' lang='lat' dir='ltr'><strong>primo</strong></span> <span class='ocrx_word' id='word_1_149' title='bbox 1056 1799 1123 1859; x_wconf 90' lang='lat' dir='ltr'><strong>loca</strong></span> <span class='ocrx_word' id='word_1_150' title='bbox 1144 1815 1203 1857; x_wconf 92' lang='lat' dir='ltr'><strong>non</strong></span> <span class='ocrx_word' id='word_1_151' title='bbox 1225 1798 1343 1857; x_wconf 83' lang='lat' dir='ltr'><strong>fuerunt</strong></span> <span class='ocrx_word' id='word_1_152' title='bbox 1364 1797 1419 1856; x_wconf 91' lang='lat' dir='ltr'><strong>sub</strong></span> <span class='ocrx_word' id='word_1_153' title='bbox 1444 1795 1549 1856; x_wconf 92' lang='lat' dir='ltr'><strong>eodem</strong></span> 
     </span>
     <span class='ocr_line' id='line_1_17' title="bbox 193 1883 1552 1963; baseline -0.001 -20"><span class='ocrx_word' id='word_1_154' title='bbox 193 1883 365 1957; x_wconf 88' lang='lat' dir='ltr'><strong>meridiano,</strong></span> <span class='ocrx_word' id='word_1_155' title='bbox 388 1883 493 1946; x_wconf 88' lang='lat' dir='ltr'><strong>deinde</strong></span> <span class='ocrx_word' id='word_1_156' title='bbox 516 1895 629 1946; x_wconf 86' lang='lat' dir='ltr'><strong>cometa</strong></span> <span class='ocrx_word' id='word_1_157' title='bbox 652 1903 709 1945; x_wconf 88' lang='lat' dir='ltr'><strong>non</strong></span> <span class='ocrx_word' id='word_1_158' title='bbox 733 1903 846 1963; x_wconf 91' lang='lat' dir='ltr'><strong>semper</strong></span> <span class='ocrx_word' id='word_1_159' title='bbox 868 1885 1060 1959; x_wconf 89' lang='lat' dir='ltr'><strong>eulminahat,</strong></span> <span class='ocrx_word' id='word_1_160' title='bbox 1085 1887 1170 1946; x_wconf 92' lang='lat' dir='ltr'><strong>tertio</strong></span> <span class='ocrx_word' id='word_1_161' title='bbox 1194 1902 1251 1945; x_wconf 90' lang='lat' dir='ltr'><strong>non</strong></span> <span class='ocrx_word' id='word_1_162' title='bbox 1275 1892 1337 1946; x_wconf 91' lang='lat' dir='ltr'><strong>erat</strong></span> <span class='ocrx_word' id='word_1_163' title='bbox 1358 1885 1388 1941; x_wconf 92' lang='lat' dir='ltr'><strong>in</strong></span> <span class='ocrx_word' id='word_1_164' title='bbox 1411 1883 1552 1943; x_wconf 82' lang='lat' dir='ltr'><strong>horizon·</strong></span> 
     </span>
     <span class='ocr_line' id='line_1_18' title="bbox 193 1970 1550 2050; baseline 0 -20"><span class='ocrx_word' id='word_1_165' title='bbox 193 1978 254 2031; x_wconf 90' lang='lat' dir='ltr'><strong>tem</strong></span> <span class='ocrx_word' id='word_1_166' title='bbox 285 1970 449 2048; x_wconf 91' lang='lat' dir='ltr'><strong>depressos.</strong></span> <span class='ocrx_word' id='word_1_167' title='bbox 494 1972 616 2034; x_wconf 86' lang='lat' dir='ltr'><strong>Maneat</strong></span> <span class='ocrx_word' id='word_1_168' title='bbox 646 1975 734 2050; x_wconf 89' lang='lat' dir='ltr'><strong>igitur</strong></span> <span class='ocrx_word' id='word_1_169' title='bbox 762 1973 841 2032; x_wconf 91' lang='lat' dir='ltr'><strong>iliius</strong></span> <span class='ocrx_word' id='word_1_170' title='bbox 871 1982 1002 2034; x_wconf 86' lang='lat' dir='ltr'><strong>cometae</strong></span> <span class='ocrx_word' id='word_1_171' title='bbox 1029 1990 1121 2034; x_wconf 89' lang='lat' dir='ltr'><strong>cansa</strong></span> <span class='ocrx_word' id='word_1_172' title='bbox 1144 1977 1256 2050; x_wconf 86' lang='lat' dir='ltr'><strong>integra</strong></span> <span class='ocrx_word' id='word_1_173' title='bbox 1279 1978 1492 2048; x_wconf 73' lang='lat' dir='ltr'><strong>densanturque</strong></span> <span class='ocrx_word' id='word_1_174' title='bbox 1515 1987 1550 2030; x_wconf 86' lang='lat' dir='ltr'><strong>ex</strong></span> 
     </span>
     <span class='ocr_line' id='line_1_19' title="bbox 193 2051 1244 2136; baseline 0.001 -17"><span class='ocrx_word' id='word_1_175' title='bbox 193 2059 254 2119; x_wconf 91' lang='lat' dir='ltr'><strong>suis</strong></span> <span class='ocrx_word' id='word_1_176' title='bbox 276 2061 402 2136; x_wconf 90' lang='lat' dir='ltr'><strong>propriis</strong></span> <span class='ocrx_word' id='word_1_177' title='bbox 425 2062 544 2120; x_wconf 91' lang='lat' dir='ltr'><strong>meritis.</strong></span> <span class='ocrx_word' id='word_1_178' title='bbox 1242 2051 1244 2056; x_wconf 66' lang='grc'>’</span> 
     </span>
    </p>
   </div>
   <div class='ocr_carea' id='block_1_6' title="bbox 668 2178 1069 2262">
    <p class='ocr_par' dir='ltr' id='par_1_6' title="bbox 668 2178 1069 2262">
     <span class='ocr_line' id='line_1_20' title="bbox 668 2178 1069 2262; baseline -0.005 -16"><span class='ocrx_word' id='word_1_179' title='bbox 668 2178 1069 2262; x_wconf 56' lang='lat' dir='ltr'><strong>mmmmm</strong></span> 
     </span>
    </p>
   </div>
   <div class='ocr_carea' id='block_1_7' title="bbox 154 2317 1556 4849">
    <p class='ocr_par' dir='ltr' id='par_1_7' title="bbox 192 2317 1553 2819">
     <span class='ocr_line' id='line_1_21' title="bbox 301 2317 1552 2400; baseline 0.001 -20"><span class='ocrx_word' id='word_1_180' title='bbox 301 2326 328 2380; x_wconf 90' lang='lat'><strong>1.</strong></span> <span class='ocrx_word' id='word_1_181' title='bbox 366 2318 446 2379; x_wconf 86' lang='lat' dir='ltr'><strong>Nihil</strong></span> <span class='ocrx_word' id='word_1_182' title='bbox 476 2319 595 2396; x_wconf 89' lang='lat' dir='ltr'><strong>quidem</strong></span> <span class='ocrx_word' id='word_1_183' title='bbox 624 2325 729 2381; x_wconf 87' lang='lat' dir='ltr'><strong>attinet</strong></span> <span class='ocrx_word' id='word_1_184' title='bbox 756 2321 812 2382; x_wconf 90' lang='lat' dir='ltr'><strong>hoo</strong></span> <span class='ocrx_word' id='word_1_185' title='bbox 835 2331 923 2400; x_wconf 90' lang='lat' dir='ltr'><strong>eaput</strong></span> <span class='ocrx_word' id='word_1_186' title='bbox 945 2320 1123 2400; x_wconf 86' lang='lat' dir='ltr'><strong>Tyohonem.</strong></span> <span class='ocrx_word' id='word_1_187' title='bbox 1168 2318 1315 2398; x_wconf 87' lang='lat' dir='ltr'><strong>Quicquid</strong></span> <span class='ocrx_word' id='word_1_188' title='bbox 1337 2322 1415 2381; x_wconf 89' lang='lat' dir='ltr'><strong>enim</strong></span> <span class='ocrx_word' id='word_1_189' title='bbox 1439 2317 1492 2380; x_wconf 84' lang='lat' dir='ltr'><strong>flat</strong></span> <span class='ocrx_word' id='word_1_190' title='bbox 1515 2319 1552 2381; x_wconf 92' lang='lat' dir='ltr'><strong>de</strong></span> 
     </span>
     <span class='ocr_line' id='line_1_22' title="bbox 193 2408 1552 2487; baseline -0.001 -19"><span class='ocrx_word' id='word_1_191' title='bbox 193 2415 308 2468; x_wconf 87' lang='lat' dir='ltr'><strong>cometa</strong></span> <span class='ocrx_word' id='word_1_192' title='bbox 330 2409 399 2466; x_wconf 90' lang='lat' dir='ltr'><strong>anni</strong></span> <span class='ocrx_word' id='word_1_193' title='bbox 426 2408 519 2481; x_wconf 83' lang='lat'><strong>1618,</strong></span> <span class='ocrx_word' id='word_1_194' title='bbox 543 2417 661 2469; x_wconf 90' lang='lat' dir='ltr'><strong>manent</strong></span> <span class='ocrx_word' id='word_1_195' title='bbox 685 2418 781 2469; x_wconf 90' lang='lat' dir='ltr'><strong>tamen</strong></span> <span class='ocrx_word' id='word_1_196' title='bbox 806 2412 987 2482; x_wconf 87' lang='lat' dir='ltr'><strong>inconcussa,</strong></span> <span class='ocrx_word' id='word_1_197' title='bbox 1012 2427 1088 2485; x_wconf 90' lang='lat' dir='ltr'><strong>quae</strong></span> <span class='ocrx_word' id='word_1_198' title='bbox 1112 2412 1174 2487; x_wconf 91' lang='lat' dir='ltr'><strong>ipse</strong></span> <span class='ocrx_word' id='word_1_199' title='bbox 1198 2408 1234 2468; x_wconf 93' lang='lat' dir='ltr'><strong>de</strong></span> <span class='ocrx_word' id='word_1_200' title='bbox 1256 2425 1328 2467; x_wconf 88' lang='lat' dir='ltr'><strong>suae</strong></span> <span class='ocrx_word' id='word_1_201' title='bbox 1351 2409 1552 2485; x_wconf 81' lang='lat' dir='ltr'><strong>experientiae</strong></span> 
     </span>
     <span class='ocr_line' id='line_1_23' title="bbox 193 2495 1553 2574; baseline -0.001 -18"><span class='ocrx_word' id='word_1_202' title='bbox 193 2499 315 2557; x_wconf 88' lang='lat' dir='ltr'><strong>cometis</strong></span> <span class='ocrx_word' id='word_1_203' title='bbox 336 2497 514 2573; x_wconf 88' lang='lat' dir='ltr'><strong>perscripsit.</strong></span> <span class='ocrx_word' id='word_1_204' title='bbox 553 2495 612 2556; x_wconf 87' lang='lat' dir='ltr'><strong>Sed</strong></span> <span class='ocrx_word' id='word_1_205' title='bbox 635 2499 705 2573; x_wconf 92' lang='lat' dir='ltr'><strong>qnia</strong></span> <span class='ocrx_word' id='word_1_206' title='bbox 730 2507 824 2557; x_wconf 89' lang='lat' dir='ltr'><strong>tamen</strong></span> <span class='ocrx_word' id='word_1_207' title='bbox 848 2506 878 2556; x_wconf 89' lang='lat' dir='ltr'><strong>et</strong></span> <span class='ocrx_word' id='word_1_208' title='bbox 900 2514 955 2572; x_wconf 88' lang='lat' dir='ltr'><strong>ego</strong></span> <span class='ocrx_word' id='word_1_209' title='bbox 972 2496 1008 2556; x_wconf 91' lang='lat' dir='ltr'><strong>de</strong></span> <span class='ocrx_word' id='word_1_210' title='bbox 1023 2497 1079 2557; x_wconf 92' lang='lat' dir='ltr'><strong>hoc</strong></span> <span class='ocrx_word' id='word_1_211' title='bbox 1094 2496 1196 2556; x_wconf 87' lang='lat' dir='ltr'><strong>ultimo</strong></span> <span class='ocrx_word' id='word_1_212' title='bbox 1213 2502 1327 2556; x_wconf 89' lang='lat' dir='ltr'><strong>cometa</strong></span> <span class='ocrx_word' id='word_1_213' title='bbox 1341 2498 1456 2574; x_wconf 86' lang='lat' dir='ltr'><strong>scripsi,</strong></span> <span class='ocrx_word' id='word_1_214' title='bbox 1480 2512 1553 2555; x_wconf 86' lang='lat' dir='ltr'><strong>usus</strong></span> 
     </span>
     <span class='ocr_line' id='line_1_24' title="bbox 192 2582 1552 2663; baseline 0 -21"><span class='ocrx_word' id='word_1_215' title='bbox 192 2585 339 2663; x_wconf 89' lang='lat' dir='ltr'><strong>positione</strong></span> <span class='ocrx_word' id='word_1_216' title='bbox 362 2582 555 2658; x_wconf 89' lang='lat' dir='ltr'><strong>trajectoriae,</strong></span> <span class='ocrx_word' id='word_1_217' title='bbox 579 2587 608 2643; x_wconf 90' lang='lat' dir='ltr'><strong>in</strong></span> <span class='ocrx_word' id='word_1_218' title='bbox 632 2595 729 2663; x_wconf 90' lang='lat' dir='ltr'><strong>partes</strong></span> <span class='ocrx_word' id='word_1_219' title='bbox 752 2584 871 2643; x_wconf 86' lang='lat' dir='ltr'><strong>diurnas</strong></span> <span class='ocrx_word' id='word_1_220' title='bbox 889 2586 1056 2644; x_wconf 87' lang='lat' dir='ltr'><strong>successive</strong></span> <span class='ocrx_word' id='word_1_221' title='bbox 1072 2583 1229 2643; x_wconf 90' lang='lat' dir='ltr'><strong>diminutas</strong></span> <span class='ocrx_word' id='word_1_222' title='bbox 1246 2582 1368 2656; x_wconf 86' lang='lat' dir='ltr'><strong>divisae,</strong></span> <span class='ocrx_word' id='word_1_223' title='bbox 1393 2584 1467 2660; x_wconf 89' lang='lat' dir='ltr'><strong>quia</strong></span> <span class='ocrx_word' id='word_1_224' title='bbox 1481 2599 1552 2642; x_wconf 91' lang='lat' dir='ltr'><strong>coe-</strong></span> 
     </span>
     <span class='ocr_line' id='line_1_25' title="bbox 192 2668 1552 2748; baseline 0 -18"><span class='ocrx_word' id='word_1_225' title='bbox 192 2671 282 2731; x_wconf 87' lang='lat' dir='ltr'><strong>lestea</strong></span> <span class='ocrx_word' id='word_1_226' title='bbox 305 2672 331 2730; x_wconf 92' lang='lat' dir='ltr'><strong>ei</strong></span> <span class='ocrx_word' id='word_1_227' title='bbox 355 2686 473 2745; x_wconf 87' lang='lat' dir='ltr'><strong>campos</strong></span> <span class='ocrx_word' id='word_1_228' title='bbox 496 2668 533 2728; x_wconf 89' lang='lat' dir='ltr'><strong>ad</strong></span> <span class='ocrx_word' id='word_1_229' title='bbox 557 2671 727 2731; x_wconf 89' lang='lat' dir='ltr'><strong>currendum</strong></span> <span class='ocrx_word' id='word_1_230' title='bbox 750 2673 889 2748; x_wconf 77' lang='lat' dir='ltr'><strong>patefeci:</strong></span> <span class='ocrx_word' id='word_1_231' title='bbox 916 2671 1073 2741; x_wconf 86' lang='lat' dir='ltr'><strong>videndum</strong></span> <span class='ocrx_word' id='word_1_232' title='bbox 1096 2688 1173 2732; x_wconf 90' lang='lat' dir='ltr'><strong>nuno</strong></span> <span class='ocrx_word' id='word_1_233' title='bbox 1196 2678 1249 2745; x_wconf 87' lang='lat' dir='ltr'><strong>est,</strong></span> <span class='ocrx_word' id='word_1_234' title='bbox 1273 2669 1430 2748; x_wconf 88' lang='lat' dir='ltr'><strong>numquid</strong></span> <span class='ocrx_word' id='word_1_235' title='bbox 1446 2669 1552 2730; x_wconf 84' lang='lat' dir='ltr'><strong>Clara·</strong></span> 
     </span>
     <span class='ocr_line' id='line_1_26' title="bbox 193 2756 782 2819; baseline 0 -1"><span class='ocrx_word' id='word_1_236' title='bbox 193 2760 321 2818; x_wconf 88' lang='lat' dir='ltr'><strong>montius</strong></span> <span class='ocrx_word' id='word_1_237' title='bbox 345 2756 572 2816; x_wconf 84' lang='lat' dir='ltr'><strong>demonstratio</strong></span> <span class='ocrx_word' id='word_1_238' title='bbox 597 2762 782 2819; x_wconf 88' lang='lat' dir='ltr'><strong>eontrarium.</strong></span> 
     </span>
    </p>

    <p class='ocr_par' dir='ltr' id='par_1_8' title="bbox 192 2843 1556 3098">
     <span class='ocr_line' id='line_1_27' title="bbox 299 2843 1556 2922; baseline 0.002 -19"><span class='ocrx_word' id='word_1_239' title='bbox 299 2847 327 2904; x_wconf 82' lang='lat'><strong>2.</strong></span> <span class='ocrx_word' id='word_1_240' title='bbox 365 2844 455 2904; x_wconf 92' lang='lat' dir='ltr'><strong>Initio</strong></span> <span class='ocrx_word' id='word_1_241' title='bbox 479 2844 586 2904; x_wconf 87' lang='lat' dir='ltr'><strong>latetur</strong></span> <span class='ocrx_word' id='word_1_242' title='bbox 608 2855 725 2921; x_wconf 88' lang='lat' dir='ltr'><strong>auctor,</strong></span> <span class='ocrx_word' id='word_1_243' title='bbox 757 2845 889 2907; x_wconf 92' lang='lat' dir='ltr'><strong>libellum</strong></span> <span class='ocrx_word' id='word_1_244' title='bbox 918 2864 1004 2905; x_wconf 93' lang='lat' dir='ltr'><strong>suum</strong></span> <span class='ocrx_word' id='word_1_245' title='bbox 1027 2863 1091 2907; x_wconf 88' lang='lat' dir='ltr'><strong>esse</strong></span> <span class='ocrx_word' id='word_1_246' title='bbox 1114 2863 1217 2922; x_wconf 90' lang='lat' dir='ltr'><strong>parum</strong></span> <span class='ocrx_word' id='word_1_247' title='bbox 1239 2846 1383 2905; x_wconf 86' lang='lat' dir='ltr'><strong>munitum</strong></span> <span class='ocrx_word' id='word_1_248' title='bbox 1406 2843 1556 2905; x_wconf 81' lang='lat' dir='ltr'><strong>ohserva-</strong></span> 
     </span>
     <span class='ocr_line' id='line_1_28' title="bbox 192 2931 1555 3012; baseline 0 -19"><span class='ocrx_word' id='word_1_249' title='bbox 192 2934 332 2993; x_wconf 87' lang='lat' dir='ltr'><strong>tionibus.</strong></span> <span class='ocrx_word' id='word_1_250' title='bbox 377 2931 474 2992; x_wconf 87' lang='lat' dir='ltr'><strong>Tanto</strong></span> <span class='ocrx_word' id='word_1_251' title='bbox 504 2934 599 2992; x_wconf 90' lang='lat' dir='ltr'><strong>miuus</strong></span> <span class='ocrx_word' id='word_1_252' title='bbox 628 2937 798 3011; x_wconf 84' lang='lat' dir='ltr'><strong>igiturest,</strong></span> <span class='ocrx_word' id='word_1_253' title='bbox 827 2933 906 3012; x_wconf 90' lang='lat' dir='ltr'><strong>quod</strong></span> <span class='ocrx_word' id='word_1_254' title='bbox 929 2933 1000 2993; x_wconf 89' lang='lat' dir='ltr'><strong>mihi</strong></span> <span class='ocrx_word' id='word_1_255' title='bbox 1023 2936 1061 2994; x_wconf 84' lang='lat' dir='ltr'><strong>ab</strong></span> <span class='ocrx_word' id='word_1_256' title='bbox 1084 2951 1119 2994; x_wconf 90' lang='lat' dir='ltr'><strong>eo</strong></span> <span class='ocrx_word' id='word_1_257' title='bbox 1143 2941 1287 3007; x_wconf 84' lang='lat' dir='ltr'><strong>metuam,</strong></span> <span class='ocrx_word' id='word_1_258' title='bbox 1318 2932 1474 2992; x_wconf 85' lang='lat' dir='ltr'><strong>nemeina</strong></span> <span class='ocrx_word' id='word_1_259' title='bbox 1497 2932 1555 2993; x_wconf 91' lang='lat' dir='ltr'><strong>ob-</strong></span> 
     </span>
     <span class='ocr_line' id='line_1_29' title="bbox 192 3021 1375 3098; baseline -0.003 -16"><span class='ocrx_word' id='word_1_260' title='bbox 192 3021 410 3082; x_wconf 87' lang='lat' dir='ltr'><strong>servationibus</strong></span> <span class='ocrx_word' id='word_1_261' title='bbox 433 3022 577 3079; x_wconf 90' lang='lat' dir='ltr'><strong>accuratis</strong></span> <span class='ocrx_word' id='word_1_262' title='bbox 599 3021 671 3080; x_wconf 91' lang='lat' dir='ltr'><strong>nihil</strong></span> <span class='ocrx_word' id='word_1_263' title='bbox 694 3021 852 3081; x_wconf 90' lang='lat' dir='ltr'><strong>conficiunt</strong></span> <span class='ocrx_word' id='word_1_264' title='bbox 875 3022 1065 3094; x_wconf 81' lang='lat' dir='ltr'><strong>theoremata,</strong></span> <span class='ocrx_word' id='word_1_265' title='bbox 1089 3021 1160 3081; x_wconf 89' lang='lat' dir='ltr'><strong>nihil</strong></span> <span class='ocrx_word' id='word_1_266' title='bbox 1183 3021 1375 3098; x_wconf 85' lang='lat' dir='ltr'><strong>problemata.</strong></span> 
     </span>
    </p>

    <p class='ocr_par' dir='ltr' id='par_1_9' title="bbox 154 3107 1555 3886">
     <span class='ocr_line' id='line_1_30' title="bbox 298 3107 1554 3186; baseline 0.002 -20"><span class='ocrx_word' id='word_1_267' title='bbox 298 3109 326 3167; x_wconf 85' lang='lat'><strong>3.</strong></span> <span class='ocrx_word' id='word_1_268' title='bbox 365 3107 445 3166; x_wconf 86' lang='lat' dir='ltr'><strong>Loco</strong></span> <span class='ocrx_word' id='word_1_269' title='bbox 474 3108 563 3183; x_wconf 90' lang='lat' dir='ltr'><strong>igitur</strong></span> <span class='ocrx_word' id='word_1_270' title='bbox 591 3110 804 3169; x_wconf 80' lang='lat' dir='ltr'><strong>observationis</strong></span> <span class='ocrx_word' id='word_1_271' title='bbox 828 3110 932 3185; x_wconf 88' lang='lat' dir='ltr'><strong>capitis</strong></span> <span class='ocrx_word' id='word_1_272' title='bbox 955 3117 1086 3168; x_wconf 90' lang='lat' dir='ltr'><strong>cometae</strong></span> <span class='ocrx_word' id='word_1_273' title='bbox 1107 3109 1218 3186; x_wconf 84' lang='lat' dir='ltr'><strong>profert</strong></span> <span class='ocrx_word' id='word_1_274' title='bbox 1240 3107 1339 3186; x_wconf 83' lang='lat' dir='ltr'><strong>Scipio</strong></span> <span class='ocrx_word' id='word_1_275' title='bbox 1363 3107 1554 3168; x_wconf 81' lang='lat' dir='ltr'><strong>observatio·</strong></span> 
     </span>
     <span class='ocr_line' id='line_1_31' title="bbox 194 3192 1555 3271; baseline -0.001 -17"><span class='ocrx_word' id='word_1_276' title='bbox 194 3202 262 3257; x_wconf 89' lang='lat' dir='ltr'><strong>nem</strong></span> <span class='ocrx_word' id='word_1_277' title='bbox 284 3193 476 3270; x_wconf 85' lang='lat' dir='ltr'><strong>longitudinis</strong></span> <span class='ocrx_word' id='word_1_278' title='bbox 498 3194 619 3270; x_wconf 90' lang='lat' dir='ltr'><strong>caudae,</strong></span> <span class='ocrx_word' id='word_1_279' title='bbox 643 3196 777 3255; x_wconf 89' lang='lat' dir='ltr'><strong>diversae</strong></span> <span class='ocrx_word' id='word_1_280' title='bbox 800 3197 903 3256; x_wconf 89' lang='lat' dir='ltr'><strong>diebus</strong></span> <span class='ocrx_word' id='word_1_281' title='bbox 927 3195 1061 3256; x_wconf 84' lang='lat' dir='ltr'><strong>diversis.</strong></span> <span class='ocrx_word' id='word_1_282' title='bbox 1099 3196 1274 3271; x_wconf 15' lang='lat' dir='ltr'><strong>Dietiuquit</strong></span> <span class='ocrx_word' id='word_1_283' title='bbox 1292 3196 1339 3254; x_wconf 87' lang='grc'><strong>18.</strong></span> <span class='ocrx_word' id='word_1_284' title='bbox 1356 3195 1412 3254; x_wconf 86' lang='lat' dir='ltr'><strong>init</strong></span> <span class='ocrx_word' id='word_1_285' title='bbox 1429 3192 1464 3253; x_wconf 78' lang='lat'><strong>7⁰</strong></span> <span class='ocrx_word' id='word_1_286' title='bbox 1484 3194 1555 3254; x_wconf 93' lang='lat' dir='ltr'><strong>lon-</strong></span> 
     </span>
     <span class='ocr_line' id='line_1_32' title="bbox 194 3280 1554 3362; baseline 0 -20"><span class='ocrx_word' id='word_1_287' title='bbox 194 3285 258 3361; x_wconf 84' lang='lat' dir='ltr'><strong>gior</strong></span> <span class='ocrx_word' id='word_1_288' title='bbox 288 3298 378 3359; x_wconf 88' lang='lat' dir='ltr'><strong>quam</strong></span> <span class='ocrx_word' id='word_1_289' title='bbox 401 3280 448 3341; x_wconf 90' lang='lat' dir='ltr'><strong>die</strong></span> <span class='ocrx_word' id='word_1_290' title='bbox 471 3283 505 3356; x_wconf 83' lang='lat'><strong>4,</strong></span> <span class='ocrx_word' id='word_1_291' title='bbox 537 3301 606 3360; x_wconf 89' lang='lat' dir='ltr'><strong>ergo</strong></span> <span class='ocrx_word' id='word_1_292' title='bbox 636 3285 692 3344; x_wconf 89' lang='lat' dir='ltr'><strong>hoo</strong></span> <span class='ocrx_word' id='word_1_293' title='bbox 721 3285 776 3344; x_wconf 84' lang='lat' dir='ltr'><strong>tuit</strong></span> <span class='ocrx_word' id='word_1_294' title='bbox 805 3302 841 3344; x_wconf 82' lang='lat' dir='ltr'><strong>ex</strong></span> <span class='ocrx_word' id='word_1_295' title='bbox 868 3300 917 3357; x_wconf 93' lang='lat' dir='ltr'><strong>eo,</strong></span> <span class='ocrx_word' id='word_1_296' title='bbox 947 3283 1027 3360; x_wconf 89' lang='lat' dir='ltr'><strong>quod</strong></span> <span class='ocrx_word' id='word_1_297' title='bbox 1049 3283 1144 3344; x_wconf 89' lang='lat' dir='ltr'><strong>cauda</strong></span> <span class='ocrx_word' id='word_1_298' title='bbox 1166 3284 1414 3362; x_wconf 86' lang='lat' dir='ltr'><strong>appropinquarit</strong></span> <span class='ocrx_word' id='word_1_299' title='bbox 1437 3285 1554 3342; x_wconf 79' lang='lat' dir='ltr'><strong>vertici.</strong></span> 
     </span>
     <span class='ocr_line' id='line_1_33' title="bbox 154 3369 1554 3448; baseline -0.002 -16"><span class='ocrx_word' id='word_1_300' title='bbox 154 3438 158 3446; x_wconf 55' lang='grc'><strong>,</strong></span> <span class='ocrx_word' id='word_1_301' title='bbox 195 3369 328 3432; x_wconf 89' lang='lat' dir='ltr'><strong>Obscure</strong></span> <span class='ocrx_word' id='word_1_302' title='bbox 350 3369 479 3445; x_wconf 88' lang='lat' dir='ltr'><strong>loquitur</strong></span> <span class='ocrx_word' id='word_1_303' title='bbox 495 3369 594 3446; x_wconf 85' lang='lat' dir='ltr'><strong>Scipio</strong></span> <span class='ocrx_word' id='word_1_304' title='bbox 618 3379 646 3430; x_wconf 91' lang='lat' dir='ltr'><strong>et</strong></span> <span class='ocrx_word' id='word_1_305' title='bbox 668 3374 751 3431; x_wconf 87' lang='lat' dir='ltr'><strong>initio</strong></span> <span class='ocrx_word' id='word_1_306' title='bbox 774 3374 837 3430; x_wconf 89' lang='lat' dir='ltr'><strong>sine</strong></span> <span class='ocrx_word' id='word_1_307' title='bbox 856 3371 1019 3444; x_wconf 91' lang='lat' dir='ltr'><strong>schemate,</strong></span> <span class='ocrx_word' id='word_1_308' title='bbox 1043 3374 1177 3448; x_wconf 83' lang='lat' dir='ltr'><strong>ignoscat</strong></span> <span class='ocrx_word' id='word_1_309' title='bbox 1192 3373 1289 3446; x_wconf 89' lang='lat' dir='ltr'><strong>igitur,</strong></span> <span class='ocrx_word' id='word_1_310' title='bbox 1312 3371 1337 3427; x_wconf 92' lang='lat' dir='ltr'><strong>si</strong></span> <span class='ocrx_word' id='word_1_311' title='bbox 1352 3369 1472 3445; x_wconf 87' lang='lat' dir='ltr'><strong>aliquoa</strong></span> <span class='ocrx_word' id='word_1_312' title='bbox 1489 3370 1554 3447; x_wconf 90' lang='lat' dir='ltr'><strong>ejus</strong></span> 
     </span>
     <span class='ocr_line' id='line_1_34' title="bbox 195 3456 1553 3535; baseline -0.001 -18"><span class='ocrx_word' id='word_1_313' title='bbox 195 3458 350 3519; x_wconf 84' lang='lat' dir='ltr'><strong>verborum</strong></span> <span class='ocrx_word' id='word_1_314' title='bbox 373 3474 477 3516; x_wconf 90' lang='lat' dir='ltr'><strong>sensus</strong></span> <span class='ocrx_word' id='word_1_315' title='bbox 501 3461 627 3528; x_wconf 83' lang='lat' dir='ltr'><strong>excutio,</strong></span> <span class='ocrx_word' id='word_1_316' title='bbox 652 3476 727 3534; x_wconf 89' lang='lat' dir='ltr'><strong>quos</strong></span> <span class='ocrx_word' id='word_1_317' title='bbox 751 3461 813 3535; x_wconf 89' lang='lat' dir='ltr'><strong>ipse</strong></span> <span class='ocrx_word' id='word_1_318' title='bbox 837 3458 959 3518; x_wconf 86' lang='lat' dir='ltr'><strong>tortasse</strong></span> <span class='ocrx_word' id='word_1_319' title='bbox 981 3475 1039 3516; x_wconf 91' lang='lat' dir='ltr'><strong>non</strong></span> <span class='ocrx_word' id='word_1_320' title='bbox 1057 3458 1151 3518; x_wconf 89' lang='lat' dir='ltr'><strong>voluit</strong></span> <span class='ocrx_word' id='word_1_321' title='bbox 1166 3475 1240 3517; x_wconf 88' lang='lat' dir='ltr'><strong>esse.</strong></span> <span class='ocrx_word' id='word_1_322' title='bbox 1279 3456 1408 3516; x_wconf 88' lang='lat' dir='ltr'><strong>Primum</strong></span> <span class='ocrx_word' id='word_1_323' title='bbox 1424 3473 1553 3518; x_wconf 86' lang='lat' dir='ltr'><strong>eonsen-</strong></span> 
     </span>
     <span class='ocr_line' id='line_1_35' title="bbox 194 3543 1554 3624; baseline -0.001 -19"><span class='ocrx_word' id='word_1_324' title='bbox 194 3554 313 3605; x_wconf 89' lang='lat' dir='ltr'><strong>taneum</strong></span> <span class='ocrx_word' id='word_1_325' title='bbox 333 3551 378 3604; x_wconf 88' lang='lat' dir='ltr'><strong>est</strong></span> <span class='ocrx_word' id='word_1_326' title='bbox 393 3545 442 3617; x_wconf 92' lang='lat' dir='ltr'><strong>rei,</strong></span> <span class='ocrx_word' id='word_1_327' title='bbox 469 3561 527 3619; x_wconf 88' lang='lat' dir='ltr'><strong>qua</strong></span> <span class='ocrx_word' id='word_1_328' title='bbox 543 3545 578 3605; x_wconf 93' lang='lat' dir='ltr'><strong>de</strong></span> <span class='ocrx_word' id='word_1_329' title='bbox 596 3549 718 3622; x_wconf 84' lang='lat' dir='ltr'><strong>agimus,</strong></span> <span class='ocrx_word' id='word_1_330' title='bbox 743 3556 775 3605; x_wconf 90' lang='lat' dir='ltr'><strong>ut</strong></span> <span class='ocrx_word' id='word_1_331' title='bbox 790 3548 1102 3624; x_wconf 87' lang='lat' dir='ltr'><strong>appropinquationem</strong></span> <span class='ocrx_word' id='word_1_332' title='bbox 1118 3545 1194 3604; x_wconf 89' lang='lat' dir='ltr'><strong>hanc</strong></span> <span class='ocrx_word' id='word_1_333' title='bbox 1208 3544 1405 3620; x_wconf 89' lang='lat' dir='ltr'><strong>intelligamus</strong></span> <span class='ocrx_word' id='word_1_334' title='bbox 1422 3543 1460 3603; x_wconf 91' lang='lat' dir='ltr'><strong>de</strong></span> <span class='ocrx_word' id='word_1_335' title='bbox 1474 3544 1554 3604; x_wconf 90' lang='lat' dir='ltr'><strong>linea</strong></span> 
     </span>
     <span class='ocr_line' id='line_1_36' title="bbox 195 3630 1553 3710; baseline -0.002 -17"><span class='ocrx_word' id='word_1_336' title='bbox 195 3631 316 3705; x_wconf 81' lang='lat' dir='ltr'><strong>caudae,</strong></span> <span class='ocrx_word' id='word_1_337' title='bbox 340 3634 425 3708; x_wconf 89' lang='lat' dir='ltr'><strong>quasi</strong></span> <span class='ocrx_word' id='word_1_338' title='bbox 449 3630 566 3704; x_wconf 89' lang='lat' dir='ltr'><strong>diceret,</strong></span> <span class='ocrx_word' id='word_1_339' title='bbox 589 3635 846 3710; x_wconf 86' lang='lat' dir='ltr'><strong>appropinquavit,</strong></span> <span class='ocrx_word' id='word_1_340' title='bbox 871 3652 940 3710; x_wconf 88' lang='lat' dir='ltr'><strong>ergo</strong></span> <span class='ocrx_word' id='word_1_341' title='bbox 963 3633 1056 3710; x_wconf 80' lang='lat' dir='ltr'><strong>ruaJ&#39;or</strong></span> <span class='ocrx_word' id='word_1_342' title='bbox 1071 3640 1116 3692; x_wconf 86' lang='lat' dir='ltr'><strong>est</strong></span> <span class='ocrx_word' id='word_1_343' title='bbox 1131 3635 1196 3692; x_wconf 86' lang='lat' dir='ltr'><strong>visa</strong></span> <span class='ocrx_word' id='word_1_344' title='bbox 1211 3630 1275 3708; x_wconf 89' lang='lat' dir='ltr'><strong>lege</strong></span> <span class='ocrx_word' id='word_1_345' title='bbox 1292 3633 1391 3708; x_wconf 88' lang='lat' dir='ltr'><strong>optica</strong></span> <span class='ocrx_word' id='word_1_346' title='bbox 1406 3631 1553 3709; x_wconf 73' lang='lat' dir='ltr'><strong>simplici,</strong></span> 
     </span>
     <span class='ocr_line' id='line_1_37' title="bbox 193 3717 1553 3797; baseline 0 -18"><span class='ocrx_word' id='word_1_347' title='bbox 193 3719 243 3780; x_wconf 88' lang='lat' dir='ltr'><strong>hio</strong></span> <span class='ocrx_word' id='word_1_348' title='bbox 264 3736 316 3794; x_wconf 91' lang='lat' dir='ltr'><strong>pro</strong></span> <span class='ocrx_word' id='word_1_349' title='bbox 340 3735 413 3778; x_wconf 85' lang='lat' dir='ltr'><strong>voce</strong></span> <span class='ocrx_word' id='word_1_350' title='bbox 437 3722 541 3778; x_wconf 66' lang='lat' dir='ltr'><strong>omncs·</strong></span> <span class='ocrx_word' id='word_1_351' title='bbox 562 3720 705 3780; x_wconf 90' lang='lat' dir='ltr'><strong>sumenda</strong></span> <span class='ocrx_word' id='word_1_352' title='bbox 727 3729 802 3781; x_wconf 91' lang='lat' dir='ltr'><strong>esset</strong></span> <span class='ocrx_word' id='word_1_353' title='bbox 827 3738 884 3778; x_wconf 84' lang='lat' dir='ltr'><strong>vox</strong></span> <span class='ocrx_word' id='word_1_354' title='bbox 906 3722 1003 3796; x_wconf 82' lang='lat' dir='ltr'><strong>oculo,</strong></span> <span class='ocrx_word' id='word_1_355' title='bbox 1027 3729 1055 3780; x_wconf 91' lang='lat' dir='ltr'><strong>et</strong></span> <span class='ocrx_word' id='word_1_356' title='bbox 1076 3720 1323 3797; x_wconf 86' lang='lat' dir='ltr'><strong>appropinquatio</strong></span> <span class='ocrx_word' id='word_1_357' title='bbox 1338 3717 1553 3796; x_wconf 88' lang='lat' dir='ltr'><strong>intelligeretur</strong></span> 
     </span>
     <span class='ocr_line' id='line_1_38' title="bbox 195 3806 1552 3886; baseline 0.001 -20"><span class='ocrx_word' id='word_1_358' title='bbox 195 3806 232 3867; x_wconf 90' lang='lat' dir='ltr'><strong>de</strong></span> <span class='ocrx_word' id='word_1_359' title='bbox 254 3807 334 3867; x_wconf 89' lang='lat' dir='ltr'><strong>linea</strong></span> <span class='ocrx_word' id='word_1_360' title='bbox 356 3811 436 3864; x_wconf 89' lang='lat' dir='ltr'><strong>recta</strong></span> <span class='ocrx_word' id='word_1_361' title='bbox 459 3822 552 3883; x_wconf 90' lang='lat' dir='ltr'><strong>eaque</strong></span> <span class='ocrx_word' id='word_1_362' title='bbox 576 3810 714 3870; x_wconf 88' lang='lat' dir='ltr'><strong>continua</strong></span> <span class='ocrx_word' id='word_1_363' title='bbox 736 3826 787 3886; x_wconf 89' lang='lat' dir='ltr'><strong>per</strong></span> <span class='ocrx_word' id='word_1_364' title='bbox 810 3807 873 3868; x_wconf 89' lang='lat' dir='ltr'><strong>dies</strong></span> <span class='ocrx_word' id='word_1_365' title='bbox 895 3826 984 3885; x_wconf 89' lang='lat' dir='ltr'><strong>quarn</strong></span> <span class='ocrx_word' id='word_1_366' title='bbox 1006 3807 1124 3886; x_wconf 88' lang='lat' dir='ltr'><strong>multos,</strong></span> <span class='ocrx_word' id='word_1_367' title='bbox 1146 3824 1235 3867; x_wconf 86' lang='lat' dir='ltr'><strong>sensu</strong></span> <span class='ocrx_word' id='word_1_368' title='bbox 1253 3808 1334 3866; x_wconf 87' lang='lat' dir='ltr'><strong>vocis</strong></span> <span class='ocrx_word' id='word_1_369' title='bbox 1347 3809 1552 3882; x_wconf 82' lang='lat' dir='ltr'><strong>grammatino.</strong></span> 
     </span>
    </p>

    <p class='ocr_par' dir='ltr' id='par_1_10' title="bbox 193 3892 1554 4849">
     <span class='ocr_line' id='line_1_39' title="bbox 302 3892 1553 3972; baseline -0.002 -19"><span class='ocrx_word' id='word_1_370' title='bbox 302 3899 329 3953; x_wconf 87' lang='grc'><strong>4.</strong></span> <span class='ocrx_word' id='word_1_371' title='bbox 361 3893 473 3952; x_wconf 90' lang='lat' dir='ltr'><strong>Demus</strong></span> <span class='ocrx_word' id='word_1_372' title='bbox 496 3895 671 3956; x_wconf 86' lang='lat' dir='ltr'><strong>antecedens</strong></span> <span class='ocrx_word' id='word_1_373' title='bbox 694 3898 762 3971; x_wconf 89' lang='lat' dir='ltr'><strong>(etsi</strong></span> <span class='ocrx_word' id='word_1_374' title='bbox 786 3894 946 3956; x_wconf 88' lang='lat' dir='ltr'><strong>secuudum</strong></span> <span class='ocrx_word' id='word_1_375' title='bbox 970 3913 1015 3955; x_wconf 90' lang='lat' dir='ltr'><strong>me</strong></span> <span class='ocrx_word' id='word_1_376' title='bbox 1031 3894 1205 3954; x_wconf 82' lang='lat' dir='ltr'><strong>discesserat</strong></span> <span class='ocrx_word' id='word_1_377' title='bbox 1220 3896 1319 3972; x_wconf 89' lang='lat' dir='ltr'><strong>potina</strong></span> <span class='ocrx_word' id='word_1_378' title='bbox 1335 3912 1353 3951; x_wconf 87' lang='lat' dir='ltr'><strong>a</strong></span> <span class='ocrx_word' id='word_1_379' title='bbox 1368 3892 1468 3953; x_wconf 87' lang='lat' dir='ltr'><strong>Terris</strong></span> <span class='ocrx_word' id='word_1_380' title='bbox 1485 3893 1553 3953; x_wconf 91' lang='lat' dir='ltr'><strong>lon-</strong></span> 
     </span>
     <span class='ocr_line' id='line_1_40' title="bbox 194 3980 1554 4060; baseline -0.001 -19"><span class='ocrx_word' id='word_1_381' title='bbox 194 3983 291 4060; x_wconf 87' lang='lat' dir='ltr'><strong>gius),</strong></span> <span class='ocrx_word' id='word_1_382' title='bbox 323 3996 392 4038; x_wconf 91' lang='lat' dir='ltr'><strong>num</strong></span> <span class='ocrx_word' id='word_1_383' title='bbox 421 3980 488 4038; x_wconf 90' lang='lat' dir='ltr'><strong>inde</strong></span> <span class='ocrx_word' id='word_1_384' title='bbox 517 3981 628 4058; x_wconf 88' lang='lat' dir='ltr'><strong>aliquid</strong></span> <span class='ocrx_word' id='word_1_385' title='bbox 656 3991 794 4060; x_wconf 91' lang='lat' dir='ltr'><strong>sequetur</strong></span> <span class='ocrx_word' id='word_1_386' title='bbox 825 3985 852 4041; x_wconf 90' lang='lat' dir='ltr'><strong>in</strong></span> <span class='ocrx_word' id='word_1_387' title='bbox 881 3982 1045 4060; x_wconf 85' lang='lat' dir='ltr'><strong>parallaxin</strong></span> <span class='ocrx_word' id='word_1_388' title='bbox 1075 3991 1127 4042; x_wconf 88' lang='lat' dir='ltr'><strong>aut</strong></span> <span class='ocrx_word' id='word_1_389' title='bbox 1149 3984 1178 4038; x_wconf 92' lang='lat' dir='ltr'><strong>in</strong></span> <span class='ocrx_word' id='word_1_390' title='bbox 1200 3981 1299 4042; x_wconf 91' lang='lat' dir='ltr'><strong>locum</strong></span> <span class='ocrx_word' id='word_1_391' title='bbox 1321 3989 1456 4041; x_wconf 87' lang='lat' dir='ltr'><strong>cometae</strong></span> <span class='ocrx_word' id='word_1_392' title='bbox 1478 3981 1554 4041; x_wconf 88' lang='lat' dir='ltr'><strong>sub-</strong></span> 
     </span>
     <span class='ocr_line' id='line_1_41' title="bbox 194 4067 1554 4148; baseline -0.001 -17"><span class='ocrx_word' id='word_1_393' title='bbox 194 4067 348 4131; x_wconf 79' lang='lat' dir='ltr'><strong>lunarem?</strong></span> <span class='ocrx_word' id='word_1_394' title='bbox 371 4067 531 4128; x_wconf 85' lang='lat' dir='ltr'><strong>Commune</strong></span> <span class='ocrx_word' id='word_1_395' title='bbox 553 4080 755 4148; x_wconf 85' lang='lat' dir='ltr'><strong>argumentum</strong></span> <span class='ocrx_word' id='word_1_396' title='bbox 779 4079 837 4130; x_wconf 85' lang='lat' dir='ltr'><strong>est:</strong></span> <span class='ocrx_word' id='word_1_397' title='bbox 860 4073 886 4128; x_wconf 92' lang='lat' dir='ltr'><strong>si</strong></span> <span class='ocrx_word' id='word_1_398' title='bbox 902 4079 1017 4131; x_wconf 92' lang='lat' dir='ltr'><strong>cometa</strong></span> <span class='ocrx_word' id='word_1_399' title='bbox 1032 4070 1086 4128; x_wconf 88' lang='lat' dir='ltr'><strong>init</strong></span> <span class='ocrx_word' id='word_1_400' title='bbox 1101 4077 1130 4130; x_wconf 88' lang='lat' dir='ltr'><strong>et</strong></span> <span class='ocrx_word' id='word_1_401' title='bbox 1143 4069 1199 4127; x_wconf 88' lang='lat' dir='ltr'><strong>suh</strong></span> <span class='ocrx_word' id='word_1_402' title='bbox 1216 4069 1309 4141; x_wconf 85' lang='lat' dir='ltr'><strong>Luna,</strong></span> <span class='ocrx_word' id='word_1_403' title='bbox 1333 4086 1427 4146; x_wconf 86' lang='lat' dir='ltr'><strong>parva</strong></span> <span class='ocrx_word' id='word_1_404' title='bbox 1442 4085 1554 4146; x_wconf 87' lang='lat' dir='ltr'><strong>appro-</strong></span> 
     </span>
     <span class='ocr_line' id='line_1_42' title="bbox 195 4154 1553 4237; baseline -0.001 -20"><span class='ocrx_word' id='word_1_405' title='bbox 195 4156 349 4237; x_wconf 88' lang='lat' dir='ltr'><strong>pinquatio</strong></span> <span class='ocrx_word' id='word_1_406' title='bbox 372 4155 496 4228; x_wconf 83' lang='lat' dir='ltr'><strong>suffecit,</strong></span> <span class='ocrx_word' id='word_1_407' title='bbox 520 4173 596 4232; x_wconf 87' lang='lat' dir='ltr'><strong>quae</strong></span> <span class='ocrx_word' id='word_1_408' title='bbox 620 4157 686 4218; x_wconf 90' lang='lat' dir='ltr'><strong>illos</strong></span> <span class='ocrx_word' id='word_1_409' title='bbox 703 4154 737 4216; x_wconf 77' lang='lat'><strong>7⁰</strong></span> <span class='ocrx_word' id='word_1_410' title='bbox 760 4157 881 4217; x_wconf 88' lang='lat' dir='ltr'><strong>adderet</strong></span> <span class='ocrx_word' id='word_1_411' title='bbox 902 4156 1088 4236; x_wconf 89' lang='lat' dir='ltr'><strong>longitudini,</strong></span> <span class='ocrx_word' id='word_1_412' title='bbox 1112 4159 1158 4216; x_wconf 89' lang='lat' dir='ltr'><strong>sin</strong></span> <span class='ocrx_word' id='word_1_413' title='bbox 1175 4155 1254 4215; x_wconf 90' lang='lat' dir='ltr'><strong>altus</strong></span> <span class='ocrx_word' id='word_1_414' title='bbox 1270 4159 1298 4213; x_wconf 92' lang='lat' dir='ltr'><strong>in</strong></span> <span class='ocrx_word' id='word_1_415' title='bbox 1315 4155 1445 4229; x_wconf 87' lang='lat' dir='ltr'><strong>aethere,</strong></span> <span class='ocrx_word' id='word_1_416' title='bbox 1468 4162 1553 4216; x_wconf 89' lang='lat' dir='ltr'><strong>tanto</strong></span> 
     </span>
     <span class='ocr_line' id='line_1_43' title="bbox 195 4243 1553 4323; baseline -0.002 -17"><span class='ocrx_word' id='word_1_417' title='bbox 195 4252 224 4307; x_wconf 90' lang='lat' dir='ltr'><strong>et</strong></span> <span class='ocrx_word' id='word_1_418' title='bbox 246 4245 349 4321; x_wconf 89' lang='lat' dir='ltr'><strong>maj0ri</strong></span> <span class='ocrx_word' id='word_1_419' title='bbox 372 4245 664 4322; x_wconf 89' lang='lat' dir='ltr'><strong>appropinquationis</strong></span> <span class='ocrx_word' id='word_1_420' title='bbox 679 4247 776 4323; x_wconf 83' lang='lat' dir='ltr'><strong>spatio</strong></span> <span class='ocrx_word' id='word_1_421' title='bbox 792 4246 847 4304; x_wconf 83' lang='lat' dir='ltr'><strong>luit</strong></span> <span class='ocrx_word' id='word_1_422' title='bbox 863 4262 945 4323; x_wconf 88' lang='lat' dir='ltr'><strong>opus.</strong></span> <span class='ocrx_word' id='word_1_423' title='bbox 983 4244 1034 4304; x_wconf 89' lang='lat' dir='ltr'><strong>Sic</strong></span> <span class='ocrx_word' id='word_1_424' title='bbox 1049 4247 1125 4304; x_wconf 90' lang='lat' dir='ltr'><strong>enim</strong></span> <span class='ocrx_word' id='word_1_425' title='bbox 1140 4243 1219 4303; x_wconf 86' lang='lat' dir='ltr'><strong>Solis</strong></span> <span class='ocrx_word' id='word_1_426' title='bbox 1235 4260 1348 4321; x_wconf 89' lang='lat' dir='ltr'><strong>corpus,</strong></span> <span class='ocrx_word' id='word_1_427' title='bbox 1373 4259 1440 4303; x_wconf 85' lang='lat' dir='ltr'><strong>com</strong></span> <span class='ocrx_word' id='word_1_428' title='bbox 1456 4243 1553 4303; x_wconf 91' lang='lat' dir='ltr'><strong>hieme</strong></span> 
     </span>
     <span class='ocr_line' id='line_1_44' title="bbox 194 4329 1554 4411; baseline -0.001 -19"><span class='ocrx_word' id='word_1_429' title='bbox 194 4331 227 4392; x_wconf 83' lang='lat' dir='ltr'><strong>fit</strong></span> <span class='ocrx_word' id='word_1_430' title='bbox 256 4348 315 4390; x_wconf 91' lang='lat' dir='ltr'><strong>uno</strong></span> <span class='ocrx_word' id='word_1_431' title='bbox 344 4333 455 4390; x_wconf 88' lang='lat' dir='ltr'><strong>minuto</strong></span> <span class='ocrx_word' id='word_1_432' title='bbox 485 4333 580 4407; x_wconf 87' lang='lat' dir='ltr'><strong>majus</strong></span> <span class='ocrx_word' id='word_1_433' title='bbox 608 4350 697 4408; x_wconf 91' lang='lat' dir='ltr'><strong>quam</strong></span> <span class='ocrx_word' id='word_1_434' title='bbox 725 4341 852 4406; x_wconf 88' lang='lat' dir='ltr'><strong>aestate,</strong></span> <span class='ocrx_word' id='word_1_435' title='bbox 883 4342 994 4411; x_wconf 89' lang='lat' dir='ltr'><strong>septem</strong></span> <span class='ocrx_word' id='word_1_436' title='bbox 1022 4331 1246 4391; x_wconf 89' lang='lat' dir='ltr'><strong>semidiametria</strong></span> <span class='ocrx_word' id='word_1_437' title='bbox 1272 4329 1417 4390; x_wconf 88' lang='lat' dir='ltr'><strong>solaribus</strong></span> <span class='ocrx_word' id='word_1_438' title='bbox 1441 4346 1554 4409; x_wconf 87' lang='lat' dir='ltr'><strong>appro-</strong></span> 
     </span>
     <span class='ocr_line' id='line_1_45' title="bbox 193 4416 1554 4500; baseline -0.003 -21"><span class='ocrx_word' id='word_1_439' title='bbox 193 4420 358 4498; x_wconf 86' lang='lat' dir='ltr'><strong>pinquavit,</strong></span> <span class='ocrx_word' id='word_1_440' title='bbox 382 4427 411 4480; x_wconf 90' lang='lat' dir='ltr'><strong>et</strong></span> <span class='ocrx_word' id='word_1_441' title='bbox 427 4418 529 4480; x_wconf 86' lang='lat' dir='ltr'><strong>Lunae</strong></span> <span class='ocrx_word' id='word_1_442' title='bbox 545 4437 659 4500; x_wconf 86' lang='lat' dir='ltr'><strong>corpus,</strong></span> <span class='ocrx_word' id='word_1_443' title='bbox 683 4420 787 4480; x_wconf 92' lang='lat' dir='ltr'><strong>eodem</strong></span> <span class='ocrx_word' id='word_1_444' title='bbox 801 4430 958 4498; x_wconf 88' lang='lat' dir='ltr'><strong>augmento</strong></span> <span class='ocrx_word' id='word_1_445' title='bbox 974 4436 1127 4499; x_wconf 88' lang='lat' dir='ltr'><strong>apparens,</strong></span> <span class='ocrx_word' id='word_1_446' title='bbox 1150 4425 1263 4498; x_wconf 88' lang='lat' dir='ltr'><strong>septem</strong></span> <span class='ocrx_word' id='word_1_447' title='bbox 1284 4416 1436 4478; x_wconf 82' lang='lat' dir='ltr'><strong>lunaribus</strong></span> <span class='ocrx_word' id='word_1_448' title='bbox 1461 4419 1554 4479; x_wconf 90' lang='lat' dir='ltr'><strong>aemi-</strong></span> 
     </span>
     <span class='ocr_line' id='line_1_46' title="bbox 195 4504 1554 4583; baseline -0.001 -16"><span class='ocrx_word' id='word_1_449' title='bbox 195 4506 343 4567; x_wconf 87' lang='lat' dir='ltr'><strong>diametris</strong></span> <span class='ocrx_word' id='word_1_450' title='bbox 367 4506 490 4566; x_wconf 89' lang='lat' dir='ltr'><strong>vicinius</strong></span> <span class='ocrx_word' id='word_1_451' title='bbox 514 4507 698 4568; x_wconf 77' lang='lat' dir='ltr'><strong>estfactum.</strong></span> <span class='ocrx_word' id='word_1_452' title='bbox 738 4508 854 4583; x_wconf 79' lang='lat' dir='ltr'><strong>Quanto</strong></span> <span class='ocrx_word' id='word_1_453' title='bbox 878 4507 927 4568; x_wconf 91' lang='lat' dir='ltr'><strong>ille</strong></span> <span class='ocrx_word' id='word_1_454' title='bbox 950 4509 1044 4582; x_wconf 90' lang='lat' dir='ltr'><strong>altior,</strong></span> <span class='ocrx_word' id='word_1_455' title='bbox 1068 4507 1141 4566; x_wconf 84' lang='lat' dir='ltr'><strong>haec</strong></span> <span class='ocrx_word' id='word_1_456' title='bbox 1156 4504 1301 4578; x_wconf 90' lang='lat' dir='ltr'><strong>humilior,</strong></span> <span class='ocrx_word' id='word_1_457' title='bbox 1324 4512 1408 4565; x_wconf 87' lang='lat' dir='ltr'><strong>tanto</strong></span> <span class='ocrx_word' id='word_1_458' title='bbox 1423 4505 1554 4581; x_wconf 84' lang='lat' dir='ltr'><strong>majores</strong></span> 
     </span>
     <span class='ocr_line' id='line_1_47' title="bbox 195 4591 1554 4671; baseline 0 -17"><span class='ocrx_word' id='word_1_459' title='bbox 195 4592 274 4655; x_wconf 89' lang='lat' dir='ltr'><strong>illius</strong></span> <span class='ocrx_word' id='word_1_460' title='bbox 302 4593 524 4667; x_wconf 88' lang='lat' dir='ltr'><strong>semidiametri,</strong></span> <span class='ocrx_word' id='word_1_461' title='bbox 553 4603 636 4655; x_wconf 90' lang='lat' dir='ltr'><strong>tanto</strong></span> <span class='ocrx_word' id='word_1_462' title='bbox 664 4599 790 4655; x_wconf 89' lang='lat' dir='ltr'><strong>minores</strong></span> <span class='ocrx_word' id='word_1_463' title='bbox 818 4594 916 4671; x_wconf 87' lang='lat' dir='ltr'><strong>hujus.</strong></span> <span class='ocrx_word' id='word_1_464' title='bbox 960 4596 1022 4655; x_wconf 90' lang='lat' dir='ltr'><strong>Neo</strong></span> <span class='ocrx_word' id='word_1_465' title='bbox 1052 4603 1149 4653; x_wconf 66' lang='lat' dir='ltr'><strong>umen</strong></span> <span class='ocrx_word' id='word_1_466' title='bbox 1172 4593 1239 4653; x_wconf 91' lang='lat' dir='ltr'><strong>ideo</strong></span> <span class='ocrx_word' id='word_1_467' title='bbox 1263 4592 1310 4653; x_wconf 89' lang='lat' dir='ltr'><strong>vel</strong></span> <span class='ocrx_word' id='word_1_468' title='bbox 1333 4592 1406 4652; x_wconf 87' lang='lat' dir='ltr'><strong>haec</strong></span> <span class='ocrx_word' id='word_1_469' title='bbox 1430 4591 1479 4651; x_wconf 82' lang='lat' dir='ltr'><strong>vel</strong></span> <span class='ocrx_word' id='word_1_470' title='bbox 1502 4592 1554 4654; x_wconf 88' lang='lat' dir='ltr'><strong>ille</strong></span> 
     </span>
     <span class='ocr_line' id='line_1_48' title="bbox 195 4678 1554 4759; baseline -0.001 -18"><span class='ocrx_word' id='word_1_471' title='bbox 195 4684 225 4741; x_wconf 90' lang='lat' dir='ltr'><strong>iu</strong></span> <span class='ocrx_word' id='word_1_472' title='bbox 247 4681 401 4759; x_wconf 85' lang='lat' dir='ltr'><strong>sphaeram</strong></span> <span class='ocrx_word' id='word_1_473' title='bbox 425 4680 629 4743; x_wconf 87' lang='lat' dir='ltr'><strong>elementarem</strong></span> <span class='ocrx_word' id='word_1_474' title='bbox 652 4682 844 4745; x_wconf 88' lang='lat' dir='ltr'><strong>detruduntur</strong></span> <span class='ocrx_word' id='word_1_475' title='bbox 867 4682 1016 4759; x_wconf 89' lang='lat' dir='ltr'><strong>nihiloque</strong></span> <span class='ocrx_word' id='word_1_476' title='bbox 1038 4682 1134 4741; x_wconf 88' lang='lat' dir='ltr'><strong>secius</strong></span> <span class='ocrx_word' id='word_1_477' title='bbox 1157 4679 1372 4741; x_wconf 88' lang='lat' dir='ltr'><strong>semidiameter</strong></span> <span class='ocrx_word' id='word_1_478' title='bbox 1387 4678 1499 4740; x_wconf 80' lang='lat' dir='ltr'><strong>Terrae</strong></span> <span class='ocrx_word' id='word_1_479' title='bbox 1514 4680 1554 4740; x_wconf 91' lang='lat' dir='ltr'><strong>ad</strong></span> 
     </span>
     <span class='ocr_line' id='line_1_49' title="bbox 196 4766 1554 4849; baseline 0 -20"><span class='ocrx_word' id='word_1_480' title='bbox 196 4768 274 4834; x_wconf 78' lang='lat' dir='ltr'><strong>Solis</strong></span> <span class='ocrx_word' id='word_1_481' title='bbox 296 4767 483 4829; x_wconf 79' lang='lat' dir='ltr'><strong>intervallum</strong></span> <span class='ocrx_word' id='word_1_482' title='bbox 504 4773 721 4849; x_wconf 85' lang='lat' dir='ltr'><strong>proportionem</strong></span> <span class='ocrx_word' id='word_1_483' title='bbox 737 4772 827 4835; x_wconf 87' lang='lat' dir='ltr'><strong>habet</strong></span> <span class='ocrx_word' id='word_1_484' title='bbox 842 4769 922 4831; x_wconf 90' lang='lat' dir='ltr'><strong>haud</strong></span> <span class='ocrx_word' id='word_1_485' title='bbox 938 4769 1024 4832; x_wconf 81' lang='lat' dir='ltr'><strong>valde</strong></span> <span class='ocrx_word' id='word_1_486' title='bbox 1039 4767 1217 4830; x_wconf 90' lang='lat' dir='ltr'><strong>sensibilem.</strong></span> <span class='ocrx_word' id='word_1_487' title='bbox 1255 4768 1336 4835; x_wconf 89' lang='lat' dir='ltr'><strong>Nihil</strong></span> <span class='ocrx_word' id='word_1_488' title='bbox 1351 4766 1424 4828; x_wconf 85' lang='lat' dir='ltr'><strong>haec</strong></span> <span class='ocrx_word' id='word_1_489' title='bbox 1440 4784 1554 4847; x_wconf 87' lang='lat' dir='ltr'><strong>appro-</strong></span> 
     </span>
    </p>
   </div>
   <div class='ocr_carea' id='block_1_8' title="bbox 0 0 1651 5520">
    <p class='ocr_par' dir='ltr' id='par_1_11' title="bbox 0 0 1651 5520">
     <span class='ocr_line' id='line_1_50' title="bbox 0 0 1651 5520; baseline 0 0"><span class='ocrx_word' id='word_1_490' title='bbox 0 0 1651 5520; x_wconf 95' lang='lat' dir='ltr'><strong> </strong></span> 
     </span>
    </p>
   </div>
  </div>
 </body>
</html>
