3284 5520
139 316 204 388 336
626 316 828 375 Demonstratio
847 322 1001 376 structurae

140 499 180 559 ad
203 498 264 557 ΑΟ.
309 498 378 557 Fiat
407 498 485 557 enim
515 505 548 557 ut
576 496 632 556 DA
662 496 700 556 ad
725 496 775 555 AC
805 498 848 557 sie
872 496 923 556 GA
954 498 992 558 ad
1016 498 1085 574 AD;
1120 506 1154 558 ut
1184 500 1275 576 igitur
1297 498 1356 559 DA
1386 498 1425 559 atl
1443 500 1481 561 AV

140 589 182 645 sio
205 585 257 644 DC
280 584 317 643 ad
342 584 391 643 ΟΒ
418 582 513 664 (prop.
538 583 584 665 Β),
620 583 672 644 sed
701 584 816 660 longior
839 594 884 643 est
907 584 964 643 DA
987 603 1075 662 quarn
1099 586 1164 657 AC,
1194 586 1313 664 longior
1334 590 1424 665 igitur
1442 584 1484 647 ΒΟ

139 692 227 750 quam
242 672 302 745 CB,
324 672 439 747 longior
456 675 544 748 igitur
566 680 596 731 et
611 671 666 729 ΟΗ
688 689 777 747 quarn
793 671 852 743 ΟΒ,
875 671 1037 733 differentia
1052 673 1117 732 ΒΗ.
1156 672 1231 733 Cum
1252 677 1345 751 igitur
1361 675 1487 752 aequales

139 765 198 820 sint
221 762 422 838 proportiones
438 760 495 818 DA
518 759 557 818 ad
574 758 624 817 ΑΟ
642 767 670 817 ot
685 759 737 817 CA
760 758 798 817 ad
821 760 875 817 AB
899 760 994 838 (prop.
1016 762 1053 836 l),
1077 779 1213 820 mensura
1237 779 1308 821 tero
1331 764 1427 841 ipsius
1440 762 1489 821 DA

139 849 177 907 ad
193 849 244 907 ΑΟ
260 852 299 907 sit
313 846 392 906 linea
408 853 449 924 op,
473 846 595 906 habebit
610 856 638 905 et
653 844 706 903 CA
721 845 760 904 ud
777 846 830 903 AB
845 864 1011 906 mensurant
1027 849 1182 923 aequalem
1197 851 1252 927 ipsi
1267 854 1302 927 rip
1316 844 1440 933 (postor.
1458 848 1489 929 ll

138 936 177 995 Et
204 954 270 995 oum
299 937 447 1011 proportio
471 934 523 992 ΟΛ
550 933 589 993 ad
613 932 671 991 AH
698 936 737 991 sit
766 936 928 1010 composita
958 954 993 994 ex
1025 941 1213 1013 proportione
1237 936 1290 995 CA
1322 937 1364 995 ad
1386 937 1440 995 AB
1466 946 1492 996 et

140 1026 326 1102 proportione
350 1021 404 1079 BA
426 1021 464 1080 ati
488 1020 562 1094 AH,
599 1022 693 1096 major
721 1022 810 1096 igitur
838 1024 893 1079 erit
920 1026 1068 1100 proportio
1092 1023 1144 1081 CA
1167 1022 1205 1081 ad
1228 1022 1288 1081 ΑΒ
1316 1040 1409 1101 qnam
1430 1038 1492 1102 prt-

138 1115 234 1189 portio
251 1110 308 1167 DA
330 1108 369 1167 ad
388 1108 449 1179 AG,
473 1108 606 1184 aequalis
630 1110 685 1186 ipsi
710 1108 761 1165 CA
785 1106 823 1167 atl
846 1107 909 1180 AB,
934 1111 1026 1185 major
1050 1112 1137 1185 igitur
1160 1113 1249 1170 etlam
1271 1128 1414 1171 mensura
1435 1112 1493 1187 ejus

138 1222 170 1277 pr,
194 1215 283 1274 quam
305 1202 347 1275 po.
393 1196 591 1255 Absoindatur
612 1213 632 1254 a
653 1218 686 1275 pp
708 1195 841 1270 aequalis
864 1198 920 1272 ipsi
941 1205 990 1274 po,
1026 1214 1102 1272 qnae
1125 1198 1164 1256 sit
1186 1200 1233 1275 pp,
1268 1198 1390 1259 residua
1412 1200 1494 1274 igitur

138 1290 176 1362 ,ip
204 1301 339 1343 mensura
369 1284 423 1343 erit
451 1283 587 1342 residuae
611 1284 806 1359 proportionis
830 1282 883 1339 BA
906 1283 944 1340 ad
969 1282 1034 1341 AH.
1082 1284 1144 1342 Erit
1166 1294 1266 1343 autem
1292 1287 1445 1363 proportio
1465 1286 1495 1365 pl

140 1372 179 1431 ad
203 1372 253 1431 ΟΒ
276 1372 370 1430 minor
392 1387 481 1446 quam
502 1372 538 1445 sip
561 1370 599 1428 ud
623 1369 679 1427 BH
701 1369 799 1445 (prop.
826 1372 874 1428 12.
898 1370 1029 1445 auroli),
1062 1371 1091 1428 in
1120 1380 1165 1431 est
1194 1372 1289 1448 major
1317 1382 1365 1433 est
1386 1374 1425 1451 plp
1451 1390 1494 1432 nr·

142 1467 245 1537 speetu
266 1460 301 1537 (lp
332 1457 379 1517 vel
401 1463 449 1537 pil,
479 1474 568 1533 quarn
590 1455 647 1515 ΗΒ
675 1465 809 1533 respectu
830 1456 891 1515 ΒΟ.
936 1457 1115 1533 Compositis
1145 1460 1233 1534 igitur
1255 1462 1407 1533 terminis,
1440 1458 1495 1518 illie

138 1550 173 1627 pp
195 1555 225 1607 et
247 1548 285 1623 βη
308 1548 337 1603 in
359 1568 407 1626 pp,
442 1544 490 1603 hio
514 1544 563 1603 CB
587 1552 616 1604 ot
638 1542 695 1602 BH
725 1547 754 1601 in
777 1543 845 1616 CH,
878 1545 972 1620 maj0r
995 1546 1049 1605 erit
1070 1568 1103 1625 yr,
1135 1555 1270 1622 respecta
1292 1549 1327 1625 pri
1359 1548 1408 1607 rel
1435 1546 1493 1623 ejus

139 1635 272 1711 aequalis
294 1639 337 1713 pi,
360 1649 449 1707 quam
471 1630 524 1690 ΟΗ
546 1640 678 1707 respectu
697 1632 756 1690 ΟΒ.
797 1630 894 1705 MaJor
917 1635 1005 1707 igitur
1027 1642 1072 1689 est
1095 1636 1243 1709 proportio
1267 1636 1343 1693 inter
1364 1640 1398 1713 rip
1419 1644 1493 1713 etpp

140 1740 230 1799 quam
254 1723 328 1779 inter
341 1719 393 1777 ΒΟ
409 1727 438 1779 et
454 1717 516 1791 ΟΗ,
542 1718 571 1776 id
589 1728 632 1777 est
648 1718 711 1777 ΟΒ.
752 1716 790 1777 Ut
806 1736 876 1777 vero
892 1719 942 1778 ΒΟ
958 1719 997 1777 ad
1012 1719 1064 1778 ΟΒ
1086 1723 1130 1777 sio
1146 1722 1199 1778 ΟΑ
1214 1720 1252 1779 ad
1268 1721 1326 1779 AD
1346 1718 1443 1801 (prop.
1458 1720 1494 1799 A),

141 1810 236 1886 maJor
258 1810 348 1883 igitur
378 1808 528 1885 proportio
558 1808 632 1865 inter
655 1812 688 1884 op
710 1816 738 1863 ot
761 1828 792 1883 pp
824 1822 914 1880 qnam
936 1809 1011 1865 inter
1035 1806 1086 1865 ΟΑ
1110 1816 1140 1866 et
1161 1808 1229 1866 AD.
1274 1808 1335 1869 Sed
1362 1816 1395 1888 oy
1415 1819 1446 1868 et
1467 1830 1495 1887 ῃ

138 1905 208 1957 aurit
231 1911 400 1965 mensurae,
425 1892 475 1951 illa
498 1891 616 1968 quidem
638 1894 833 1970 proportionis
857 1896 932 1952 inter
955 1894 1011 1952 DA
1036 1902 1065 1951 et
1088 1893 1139 1952 AC
1162 1896 1307 1970 majores,
1331 1895 1408 1955 haee
1430 1910 1496 1954 vero

141 1984 336 2063 proportionis
361 1983 436 2039 inter
459 1980 510 2037 CA
533 1988 562 2037 et
584 1979 641 2037 ΑΗ
664 1983 798 2039 minores.
839 1980 915 2057 Ergo
939 1984 1087 2059 proportio
1111 1999 1313 2041 mensurarum
1336 1984 1434 2060 major
1455 1988 1496 2041 est

142 2073 328 2149 proportione
352 2070 538 2127 terminorum
563 2070 716 2126 minorum.

246 2157 374 2215 Rursum
396 2154 448 2215 fiat
471 2162 503 2212 ut
525 2152 583 2213 HA
605 2154 644 2213 ad
662 2155 712 2213 ΑΟ
736 2156 778 2213 sio
792 2154 846 2213 CA
868 2153 906 2211 atl
922 2154 990 2213 AL:
1016 2164 1048 2213 ut
1069 2157 1157 2231 igitur
1171 2155 1230 2213 HA
1254 2156 1293 2215 ad
1312 2156 1364 2215 AC
1387 2152 1496 2215 aieHC

143 2245 182 2305 ad
205 2244 255 2303 ΟΒ
278 2248 335 2321 (pr.
361 2240 400 2317 2).
445 2240 503 2301 Sed
527 2243 644 2301 brevior
666 2251 711 2301 est
733 2240 790 2300 HA
813 2258 902 2317 quarn
927 2242 988 2313 ΑΟ,
1012 2243 1129 2303 brevior
1151 2246 1240 2319 igitur
1262 2242 1326 2311 ΗΟ,
1351 2244 1383 2303 lr.
1403 2260 1430 2302 e.
1445 2240 1496 2301 ΒΟ

141 2351 228 2410 quatu
253 2331 311 2401 ΟΒ,
336 2329 499 2388 differentia
522 2328 584 2388 DL.
624 2330 699 2388 Cum
723 2331 809 2405 igitur
832 2329 972 2404 aequales
995 2332 1053 2387 siut
1077 2333 1278 2407 proportiones
1301 2330 1361 2389 HA
1385 2329 1425 2389 ad
1447 2328 1496 2387 AG

140 2430 169 2481 et
193 2420 243 2479 CA
268 2419 305 2478 ad
330 2417 396 2489 AL,
427 2434 561 2475 mensura
585 2434 654 2475 vero
677 2418 769 2493 ipsius
793 2415 850 2473 HA
874 2416 912 2473 ati
937 2415 988 2474 AC
1011 2420 1049 2475 sit
1072 2417 1150 2477 linea
1173 2440 1219 2495 pp,
1247 2416 1372 2477 habebit
1395 2428 1426 2476 et
1447 2416 1497 2476 CA

139 2508 177 2569 ad
201 2506 254 2565 AL
285 2522 451 2565 mensuram
481 2505 636 2579 aequalem
667 2506 722 2579 ipsi
747 2527 778 2583 pp
806 2502 927 2579 (portui.
955 2506 1002 2576 l);
1034 2513 1097 2562 esto
1120 2506 1162 2584 pi.
1208 2504 1306 2563 Minor
1335 2522 1407 2564 vero
1439 2513 1498 2563 erat

138 2596 335 2673 proportionis
364 2592 416 2651 CA
448 2590 486 2649 arl
515 2592 571 2649 AD
601 2608 753 2663 mensura,
788 2600 859 2665 puta
882 2597 930 2668 yn,
966 2594 1060 2650 minor
1091 2594 1179 2667 igitur
1210 2599 1255 2651 est
1277 2598 1311 2671 po
1340 2610 1433 2668 quarn
1455 2592 1497 2671 pt.

139 2684 284 2741 Excessus
315 2682 401 2753 igitur
423 2680 460 2738 ὅ).
491 2681 545 2736 erit
572 2696 708 2737 mensura
731 2680 925 2755 proportionis
950 2679 1022 2735 inter
1045 2678 1103 2735 DA
1125 2690 1155 2737 et
1178 2679 1245 2753 AL,
1281 2683 1440 2755 appositas
1463 2678 1499 2737 atl

138 2772 356 2847 proportionem
389 2768 463 2824 inter
494 2765 544 2823 CA
577 2774 606 2825 et
634 2765 699 2823 AD.
747 2766 783 2823 lit
815 2766 887 2840 qnia
920 2766 1033 2823 termini
1064 2765 1135 2840 DA,
1165 2764 1218 2825 AL
1250 2776 1318 2824 sunt
1351 2765 1499 2843 longiores

140 2874 228 2933 qnam
252 2855 317 2927 CA,
342 2853 415 2925 AD,
448 2869 539 2929 qnare
567 2851 660 2932 (prop.
689 2856 735 2910 12.
760 2850 872 2930 coroll.)
901 2854 994 2910 minor
1022 2862 1066 2911 est
1089 2854 1125 2912 δλ
1158 2862 1293 2931 respectu
1322 2855 1356 2931 ip
1387 2852 1436 2912 vel
1458 2876 1497 2933 pp,

141 2962 229 3021 qnam
252 2941 307 3001 DL
329 2950 463 3017 respectu
487 2938 545 3011 ΒΟ,
570 2940 664 3015 major
686 2942 772 3015 igitur
795 2938 912 2998 residua
934 2946 967 3018 po·
989 2949 1121 3015 respectu
1144 2944 1177 3019 pl
1201 2940 1247 3000 vel
1270 2963 1313 3019 pp,
1337 2957 1430 3017 quam
1448 2940 1499 2999 ΟΒ

139 3032 188 3091 vel
203 3030 257 3088 HC
280 3037 414 3104 respectu
430 3026 490 3087 ΟΒ.
531 3026 567 3083 Et
589 3029 660 3103 qnia
676 3029 823 3103 proportio
847 3029 986 3085 minuitur
1008 3037 1094 3085 aucto
1115 3030 1219 3087 minori
1243 3028 1366 3087 termino
1382 3024 1444 3109 (ax.
1463 3024 1499 3107 1),

139 3122 233 3177 minor
262 3118 351 3192 igitur
381 3121 425 3172 est
456 3115 602 3190 proportio
633 3116 707 3173 inter
730 3120 762 3192 <ip
785 3120 814 3171 el
836 3137 886 3191 pp,
920 3132 1007 3190 quam
1031 3118 1104 3173 inter
1127 3114 1180 3173 ΗΟ
1204 3124 1233 3174 et
1257 3113 1315 3175 ΟΒ.
1366 3110 1408 3174 Ut
1431 3132 1501 3175 vero

140 3206 194 3265 HC
223 3203 260 3263 ad
285 3203 333 3261 ΟΒ
362 3202 404 3260 sio
436 3202 548 3259 termini
579 3203 664 3260 trium
696 3202 820 3261 minores
843 3200 901 3259 HA
931 3201 968 3259 ad
992 3201 1044 3260 ΑΟ
1076 3206 1170 3279 (prop.
1195 3206 1225 3260 2.
1256 3200 1372 3277 nonu),
1407 3203 1502 3261 minor

140 3302 186 3353 est
218 3293 305 3367 igitur
334 3290 482 3367 proportio
513 3290 587 3347 inter
617 3297 648 3368 op
671 3300 700 3348 et
722 3312 771 3367 pp,
804 3306 955 3347 mensuras
986 3291 1221 3365 proportionum,
1255 3305 1381 3364 quarum
1411 3306 1501 3349 unam

140 3382 210 3440 iacit
239 3379 333 3454 major
362 3378 500 3435 terminus
531 3394 596 3435 oum
619 3376 733 3448 medio,
767 3375 889 3435 alteram
911 3375 1025 3435 medius
1049 3394 1114 3435 cum
1138 3380 1275 3449 minimo,
1311 3392 1403 3452 qnam
1426 3380 1501 3437 inter

141 3469 280 3528 terminos
302 3465 436 3525 minores.

243 3553 463 3629 Propositio
487 3549 608 3609 XXIV.
647 3549 740 3608 Dicto
760 3552 921 3625 proportio
945 3553 1024 3609 inter
1046 3551 1124 3608 duos
1147 3568 1308 3608 mensuras
1331 3559 1374 3609 est
1398 3554 1501 3612 minor

143 3641 272 3701 dimidio
293 3641 489 3716 proportione
513 3641 591 3696 inter
614 3641 757 3697 terrainos
779 3646 934 3701 extremos.

245 3729 309 3787 Sint
332 3728 408 3785 enim
431 3727 546 3784 termini
568 3727 705 3798 extremi,
731 3734 763 3783 ut
784 3728 864 3801 prius
888 3724 954 3795 AH,
981 3725 1035 3782 st)
1058 3724 1155 3784 media
1178 3725 1252 3796 (luo,
1282 3724 1499 3787 arithmeticum

140 3816 208 3890 ΑΟ,
231 3816 439 3892 geometricum
463 3812 536 3885 AV,
565 3815 603 3872 sit
626 3815 821 3889 proportionis
845 3813 900 3870 DA
924 3812 962 3870 ad
986 3812 1038 3870 ΑΟ
1062 3830 1196 3871 mensura
1219 3818 1266 3888 lp,
1290 3812 1337 3871 vel
1363 3814 1499 3890 aequalis

140 3907 196 3982 ipsi
220 3903 272 3963 ΒΟ
297 3901 457 3961 ueletiam
479 3899 573 3975 major
595 3896 720 3981 (postul.
747 3896 798 3981 3),
832 3910 863 3958 et
884 3898 1047 3976 applicetur
1069 3902 1126 3976 ipsi
1148 3906 1180 3979 oy
1202 3898 1261 3957 alia
1281 3922 1329 3976 pv,
1360 3918 1440 3976 quae
1462 3905 1501 3960 sit

922 4004 1058 4045 mensura
1076 3988 1159 4063 justa
1179 3988 1376 4065 proportionis
1393 3988 1447 4048 CA
1461 3987 1499 4047 atl

138 4052 807 4159 *A--my-„Cffl
847 4053 877 4148 ,D
923 4074 989 4144 AV,
1014 4076 1103 4132 utsio
1125 4080 1239 4133 totarla
1261 4084 1411 4135 mensuret
1430 4093 1500 4155 pro-

923 4163 1083 4239 portionem
1095 4160 1149 4218 DA
1161 4161 1198 4219 ad
1209 4160 1280 4234 AV3
1295 4161 1433 4223 residuae
1441 4164 1499 4241 igl-

922 4258 969 4307 tnr
992 4251 1186 4327 proportionis
1202 4247 1257 4305 VA
1274 4247 1313 4307 ad
1329 4248 1389 4307 ΑΗ
1412 4268 1497 4311 men·

312 4386 809 4401 ............-.--...
824 4300 878 4395 -.f
922 4353 991 4395 sura
1019 4339 1073 4394 orit
1101 4338 1187 4413 priori
1212 4342 1247 4395 nv
1269 4337 1406 4411 aequalis
1429 4342 1497 4417 (po-

922 4422 990 4482 stnl.
1019 4428 1044 4480 l.
1075 4430 1214 4500 et'prop.
1241 4420 1284 4500 1);
1319 4426 1358 4483 sit
1387 4443 1424 4484 ea
1453 4448 1497 4503 ap.

140 4516 218 4594 Quia
248 4518 336 4593 igitur
359 4522 390 4595 ny
420 4522 464 4575 est
492 4512 538 4573 vel
568 4513 700 4589 aequalis
724 4511 771 4571 vel
794 4512 886 4587 major
909 4528 997 4587 quam
1022 4509 1089 4581 ΒΟ,
1122 4513 1270 4585 sequentis
1293 4533 1327 4588 yn
1348 4516 1498 4589 proportio

139 4607 177 4666 acl
202 4605 254 4664 CV
277 4608 330 4664 erit
353 4604 448 4680 major
470 4619 558 4679 qnam
582 4602 729 4677 proportio
753 4601 844 4676 ipsius
866 4605 898 4679 pn
919 4596 957 4657 ad
973 4598 1034 4667 ΟΒ,
1060 4605 1087 4655 ot
1113 4600 1213 4657 tertiae
1229 4620 1264 4675 op
1285 4602 1439 4675 proportio
1461 4598 1498 4659 ad

139 4694 198 4752 VH
221 4711 334 4752 rursum
353 4695 406 4751 orit
428 4691 522 4766 major
544 4705 632 4764 quarn
655 4687 801 4747 secundae
824 4710 856 4765 yn
879 4685 917 4746 ad
940 4683 1096 4743 secundnm
1121 4683 1186 4757 CV,
1218 4693 1247 4744 et
1275 4702 1327 4763 per
1348 4690 1497 4766 composi·

139 4783 249 4842 tionem
271 4784 361 4841 totius
383 4784 420 4858 pl
448 4778 487 4840 ad
513 4784 607 4838 totam
628 4775 687 4835 HD
709 4775 804 4851 maior
826 4776 882 4835 erit
902 4774 1060 4851 proportio,
1083 4787 1171 4847 quarn
1194 4774 1285 4850 partis
1308 4795 1341 4853 tp
1366 4774 1407 4835 ad
1428 4792 1498 4854 par·

467 4320 482 4369 l
622 4319 637 4350 υ
708 4318 723 4364 7
