3284 5520
329 368 334 377 Ι
427 301 470 357 De
488 301 663 373 septuaginta
679 299 895 357 hebdomadibus
918 303 948 357 in
965 301 1088 361 Daniele
1374 307 1440 377 815

81 482 195 556 patriae
222 480 374 557 religionis
405 479 534 543 desertor
563 479 732 545 sceleratus.
778 479 825 541 Ab
849 496 884 545 co
907 487 1038 557 tempore
1060 480 1186 561 plurima
1207 482 1287 543 mals
1308 487 1440 563 perpessi

82 572 149 626 sunt
171 566 290 628 Judaei.
554 574 558 583 ¹

187 657 272 716 Auno
297 661 369 716 865.
402 654 564 717 Antiochus
593 672 627 714 er
650 654 787 732 Aegypto
817 653 932 716 rediens
963 659 1045 733 pacis
1074 666 1227 734 praetentu
1250 656 1439 737 Jerosolyma

81 743 228 819 ingressus
252 743 428 820 praesidium
453 745 481 800 in
505 760 571 802 arce
593 739 720 817 reliquit.

186 832 272 891 Anno
297 837 369 891 368.
396 830 560 892 Antiochus
583 828 711 889 secundo
735 845 770 888 es
794 828 932 907 Aegypto
955 829 1069 891 rediens
1084 829 1275 910 ierosolyma
1297 835 1328 893 ri
1351 836 1437 911 capit,

80 917 220 995 templum
243 918 360 996 spoliat.

186 1008 271 1064 Anno
288 1013 359 1068 370.
384 1003 514 1081 ejusdcm
535 1005 620 1079 jussu
635 1001 823 1080 ierosolyma
847 1001 942 1062 denuo
966 1002 1111 1064 hostiliter
1128 1005 1240 1082 direpta
1254 1009 1336 1083 pacis
1351 1025 1439 1085 prae·

79 1101 171 1164 textu
195 1111 352 1153 succensae
376 1092 473 1164 aedes,
499 1093 573 1151 muri
597 1090 745 1163 destructi,
768 1090 995 1150 abominandum
1011 1091 1121 1152 idolum
1138 1093 1329 1154 desolationis
1345 1078 1438 1154 collo·

79 1189 177 1239 catum
199 1198 287 1256 super
309 1180 401 1240 altare
425 1180 497 1252 Dei,
520 1178 667 1255 prohibita
689 1177 845 1248 sacrificia,
870 1178 1023 1238 interdicta
1046 1182 1227 1239 circumcisio
1250 1191 1280 1240 et
1301 1182 1440 1242 sabbathi

80 1268 266 1341 obseruatio,
293 1267 418 1344 denique
446 1268 592 1343 gentilitia
620 1264 722 1341 religio
753 1266 887 1324 omnibns
916 1267 1064 1339 mandata,
1087 1286 1153 1328 cunr
1177 1268 1338 1330 llatatbias
1362 1288 1437 1330 unus

79 1373 111 1414 sc
135 1358 195 1431 regi
221 1356 357 1433 opposuit
380 1364 409 1415 et
431 1372 549 1414 secessu
572 1353 649 1412 lacto
673 1354 831 1413 exercitum
855 1352 982 1431 collegit
1029 1356 1075 1415 Ab
1104 1355 1160 1416 hoc
1188 1365 1317 1433 ternpore
1340 1374 1438 1418 sacer-

80 1443 164 1503 dotes
187 1442 312 1503 Judaeis
335 1444 413 1502 luere
438 1459 502 1500 cum
527 1442 659 1516 imperio.

186 1530 272 1589 Anno
290 1536 327 1590 37
334 1537 362 1589 3.
385 1528 491 1601 ludas,
514 1527 677 1587 Matathiae
700 1525 785 1601 filins,
809 1534 877 1605 post
892 1527 1022 1589 secunda
1037 1529 1152 1607 aliquot
1166 1530 1279 1608 proelia
1295 1539 1323 1592 ct
1338 1549 1438 1593 necem

81 1616 220 1677 Antiochi
243 1616 383 1693 templum
405 1625 552 1692 repurgat.

186 1705 272 1763 Anno
297 1711 370 1765 399.
393 1702 540 1763 Jonnthas
563 1701 666 1762 loodus
689 1701 758 1761 lacit
781 1718 846 1761 cunr
869 1702 1020 1763 Romanis.

183 1793 269 1852 Anno
286 1799 359 1853 396.
383 1791 493 1865 Simon,
516 1789 615 1850 dudae
634 1789 729 1863 irater,
753 1807 882 1849 summus
905 1791 1042 1851 sacerdos
1058 1809 1152 1852 arcem
1168 1791 1437 1871 Hierosolymorum

77 1880 195 1955 recepit,
220 1890 376 1957 postquam
399 1879 480 1937 illam
503 1896 554 1955 per
576 1894 668 1936 annos
693 1882 730 1937 31
758 1895 859 1952 regum
880 1877 982 1957 Syriae
1005 1879 1152 1958 praesidia
1177 1879 1383 1940 defendissent

183 1967 269 2026 Anno
288 1974 360 2027 404.
384 1966 591 2042 Hierosolyma
614 1961 766 2023 aloannc
782 1964 930 2042 Hyrcano,
954 1965 1083 2026 Simonis
1104 1967 1175 2042 filio,
1197 1984 1314 2031 summo
1337 1985 1444 2029 sacer·-

78 2054 155 2126 dotc,
180 2054 281 2114 dedita
305 2055 449 2114 Antiocho
473 2052 573 2112 Sedeti
596 2060 625 2111 et
646 2070 704 2128 pax
729 2053 909 2113 confirmata.

183 2141 268 2201 Anno
294 2149 364 2203 410.
400 2142 477 2201 idem
510 2140 642 2200 Joanncs
681 2139 820 2216 templum
855 2138 984 2199 Gerizim
1022 2141 1165 2200 destruxit
1203 2160 1342 2219 armaque
1379 2141 1439 2203 lata

76 2227 207 2306 protulit.

184 2318 270 2377 Anno
294 2323 367 2376 434.
398 2315 525 2375 Joannis
547 2312 678 2391 Hyrcani
705 2310 783 2370 filius
807 2311 993 2373 Aristobulus
1021 2317 1131 2390 primus
1163 2317 1358 2375 intermissum
1387 2332 1439 2391 per

77 2411 122 2463 tot
143 2421 236 2463 annos
260 2422 365 2463 nornen
389 2406 501 2479 regium
523 2402 667 2472 resumsit,
692 2407 833 2478 tyrannus
858 2404 960 2475 verior,
985 2418 1051 2461 cum
1072 2403 1193 2461 familia.

185 2492 271 2551 Anno
297 2498 368 2551 471.
393 2501 455 2550 orto
480 2487 599 2548 dissidio
623 2490 695 2546 inter
719 2505 800 2562 reges
824 2487 1024 2563 Judacorum,
1049 2493 1174 2567 primum
1196 2489 1233 2549 ad
1257 2491 1440 2551 munimenta

81 2577 182 2654 ternpli
206 2578 350 2638 hostiliter
373 2580 421 2654 agi
446 2587 593 2653 coeptum,
615 2577 738 2651 primunr
762 2577 850 2634 etiam
874 2579 1006 2636 accersiti
1031 2579 1200 2655 apartibus
1216 2577 1341 2636 Romani
1365 2576 1439 2636 duce

79 2664 200 2738 Scauro,
225 2684 283 2725 non
306 2666 418 2737 dubito,
442 2668 512 2741 quin
536 2664 656 2723 obtentu
680 2661 814 2736 foederis,
838 2663 1002 2723 adonutha
1025 2673 1054 2724 et
1071 2665 1189 2724 Simone
1212 2664 1314 2723 horum
1338 2681 1439 2739 regum

79 2753 240 2829 majoribus
273 2770 338 2812 cum
361 2752 502 2811 Romanis
533 2753 605 2809 initi.
654 2750 781 2808 Scaurus
804 2750 853 2810 ille
876 2759 936 2810 tum
960 2763 1094 2828 praeerat
1115 2752 1219 2832 Syriae
1239 2752 1325 2829 jussu
1347 2750 1439 2810 Pom-

77 2844 147 2917 peii,
172 2844 222 2916 qui
246 2851 315 2899 tunc
338 2841 446 2899 bellum
470 2838 699 2898 Mithridaticum
723 2839 750 2893 in
775 2838 847 2896 Asia
869 2840 1000 2915 gerebat.

186 2929 271 2986 Anno
289 2934 361 2988 419.
385 2928 545 3003 PompeJus
559 2925 763 3002 lerosolymas
779 2928 858 3001 capit
873 2926 963 2987 caede
978 2928 1086 2987 civium
1103 2926 1190 3002 edita,
1216 2925 1315 3004 templi
1331 2943 1440 2987 areana

79 3015 193 3087 lustrat,
218 3015 295 3091 qnod
320 3015 385 3091 lege
408 3014 486 3090 apud
509 3014 642 3074 ludaeos
666 3023 728 3071 erat
752 3016 882 3073 vetitum.

183 3103 269 3162 Anno
295 3109 368 3165 diii.
414 3102 487 3161 Cum
510 3103 634 3160 terreret
655 3100 752 3158 adhuc
775 3099 927 3160 dissidium
951 3104 1024 3160 inter
1046 3103 1163 3175 lratrcs,
1187 3101 1323 3162 Judacae
1346 3118 1439 3177 reges,

79 3198 109 3250 et
139 3198 203 3249 orto
234 3192 344 3250 interea
374 3188 450 3249 bello
482 3189 558 3247 cirili
583 3190 656 3246 inter
678 3187 851 3263 Pompejurn
875 3198 904 3248 ct
928 3190 1098 3263 Caesarem,
1131 3193 1160 3248 in
1190 3199 1288 3269 partes
1312 3188 1354 3247 illi
1377 3189 1439 3247 dis-

82 3277 225 3351 cederent,
242 3280 319 3336 caesi
335 3286 402 3335 sunt
415 3297 432 3334 a
445 3277 567 3335 diversis
578 3275 709 3351 partibus
724 3276 945 3351 sicquercgium
962 3294 1067 3337 nomen
1084 3279 1327 3354 paucissImorum
1341 3293 1437 3337 unno-

83 3383 146 3426 rum
171 3383 282 3424 rursum
307 3364 444 3424 deletum.

186 3454 271 3511 Anno
290 3458 363 3512 489.
380 3453 543 3528 Antipatro,
560 3451 677 3509 natione
694 3448 848 3523 ldumaco,
863 3451 956 3510 tutela
971 3450 1107 3512 Judacae
1123 3449 1337 3520 commendata,
1354 3449 1439 3525 cujus

81 3543 238 3616 posteritas
260 3548 366 3616 postea
388 3541 468 3615 regio
493 3536 577 3597 titulo
601 3536 735 3596 Judacae
758 3546 787 3597 et
810 3540 922 3597 vicinae
939 3538 1042 3615 Syrius
1058 3542 1133 3617 parti
1149 3539 1284 3616 praefuit.
1314 3536 1441 3595 Multum

82 3635 179 3687 tamen
203 3627 299 3686 adhuc
322 3633 435 3704 poterat
458 3625 612 3702 Hyrcanos
636 3625 817 3701 pontilcx.et
840 3636 989 3703 supererat
1011 3626 1088 3685 filius
1112 3627 1204 3686 ultinri
1229 3628 1316 3701 regis.

187 3716 273 3773 Anno
293 3721 364 3775 496.
390 3714 556 3787 Antigonus
573 3730 591 3770 a
606 3711 722 3770 Parthis
746 3715 774 3769 in
798 3730 918 3788 regnunt
942 3716 1102 3773 restituitur
1125 3715 1275 3794 occupatis
1298 3710 1442 3771 Hieroso·

81 3801 177 3880 lymis.
223 3803 332 3861 Contra
354 3801 431 3860 hunc
454 3799 602 3871 Herodes,
636 3799 783 3876 Antipatri
806 3799 900 3874 filius,
930 3819 980 3861 rex
1004 3811 1187 3882 nuncupatur
1209 3821 1228 3861 a
1250 3809 1353 3860 senatu
1376 3798 1441 3859 Ro·

80 3908 178 3949 mano.
225 3888 296 3948 Inde
320 3887 430 3948 bellurn
452 3891 526 3945 inter
549 3897 713 3961 utrumque.
776 3905 783 3914 ·

188 3977 273 4035 Anno
299 3982 372 4037 499.
395 3976 557 4036 conlectum
581 3981 623 4033 cst
648 3973 757 4032 bellum
780 3977 955 4050 expugnatis
971 3974 1167 4053 Jcrosolymis
1190 3985 1219 4035 ct
1242 3986 1328 4052 capto
1353 3975 1441 4034 Anti·

82 4080 170 4140 gono,
195 4066 245 4139 qui
268 4064 357 4142 paulo
380 4072 448 4139 post
471 4066 584 4121 occisus
608 4069 660 4122 cst.
698 4059 832 4121 Herodes
856 4064 944 4122 etiam
967 4064 1109 4123 affinitate
1133 4065 1191 4125 sibi
1203 4064 1299 4140 junxit
1314 4072 1442 4140 gentem,

82 4151 171 4211 ducta
192 4154 296 4210 summi
321 4150 466 4228 pontificis
489 4149 558 4212 filia.

185 4242 272 4297 Anno
298 4244 369 4299 516.
400 4236 536 4297 Herodes
564 4251 707 4296 consensu
738 4236 838 4314 populi
870 4236 1010 4315 templum
1040 4238 1173 4298 ablatum
1201 4256 1220 4297 a
1246 4236 1441 4297 fundamentis

81 4328 267 4387 restauravit.

125 4466 129 4471 .
187 4414 273 4472 Anno
291 4419 362 4474 534.
387 4411 519 4471 Christus
542 4409 632 4471 Jesus
656 4417 742 4468 natus
766 4417 819 4482 est,
843 4428 920 4470 auno
944 4428 1002 4471 uno
1025 4414 1105 4490 prius
1128 4429 1164 4471 ac
1185 4411 1274 4471 hodie
1298 4419 1441 4472 censetur.

188 4500 274 4562 Anno
299 4506 370 4563 535.
399 4498 478 4577 quod
508 4508 553 4559 est
582 4497 703 4574 vulgare
727 4499 842 4557 initium
864 4516 1005 4558 annorum
1030 4499 1162 4571 Domini,
1195 4498 1332 4559 Herodes
1349 4499 1441 4575 juris-

83 4587 241 4648 dictionem
273 4591 411 4666 patriam,
446 4604 522 4664 quae
551 4585 691 4646 hactenus
721 4592 883 4659 manserat,
917 4588 1021 4647 occisis
1050 4587 1219 4664 gentilitiis,
1253 4590 1283 4646 in
1306 4585 1437 4649 advenas

82 4675 241 4736 hanstulit.

152 4828 155 4835 ,
190 4761 295 4823 Annas
312 4766 388 4827 iti.
408 4763 464 4824 luit
480 4768 510 4825 9.
532 4763 639 4825 misus
661 4759 780 4822 Christi
817 4759 922 4821 Divisa
945 4761 1019 4821 inter
1040 4759 1183 4823 haeredes
1203 4758 1334 4823 Herodis
1354 4760 1443 4840 patri·
