3284 5520
10 489 21 519 t

581 359 796 416 Commentarius
813 357 934 428 Kepleri.
1367 361 1428 431 761

77 539 212 600 ciendum
236 547 289 602 cst.
327 538 497 617 (conditum
513 537 623 610 mnndi,
646 536 799 610 diluvium,
823 536 980 607 Christum,
1003 534 1086 615 Nos.)
1124 536 1165 597 At
1182 537 1337 600 millenarii
1353 539 1431 600 diln-

76 629 158 686 vium
182 635 210 687 et
229 635 359 687 nostrum
375 627 561 704 hoc'tempus
576 626 722 685 omittunt
762 621 793 705 6)
810 625 905 683 Etiam
921 625 1006 685 nobis
1022 623 1177 685 Germanis
1192 626 1301 686 iudicat
1317 629 1430 688 initium

74 717 166 774 nostri
189 717 310 792 imperii,
334 715 413 791 qnod
438 715 537 774 itidem
559 730 617 773 non
641 714 752 773 iaciunt
773 712 935 784 millenarii,
959 729 1018 788 quo
1041 715 1135 771 carior
1154 714 1239 772 nobis
1254 731 1317 774 esse
1334 715 1429 775 debet

179 801 388 862 Sleidauus:
412 805 456 860 Ac
468 804 623 877 principio
639 800 772 879 quidem,
787 808 823 859 ut
838 799 880 858 od
893 802 1066 858 institutum
1084 804 1215 875 venium,
1239 801 1281 858 od
1291 805 1432 877 primum

74 888 212 948 uidelicet
231 893 413 965 imperium,
444 891 559 949 omissis
581 889 654 957 illis,
687 907 765 963 quoe
791 891 826 946 ia
848 890 986 946 martium
1006 890 1144 961 murram
1166 896 1295 946 ocinum
1318 889 1432 947 incide·

74 983 217 1036 roureto.
243 977 407 1037 Poterimus
424 984 520 1036 tamen
536 976 725 1034 nihilominus
740 974 841 1050 aliqua
856 974 1047 1048 considerare,
1064 991 1141 1050 quae
1156 975 1194 1033 ad
1207 983 1334 1033 nostram
1351 974 1431 1034 utili·'

75 1070 167 1123 tatem
182 1063 301 1125 iaciunt.
339 1064 469 1123 Primum
484 1080 548 1140 cap.
562 1065 591 1123 3:
612 1060 687 1122 Gen.
705 1081 733 1122 r.
747 1069 784 1122 21
811 1060 955 1135 videmus,
979 1078 1045 1122 conr
1059 1061 1207 1120 hominum
1223 1080 1329 1139 genere
1345 1063 1431 1122 simul

75 1152 222 1210 exstitisse
246 1153 388 1211 rationem
412 1150 569 1226 vestiendi3
593 1148 670 1209 unde
693 1149 875 1226 colligamus,
900 1166 988 1225 quam
1011 1149 1127 1209 barbari
1142 1150 1249 1210 inerint
1265 1152 1430 1210 Americani

75 1246 106 1295 et
128 1245 196 1297 ante
219 1237 292 1298 haec
314 1247 446 1316 tempora
468 1238 609 1311 Britanni,
633 1237 740 1313 quibus
761 1236 847 1296 nudie
873 1235 1007 1296 incedere
1030 1235 1076 1295 lex
1100 1243 1152 1297 est.
1191 1235 1277 1312 Quod
1300 1239 1371 1298 iacit
1392 1237 1431 1298 ad

75 1324 181 1383 urelius
211 1327 418 1402 conjectandes
449 1324 564 1384 illarum
594 1327 725 1400 gentium
749 1326 885 1399 origines.
932 1323 1016 1382 Certe
1040 1324 1133 1401 enirn,
1161 1326 1187 1382 si
1208 1327 1293 1401 primi
1315 1325 1432 1386 illarum

75 1415 206 1487 gentium
230 1414 396 1473 conditores
419 1423 471 1472 aut
493 1412 616 1471 consilio
639 1411 842 1471 discessissent
864 1428 882 1469 a
905 1413 1050 1471 communi
1072 1409 1201 1470 humano
1223 1429 1349 1488 genere,
1380 1423 1432 1472 aut

76 1517 128 1576 per
150 1499 320 1559 durissimos
341 1501 459 1560 labores
481 1502 572 1559 victui
595 1502 790 1568 necessarios,
823 1515 881 1557 nou
912 1499 1085 1557 fuissentin
1110 1498 1288 1559 oblivionem
1311 1517 1431 1560 suorum

74 1597 229 1662 parentum
252 1587 385 1660 adducti,
407 1589 595 1651 retinuissent
617 1589 704 1645 etiam
727 1603 837 1645 rnorem
860 1584 1014 1645 vestiendi.

183 1674 298 1735 Deinde
321 1674 450 1735 indidem
473 1675 619 1745 videmus,
644 1690 709 1732 cum
734 1674 814 1732 Deus
839 1690 875 1731 ex
898 1671 1024 1748 pellibus
1048 1673 1147 1732 iecerit
1169 1674 1299 1746 tunicas,
1329 1673 1430 1749 procul

77 1760 167 1820 dubio
195 1762 257 1837 jam
288 1770 358 1822 tunc
386 1769 530 1822 mactatas
551 1761 642 1819 fuisse
663 1760 808 1836 pecudes,
841 1760 930 1835 idque
953 1779 971 1818 a
994 1760 1060 1818 Deo
1082 1762 1162 1837 ipso,
1196 1761 1307 1819 scilicet
1331 1770 1432 1821 osten-

76 1866 143 1906 sum
173 1847 231 1907 illis
254 1849 363 1908 cultum
386 1852 516 1927 typicum
539 1866 592 1925 per
612 1847 756 1908 sacrificia
778 1846 999 1925 praestandum,
1033 1865 1092 1923 quo
1116 1848 1151 1907 de
1176 1856 1298 1907 venturo
1321 1843 1432 1908 Messio

75 1945 271 1994 mouerentur.
317 1936 351 1994 Id
376 1937 455 2012 quod
484 1935 520 1996 de
550 1937 726 2010 antiquitate
749 1934 955 1995 sacrificiorum
977 1936 1067 2012 probe
1090 1936 1175 1994 nohis
1196 1935 1354 1994 tenendum
1376 1943 1430 1998 est.

75 2022 187 2102 Tertio,
210 2039 246 2082 ex
270 2027 488 2100 comparatione
513 2022 703 2099 intelligimus
721 2023 891 2082 felicitatem
905 2021 984 2080 illius
999 2021 1090 2081 seculi
1103 2022 1294 2098 spiritualem.
1331 2022 1431 2083 Primo

74 2109 158 2169 Deus
181 2112 245 2186 ipse
267 2109 325 2170 illis
347 2112 477 2186 loquitur
493 2119 523 2171 et
538 2111 661 2170 cainum
676 2117 846 2186 peccantem
862 2108 1046 2186 reprehendit
1060 2118 1150 2186 atque
1165 2112 1308 2187 corrigere
1324 2111 1432 2186 studet,

75 2197 206 2256 secundo
229 2197 330 2256 hortus
346 2198 428 2257 Edeu
451 2197 505 2256 suit
529 2199 558 2253 in
581 2198 711 2274 ipsorum
727 2206 884 2272 conspectu
902 2213 966 2255 cum
982 2195 1154 2256 Cheruhaeo
1171 2207 1283 2256 armato
1300 2199 1430 2272 custode,

75 2301 136 2359 qno
159 2301 273 2360 semper
288 2283 324 2344 de
341 2286 405 2344 Deo
421 2293 449 2345 et
466 2285 506 2343 de
517 2294 638 2361 peccato
653 2285 855 2357 monebantur,
879 2301 972 2358 usqne
996 2284 1033 2342 ad
1049 2283 1208 2358 diluvium;
1233 2286 1318 2344 tertio
1334 2293 1433 2362 patres

76 2370 239 2430 diutissime
271 2375 406 2431 vixerunt
433 2373 606 2448 fueruntque
637 2378 726 2431 testes
748 2378 778 2430 et
800 2373 884 2446 quasi
908 2368 1049 2432 cdrourur
1078 2374 1232 2430 creationis
1263 2388 1431 2448 eorumque,

75 2475 153 2533 quae
176 2457 259 2518 Dens
282 2476 348 2518 curu
371 2459 539 2518 hominibus
562 2460 631 2533 egit.
671 2459 707 2517 Et
730 2473 828 2518 tamen
850 2458 969 2517 luerunt
990 2460 1019 2515 in
1042 2457 1155 2517 malitia
1178 2459 1263 2518 uobis
1282 2460 1432 2535 aequales,

74 2547 150 2604 sorte
172 2553 203 2604 ct
226 2549 399 2622 superiores.
438 2544 524 2606 Unde
548 2545 746 2622 intelligimus,
771 2563 873 2621 parum
895 2546 1010 2617 referre,
1033 2546 1181 2620 quomodo
1197 2564 1229 2605 se
1245 2544 1333 2605 hodie
1349 2548 1432 2607 Deus

74 2633 161 2691 nohis
190 2633 317 2707 revelet,
349 2650 414 2692 cum
444 2650 544 2693 omues
567 2632 680 2705 modos,
704 2634 892 2708 quantumvis
914 2631 1069 2705 sublimes,
1101 2633 1290 2692 revelationis
1314 2633 1432 2695 divinae

74 2717 299 2796 contemplaturi
324 2738 465 2792 essemus,
489 2737 547 2778 nou
562 2722 658 2779 miuus
673 2729 762 2796 atque
778 2720 830 2791 illi,
855 2736 929 2794 quos
944 2736 999 2777 nec
1014 2727 1112 2796 patres
1127 2742 1239 2798 γνησιοι,
1263 2737 1317 2780 uec
1331 2739 1431 2780 exem-

74 2807 156 2883 plum
179 2824 292 2884 poenae
315 2810 593 2883 praesentissimum,
616 2824 671 2866 nec
692 2808 774 2867 Deus
798 2824 895 2867 coram
918 2807 1041 2882 loquens
1065 2807 1211 2880 deterruit,
1237 2810 1306 2883 quin
1329 2807 1432 2869 eadem

74 2895 186 2969 flagitia
217 2903 443 2970 perpetrarent,
464 2912 540 2969 quae
568 2893 657 2954 hodie
685 2895 768 2953 liunt.
814 2893 926 2969 Quarto
950 2893 1084 2953 videmus
1106 2894 1213 2955 laisum
1236 2912 1319 2968 esse,
1352 2896 1432 2972 qnod

73 2983 201 3058 imperiti
224 2981 343 3057 quidam
366 3000 451 3042 senes
470 2983 595 3059 jactant,
618 2981 759 3039 mundum
775 2980 906 3056 quotidie
922 2980 1094 3041 deteriorem
1109 2982 1180 3041 fieri.
1220 2982 1302 3042 Idem
1317 2999 1432 3061 semper

73 3078 120 3128 est
142 3069 292 3128 hominum
315 3073 472 3145 ingenium,
498 3068 600 3129 eedem
623 3069 765 3145 peccandi
788 3068 889 3140 libido,
913 3068 989 3128 idem
1012 3072 1042 3126 iu
1065 3086 1180 3129 summa
1201 3079 1296 3130 status
1320 3071 1431 3132 mundi.

72 3156 203 3215 Primum
232 3155 312 3216 nulla
335 3157 390 3215 tuit
411 3159 576 3216 reverentia
597 3164 721 3232 patrum,
746 3155 828 3215 nulla
850 3173 961 3214 senum.
1008 3157 1100 3232 Atqui
1122 3161 1147 3215 si
1170 3156 1259 3217 hodie
1282 3166 1341 3216 tam
1364 3158 1432 3218 lon·
1532 3202 1536 3211 .
1616 3132 1619 3139 Ι

73 3260 186 3317 goeros
209 3243 384 3302 haberemus
407 3244 549 3315 homines,
574 3245 718 3312 existimo,
741 3261 799 3302 non
822 3245 851 3299 iu
877 3250 958 3302 tauto
983 3261 1072 3320 penes
1094 3261 1148 3303 uos
1164 3253 1311 3304 contemtu
1328 3264 1431 3305 versa-

75 3342 164 3401 turus,
189 3339 222 3388 ut
244 3334 273 3388 in
297 3333 426 3407 ipsorum
451 3338 609 3407 conspectu
634 3330 739 3389 caedes
762 3330 876 3403 fiereut3
899 3333 958 3388 imo
982 3347 1051 3389 vero
1068 3331 1141 3390 Cain
1161 3333 1223 3408 jam
1247 3341 1345 3392 aetate
1360 3350 1432 3407 pro-

74 3424 178 3476 vectus
203 3419 304 3492 utique
326 3421 431 3477 metuit
446 3425 552 3490 tamen,
576 3435 612 3477 ne
636 3419 674 3477 ab
698 3418 797 3494 aliquo
820 3424 960 3493 nepotum
984 3416 1141 3477 occidatur.
1180 3419 1294 3478 Deinde
1310 3428 1431 3479 aestue-

73 3512 141 3564 ruut
165 3503 241 3563 odiis
263 3507 387 3578 mutuis,
410 3507 489 3564 inere
512 3508 709 3580 sanguinarii,
733 3503 881 3576 crudeles,
905 3505 1039 3580 superbi,
1063 3505 1163 3576 invidi,
1189 3508 1239 3582 qui
1262 3523 1315 3565 uec
1337 3509 1431 3585 ipsius

74 3592 130 3652 Dei
153 3592 284 3651 levorem
308 3595 432 3652 invicem
456 3592 595 3667 gratulati
618 3600 685 3651 sunt
709 3599 760 3651 aut
783 3608 879 3667 aequo
903 3594 1001 3651 animo
1023 3592 1215 3668 reliquerunt,
1249 3590 1327 3669 quod
1358 3594 1428 3653 hor-

73 3678 158 3737 ribile
183 3678 263 3737 dictu
281 3687 334 3738 est.
373 3680 464 3755 Atqui
479 3697 533 3738 uos
550 3688 656 3753 tamen,
681 3696 747 3739 cum
762 3682 892 3737 omniurn
908 3680 1095 3739 infensissimi
1110 3696 1211 3738 sumus
1227 3680 1314 3752 hosti,
1340 3683 1430 3740 vitam

73 3774 172 3826 tamen
195 3774 344 3825 aeternam
366 3766 409 3824 illi
432 3775 584 3844 optamns3
613 3774 644 3824 at
667 3766 776 3826 Cainus
800 3767 923 3826 Abelem
946 3775 1114 3842 propterea,
1140 3766 1218 3842 quod
1241 3768 1306 3827 Deo
1329 3777 1429 3844 gratus

75 3862 161 3924 esset,
186 3853 301 3912 occidit.
341 3853 426 3912 Adde
441 3857 571 3929 impuras
585 3853 732 3924 libidines,
756 3854 882 3913 nefarios
897 3855 1077 3926 concubitus,
1097 3853 1301 3927 helluatioues,
1316 3872 1432 3915 cornes-

73 3944 204 4000 satioues
227 3943 341 4013 nimias,
369 3940 406 4000 de
429 3942 538 4016 quibus
560 3940 627 3999 illos
650 3940 784 4000 Christus
807 3940 924 4017 (Matth.
950 3939 1014 4006 22.)
1036 3948 1068 3999 nt
1091 3949 1120 4000 et
1143 3941 1242 4001 Moses
1266 3938 1358 4022 (Gen.
1384 3938 1429 4024 4.)

74 4043 132 4086 nou
157 4028 280 4087 obscure
303 4035 444 4087 accusant
466 4044 644 4103 causamque
667 4027 770 4086 diluvii
792 4027 850 4086 hue
868 4027 1026 4088 conferunt.
1067 4027 1203 4088 Omnium
1228 4036 1327 4088 antem
1349 4038 1431 4088 atro·
1540 4037 1552 4057 ·

74 4117 222 4174 ciseimum
245 4116 314 4186 suit,
343 4115 421 4190 quod
445 4118 473 4172 iu
498 4119 561 4191 ipso
585 4122 743 4190 conspectu
767 4115 823 4173 Dei
846 4121 944 4174 tamen
967 4133 1025 4174 non
1048 4126 1125 4175 recte
1149 4115 1185 4176 de
1209 4132 1244 4175 eo
1267 4123 1429 4190 senserunt,

74 4201 127 4261 sed
150 4201 245 4261 cultus
266 4201 411 4261 humanos
435 4218 493 4263 nou
517 4206 612 4263 minus
634 4210 724 4277 atque
740 4201 828 4261 hodie
844 4201 1052 4263 conduxerunt.
1092 4202 1170 4263 Hinc
1183 4210 1237 4277 eat,
1261 4204 1340 4278 quod
1357 4203 1430 4262 Cain

73 4290 172 4365 fruges
194 4289 293 4359 affert,
323 4290 450 4365 injussus
472 4293 591 4366 utique,
622 4289 697 4349 Abel
721 4297 819 4348 autem
842 4288 986 4364 pecudes,
1019 4289 1122 4349 doctus
1145 4308 1184 4349 sc.
1208 4308 1227 4349 a
1251 4290 1323 4349 Deo.
1369 4291 1431 4350 Nee

72 4395 101 4435 n.
127 4377 241 4450 irnges,
274 4377 325 4434 sed
349 4376 476 4451 pecudes
499 4378 645 4436 Christum
669 4376 891 4449 adumbrarunt,
922 4383 951 4436 et
972 4376 1069 4452 fruges
1091 4379 1121 4434 in
1144 4377 1308 4437 subsidium
1331 4395 1430 4439 sacer·
1514 4396 1517 4403 ⁴

74 4462 176 4522 dotum
199 4464 385 4539 postmodum
410 4464 573 4523 offerendae
597 4472 688 4535 crant,
712 4481 769 4523 non
795 4480 863 4521 rere
887 4462 1059 4523 adolendos.

179 4549 277 4625 Atque
300 4551 368 4611 iude
391 4559 489 4612 tamen
512 4554 647 4612 exstitere
673 4568 781 4610 causae
808 4549 939 4609 odiorum
963 4552 1037 4609 inter
1052 4552 1155 4609 iratres
1170 4558 1259 4626 atque
1274 4560 1430 4627 persecuta

74 4644 120 4695 est
142 4636 268 4696 ecelesia
290 4638 367 4697 salsa
389 4656 498 4698 veram.
543 4638 621 4698 Hinc
644 4639 719 4696 enirn
744 4645 797 4708 est,
821 4635 900 4711 quod
916 4654 980 4715 cap.
1001 4640 1028 4698 6.
1051 4636 1124 4698 Gen.
1149 4644 1242 4697 totum
1265 4656 1358 4714 genus
1373 4638 1430 4698 ho-

74 4725 184 4782 minum
208 4723 348 4784 dividitur
370 4728 400 4783 in
423 4725 499 4785 filios
522 4726 579 4786 Dei
602 4733 631 4785 et
653 4725 802 4783 hominnm
818 4757 859 4768 —
876 4720 1048 4786 idritiiubtr.
1087 4724 1160 4784 Cum
1180 4742 1249 4800 ergo
1265 4725 1428 4800 videamus,

73 4811 132 4872 hoo
153 4828 219 4872 esee
242 4815 391 4890 ingenium
413 4814 564 4874 hominum
586 4811 654 4872 inde
675 4810 714 4871 ab
733 4821 800 4873 ortu
815 4829 910 4874 rernm
925 4814 1063 4890 omnium,
1085 4830 1123 4873 ne
1138 4814 1260 4874 nimium
1274 4830 1430 4889 queremur
