3284 5520
139 300 203 368 184
270 324 276 335 ·
639 298 775 371 Tycbnuis
793 297 1004 370 nypsmplrtsr

137 478 300 539 rationibus
324 477 467 540 hactenns
489 494 561 539 usus
583 485 653 552 erat,
678 484 712 538 ut
732 476 951 557 probabilibus3
974 478 1128 539 nuucboc
1149 480 1281 556 ingressu
1305 475 1396 557 iacto,
1418 476 1499 553 qnod

139 573 184 627 est
212 567 242 623 in
264 568 337 642 ipsis
359 568 557 627 necessarium
580 570 749 626 banasumit
771 574 804 626 ut
826 573 895 626 ante
917 565 1147 627 demonstratum
1169 565 1209 626 ed
1232 566 1500 626 demonstrationes

138 655 336 730 necessarias3
360 662 503 715 cometam
527 657 604 714 enim
627 673 664 716 ex
686 671 722 715 eo
744 655 851 731 probat
872 671 962 731 supra
978 654 1093 714 Lunam
1114 655 1214 728 luisse,
1239 654 1310 731 qnia
1331 651 1498 730 parallaxin

139 740 188 802 rel
210 739 321 801 nullam
335 740 480 815 habuerit,
504 742 552 801 vel
575 744 640 818 ipsa
655 742 741 802 Luna
762 744 912 802 minorem.
952 741 1120 803 Parallaxin
1138 758 1209 802 vern
1231 740 1343 801 nullam
1359 739 1499 800 babuisse

138 829 244 907 probat
259 846 295 889 ex
315 847 360 902 eo,
384 832 456 906 quia
471 830 526 888 sub
543 829 651 889 circuio
674 847 781 906 magno
797 831 955 900 incesserit,
979 828 1059 906 quod
1076 847 1110 889 ex
1129 846 1163 889 co
1180 831 1234 889 init
1256 829 1499 901 demonstratum,

140 918 210 992 quia
225 932 310 975 arcus
334 933 434 978 omues
452 919 481 974 in
504 915 580 976 idem
604 916 758 994 eclipticas
773 926 915 994 puuctum
937 917 1040 977 eodem
1056 908 1177 994 angulo,
1201 915 1239 977 ad
1252 933 1358 978 sensus
1381 915 1500 976 subtili-

140 1009 231 1064 tatem
253 1006 422 1078 examinati,
445 1003 564 1064 tendere
586 1006 742 1095 auuturisi.

245 1111 274 1166 t.
304 1108 399 1168 Instat
421 1107 520 1185 Scipio
543 1116 572 1169 et
595 1108 805 1184 consequentia
828 1107 981 1185 principali
1004 1123 1152 1181 concessa,
1175 1114 1209 1166 ut
1230 1124 1284 1184 par
1306 1114 1351 1167 cst
1376 1108 1501 1185 (invicta

19 1198 23 1204 ’
141 1195 219 1254 enim
242 1191 310 1273 est),
338 1195 500 1272 parallaxin
524 1213 577 1256 seu
601 1194 657 1255 loci
680 1197 924 1273 permutationem
946 1195 1003 1255 sub
1024 1193 1090 1254 fixis
1112 1196 1217 1254 asserit
1239 1212 1256 1254 e
1278 1197 1441 1267 contrario,
1465 1212 1501 1254 ex
1546 1241 1552 1252 .

141 1281 272 1358 eoquod
294 1300 352 1343 non
367 1284 423 1343 sub
447 1281 554 1343 circulo
570 1285 696 1343 maximo
720 1290 836 1342 cometa
851 1284 1010 1343 incesserit.
1048 1283 1100 1341 Ait
1115 1284 1203 1356 enlm,
1226 1299 1258 1343 se
1282 1280 1501 1344 demonstrasse

142 1385 178 1429 cx
209 1371 341 1447 ipsismet
371 1371 644 1445 observationibus,
678 1379 809 1430 cometae
832 1377 943 1429 motum
965 1370 1057 1431 luisse
1080 1370 1285 1446 irregularem,
1317 1372 1368 1446 qui
1393 1368 1442 1430 rel
1465 1387 1501 1429 ex

140 1455 272 1534 pluribus
287 1458 413 1518 arcubus
428 1458 554 1536 plurium
569 1460 771 1532 maximorum,
786 1461 817 1516 in
832 1457 904 1517 locis
919 1456 1006 1534 longe
1022 1456 1133 1517 dissitis
1148 1457 1314 1535 eclipticam
1328 1459 1501 1531 secantium,

142 1545 317 1620 constiterit,
350 1547 398 1606 rel
422 1548 512 1606 etiam
534 1554 683 1606 tortuosus
706 1546 793 1606 luerit
814 1552 844 1606 et
866 1544 896 1603 id
920 1545 1038 1621 quidem
1059 1543 1180 1604 alteruis
1203 1544 1407 1605 curvitatibus.
1455 1544 1503 1605 lta

141 1630 241 1708 Scipio
256 1631 427 1711 Tycbouem
450 1651 515 1694 sese
529 1636 708 1694 munientem
730 1639 799 1693 ante
816 1632 1020 1694 demonstratis
1037 1639 1239 1711 oppugnatum
1260 1635 1284 1691 it
1303 1639 1372 1692 aute
1395 1632 1503 1692 conlu-

141 1721 211 1777 tatis
233 1717 282 1779 vel
298 1723 392 1797 quasi.
432 1721 495 1798 ligo
512 1720 630 1797 quidem
653 1723 775 1780 minanti
792 1720 911 1781 obviam
934 1737 969 1780 eo
993 1737 1029 1780 ex
1044 1728 1112 1779 ante
1135 1719 1256 1780 defenso
1279 1719 1336 1779 boc
1349 1718 1503 1797 'l'yeboms

142 1806 366 1883 oppugnaculo,
399 1824 454 1867 nec
477 1807 609 1886 pluribus
633 1809 729 1868 verbis
752 1825 827 1884 opus
851 1816 910 1882 est,
944 1806 1010 1867 curri
1032 1824 1069 1867 ue
1092 1809 1156 1885 ipsc
1179 1806 1298 1884 quidem
1320 1806 1397 1866 ultre
1420 1807 1503 1866 altir-

141 1895 301 1953 mationem
314 1895 527 1972 progrediatur.
565 1894 710 1956 Videatur
724 1897 813 1972 igitur
835 1903 935 1954 nostra
952 1894 1085 1955 velitatio
1109 1897 1185 1955 circs
1201 1897 1343 1955 rationem
1366 1896 1503 1970 primam.

247 1997 276 2056 3.
307 1996 386 2057 Illud
414 1998 510 2058 solum
538 1999 631 2075 addo,
665 1997 832 2076 Scipionem
860 1997 909 2057 hic
936 1997 1109 2058 insolentius
1131 1997 1266 2075 gloriari,
1299 2014 1389 2074 quam
1411 2015 1505 2073 supra

143 2081 316 2145 concludere
340 2085 394 2144 lult
415 2103 515 2145 ausus.
560 2087 606 2147 lbi
631 2088 707 2147 euim
730 2084 810 2163 quod
832 2085 934 2165 Tycbo
958 2104 1016 2145 esse
1038 2086 1112 2145 dixit
1134 2093 1163 2145 ct
1186 2085 1413 2156 demonstrarit,
1438 2087 1504 2162 ipse

143 2177 298 2231 contentus
319 2172 383 2247 luit,
403 2191 575 2249 possenna
597 2192 655 2234 csse
678 2174 871 2248 contendere3
895 2182 926 2233 at
947 2191 985 2234 ne
1006 2174 1063 2233 hoc
1086 2171 1204 2249 quidem
1228 2174 1362 2246 obtinuit,
1385 2173 1441 2230 nisi
1467 2172 1505 2231 de

143 2276 173 2319 re
201 2259 397 2320 minutissima
428 2269 458 2321 et
485 2261 573 2339 plane
602 2261 794 2322 contemtibili
822 2278 874 2339 per
897 2270 989 2321 totam
1012 2261 1237 2334 astronomiam,
1272 2259 1309 2320 de
1332 2277 1392 2335 qua
1414 2277 1504 2320 nemo

142 2345 300 2421 contendit,
325 2354 356 2407 at
378 2365 455 2408 nuuc
478 2348 526 2409 bic
544 2351 639 2429 Jactat
660 2366 692 2409 se
716 2347 931 2409 demonstrasse
953 2366 1018 2408 non
1040 2365 1099 2407 case
1120 2347 1300 2425 simpliciter.

249 2453 279 2511 4.
308 2451 367 2513 Sed
382 2457 529 2531 geminam
551 2455 622 2515 iacit
637 2454 736 2534 Scipio
759 2456 882 2533 primam
905 2453 981 2514 banc
997 2455 1176 2514 instantiam.
1215 2451 1317 2531 Tycbo
1342 2453 1420 2513 enim
1444 2469 1506 2512 non

77 2580 81 2593 .
143 2545 257 2599 tantum
293 2556 328 2600 ex
357 2540 514 2603 identitate
548 2542 649 2603 circuli
684 2544 821 2613 maximi,
860 2540 913 2602 sed
945 2543 1033 2601 etiam
1064 2559 1100 2600 ex
1132 2540 1280 2617 aequabili
1311 2538 1506 2602 admeusioue

142 2628 311 2704 portionum
333 2629 493 2689 visibilium
516 2632 602 2689 unius
625 2630 720 2689 diurni
739 2629 776 2689 ad
800 2629 889 2689 boras
912 2629 971 2689 diei
994 2628 1182 2702 demonstrat,
1207 2634 1349 2688 cometam
1373 2629 1506 2689 caruime

143 2712 297 2792 parallaxi.
336 2714 384 2775 Ad
407 2717 484 2779 banc
506 2734 576 2778 vero
600 2715 878 2777 demonstrationem
899 2710 1123 2777 adsciscendum
1147 2717 1203 2792 ipsi
1225 2715 1280 2774 luit
1303 2723 1332 2775 et
1355 2714 1411 2775 boc
1435 2724 1507 2779 ante

144 2800 389 2877 demonstratum,
422 2811 554 2881 cometae
584 2813 696 2864 motum
727 2807 822 2864 visum
852 2813 882 2864 et
909 2806 953 2864 sie
982 2805 1071 2864 etiam
1100 2821 1216 2877 rerum,
1250 2801 1349 2880 quoad
1371 2804 1507 2880 integros

145 2887 282 2965 diurnos,
315 2890 406 2951 luisse
437 2891 594 2954 celeritatis
624 2892 778 2953 ordinatim
807 2892 988 2951 remittentis.
1034 2891 1101 2951 Hoc
1130 2892 1207 2951 anim
1237 2888 1437 2950 demonstrato
1468 2889 1507 2952 de

145 2978 214 3035 totis
243 2976 372 3052 diurnis,
402 2979 466 3055 jam
496 2996 587 3038 causa
614 2977 697 3038 nulla
727 2988 788 3052 cst,
821 2996 873 3039 cur
899 2996 958 3038 non
987 2978 1085 3040 valeat
1115 2979 1204 3039 otiam
1232 2975 1268 3038 de
1290 2979 1378 3037 unius
1405 2977 1508 3038 diurni

144 3063 278 3141 partibus
299 3081 352 3125 seu
375 3064 412 3125 de
434 3065 559 3125 horariis
583 3067 669 3125 veris.

251 3167 280 3226 5.
311 3166 423 3246 Scipio,
448 3178 480 3228 ut
503 3169 560 3229 boc
581 3171 687 3247 eripiat
708 3168 858 3248 Tychoni,
881 3168 1013 3229 horarios
1038 3179 1122 3230 veros
1144 3170 1221 3228 intra
1243 3185 1333 3228 unam
1355 3167 1435 3229 diem
1457 3168 1508 3230 vel

148 3255 288 3331 aequales
304 3253 394 3316 luisse
417 3256 465 3316 vel
487 3259 518 3316 in
541 3257 725 3317 decremento
748 3259 886 3317 continuo
910 3266 940 3317 ct
961 3255 1120 3333 aequabili,
1143 3259 1185 3316 ait
1207 3272 1239 3315 se
1256 3254 1421 3330 deduxisse,
1446 3274 1507 3317 uon

147 3342 237 3401 luisse
263 3342 482 3419 regularitatem
504 3347 643 3421 temporis
674 3346 704 3402 in
733 3344 844 3404 diurnis
870 3343 1128 3422 proportionalem.
1171 3342 1305 3405 Deduxit
1326 3360 1411 3416 saue,
1444 3362 1507 3404 nou

148 3429 313 3491 decrevisse
336 3429 455 3491 diurnos
478 3439 653 3509 apparentes
676 3433 705 3489 iu
728 3435 915 3508 proportione
930 3433 1143 3509 sesquiquinta,
1165 3438 1198 3490 st
1218 3448 1277 3489 uon
1301 3429 1429 3504 deducit,
1453 3449 1508 3491 eos

147 3533 205 3577 nou
235 3517 324 3576 luisse
356 3517 514 3580 celeritatis
543 3519 675 3579 ordinata
704 3528 734 3579 et
761 3521 898 3579 continue
925 3520 1107 3580 remittentis.
1153 3517 1210 3578 Illa
1232 3517 1408 3579 deductione
1430 3519 1507 3579 nibil

148 3605 205 3663 luit
227 3620 316 3681 opus3
339 3604 396 3665 hoc
419 3623 478 3665 non
494 3606 629 3680 deducto,
653 3612 712 3666 stat
733 3606 945 3667 firmamentum
961 3607 1111 3684 Tycbonis
1134 3608 1219 3682 eique
1244 3608 1370 3665 innitens
1393 3609 1508 3667 coinci-

147 3690 247 3751 dentia
277 3691 385 3751 horarii
413 3695 470 3753 visi
501 3702 531 3754 et
560 3697 621 3753 reri
643 3702 705 3754 tam
727 3701 880 3769 accurata,
913 3702 946 3753 ut
967 3693 1131 3770 parallaxin
1154 3693 1248 3753 lunari
1272 3693 1428 3770 aequalem
1451 3712 1508 3755 ex·

147 3776 256 3853 cludat,
280 3780 331 3838 rix
355 3781 524 3842 vicesimam
547 3781 657 3841 lunaris
680 3789 791 3860 partem
814 3781 969 3859 relinquat.

255 3883 283 3945 6.
313 3882 372 3943 Sed
400 3884 481 3945 aliud
503 3886 603 3964 Scipio
632 3888 674 3945 ait
702 3887 840 3962 subesse,
873 3885 952 3963 quod
980 3887 1112 3963 superius
1135 3902 1194 3945 uon
1217 3885 1379 3946 deduxerit.
1426 3885 1508 3963 Quid

147 3968 246 4029 iltuot
278 3969 359 4029 Nihil
383 3975 453 4032 certi
477 3975 520 4033 ait
541 3975 726 4052 pronunciari
749 3991 846 4051 posse,
870 3973 994 4033 tueritne
1018 3975 1161 4033 enormior
1184 3973 1286 4049 aliqua
1308 3975 1508 4051 inaequalitas

148 4058 315 4120 velocitatis
339 4067 368 4118 et
391 4059 537 4120 tarditatis
559 4063 741 4138 temporibus
765 4064 839 4121 inter
861 4069 1010 4121 momenta
1033 4062 1191 4121 observata
1214 4062 1402 4121 intermediis.
1442 4063 1507 4140 ligo

147 4164 219 4208 vero
246 4146 303 4206 hoc
331 4163 449 4224 quoquc
477 4149 539 4223 jnrn
567 4167 656 4227 supra
683 4149 856 4210 ventilatum
886 4166 949 4210 esse
979 4165 1090 4207 memor
1116 4165 1189 4207 sum.
1236 4148 1294 4208 Sed
1323 4151 1509 4210 examinetur

148 4236 222 4296 baec
245 4237 387 4312 exceptio,
411 4242 444 4294 ut
463 4252 551 4295 nora.
590 4236 657 4297 Hoc
679 4236 744 4298 vult
767 4236 871 4310 dicere,
894 4239 919 4296 sl
942 4238 1068 4296 maxime
1091 4233 1157 4295 loca
1179 4243 1320 4310 cometae,
1343 4238 1373 4294 in
1396 4238 1507 4313 quibus

149 4329 193 4383 ost
208 4324 291 4381 risus
314 4322 353 4381 ad
367 4322 456 4396 horas
480 4326 681 4384 continuorum
699 4323 819 4398 dierum,
844 4325 951 4385 distare
967 4322 1150 4400 deprebensa
1173 4327 1233 4382 sint
1254 4325 1380 4384 arcubus
1402 4325 1507 4384 ordine

149 4410 400 4485 decrescentibus,
434 4418 465 4470 at
495 4411 565 4488 quid
598 4412 722 4471 diversis
755 4413 841 4471 unius
872 4412 930 4472 diei
961 4412 1042 4471 horis
1073 4412 1112 4470 sit
1141 4411 1268 4485 lactum,
1302 4410 1331 4469 id
1362 4414 1507 4488 ignorari;

56 4550 61 4560 .
149 4498 320 4576 'lycbomm
342 4514 413 4559 rere
432 4515 596 4576 supponere
619 4516 651 4558 se
673 4498 730 4559 boc
745 4501 828 4574 scire,
851 4509 1006 4578 propterea
1030 4498 1153 4558 diversis
1175 4498 1254 4558 boris
1278 4499 1412 4559 admetiri
1435 4518 1507 4560 suos

150 4602 235 4648 arcus
263 4585 365 4646 eadem
392 4589 596 4664 proportione,
630 4603 718 4663 quam
748 4588 916 4663 suppeditet
944 4589 1094 4664 proportio
1118 4586 1287 4646 diurnorum
1309 4589 1505 4664 integrorum:

150 4678 192 4735 ita
213 4672 383 4751 Tychouem
406 4691 521 4735 sumere
543 4676 714 4735 inconcessa
736 4672 859 4734 necdum
882 4674 1088 4735 demonstrata

256 4762 285 4817 t.
313 4758 392 4845 Quid
410 4760 449 4821 ad
470 4761 544 4822 baec
558 4762 636 4840 egoi
658 4761 859 4825 Subtilitatem
872 4780 943 4824 sane
965 4777 1094 4839 agnosco
1118 4770 1148 4823 et
1169 4779 1293 4824 acumen
1316 4766 1504 4844 opponentis,
