3284 5520
457 329 500 387 Ad
517 328 614 386 librum
632 331 668 386 ll.
690 331 903 401 Anti-Tyohonis
922 346 982 402 cap.
1002 333 1027 388 i.
1356 332 1418 399 171

57 510 192 583 materia,
217 516 348 571 centrum
371 511 484 569 eminus
505 508 583 569 limis
607 510 700 569 oculis
722 513 885 589 inspectare
901 513 1031 589 eogitar3
1055 512 1104 570 vir
1118 510 1209 572 semel
1226 513 1311 571 unico
1329 514 1420 571 totius

58 595 224 658 durationis
247 597 294 657 die
317 605 474 659 consecuta
496 597 552 657 boo
575 605 629 671 est,
652 605 685 657 ut
708 600 737 657 in
760 600 1008 674 aequinoctialem
1032 598 1153 675 delapsa
1169 606 1298 660 centrum
1315 600 1419 659 obser-

58 692 143 744 varet
166 686 197 743 in
221 688 400 746 circumactu
424 685 536 745 diurno.
583 684 725 762 Adeoque
747 689 772 746 si
796 705 832 747 ex
855 690 972 764 ingenio
997 686 1132 765 ponderis
1155 687 1270 761 accidit,
1295 693 1328 744 ut
1350 695 1418 746 tan·

58 770 133 846 dem,
158 774 189 831 iu
212 780 401 850 aequatorem
423 772 536 833 scilicet
557 791 624 832 cum
638 777 777 848 venisset,
800 775 856 834 hoc
879 782 1113 852 consequeretur,
1138 792 1188 833 eur
1210 791 1321 850 quaeso
1346 791 1421 833 eon·

58 858 202 919 ditionem
223 877 284 920 uon
306 861 447 921 retinuit?
470 877 520 920 our
542 860 620 920 ultra
641 864 766 937 perrexit
789 865 818 919 in
841 863 964 923 circulos
981 865 1146 938 superiores
1161 879 1276 939 semper
1291 864 1419 922 minores

57 948 247 1024 minoresque
268 965 334 1008 sese
356 949 484 1024 ejiciens,
508 955 636 1008 centrum
661 951 764 1008 iterum
787 948 945 1009 deserens?
973 950 1049 1008 Nam
1073 969 1090 1009 a
1112 952 1224 1027 tropico
1247 948 1416 1025 Capricorni

58 1043 138 1094 tram
161 1043 354 1112 aequatorem
376 1038 406 1093 in
428 1037 570 1112 tropicum
595 1035 698 1095 Cancri
723 1044 853 1097 cometae
878 1039 932 1097 iter
951 1037 1100 1113 proprium
1115 1036 1213 1109 inisse,
1238 1038 1267 1093 in
1285 1037 1419 1096 coniesso

59 1128 111 1182 est
160 1122 248 1183 Certe
275 1122 412 1200 equidem
438 1140 473 1182 ex
502 1122 690 1183 inclinatione
720 1123 846 1184 naturali
873 1126 996 1183 matoria
1018 1124 1128 1184 circuio
1152 1132 1218 1183 acta
1240 1123 1319 1183 hunc
1342 1126 1420 1184 circa

59 1216 191 1270 centrum
214 1227 273 1270 uon
295 1209 456 1282 ordinavit,
479 1226 569 1270 causa
591 1209 664 1269 hace
687 1210 769 1270 nulla
791 1219 849 1286 cst,
880 1229 931 1271 cur
953 1212 1119 1271 sublunaris
1144 1218 1259 1270 cometa
1281 1211 1336 1270 sub
1360 1215 1418 1271 oir-

61 1296 125 1356 culo
149 1315 259 1375 magno
282 1305 339 1371 eat,
362 1297 459 1357 adbuc
479 1315 532 1374 per
546 1298 712 1374 Scipionem
736 1299 862 1373 quidem,
887 1301 995 1375 quippe
1019 1298 1135 1374 dejecta
1156 1298 1244 1373 hujus
1260 1301 1418 1359 instantiae

61 1386 147 1458 turri,
179 1391 240 1444 stat
268 1388 458 1445 inconcussus
486 1403 585 1445 murus
613 1387 775 1445 sententiae
803 1405 855 1463 per
877 1404 909 1445 se
932 1386 1043 1445 clarae:
1075 1386 1105 1445 id
1129 1386 1208 1461 quod
1230 1387 1285 1445 sub
1309 1386 1418 1447 circulo

61 1489 168 1547 magno
191 1479 285 1533 totum
310 1489 425 1532 cursum
448 1471 571 1548 ordinat,
594 1489 683 1549 supra
708 1472 820 1534 hunam
844 1490 917 1533 esse.
956 1473 1017 1532 Nec
1038 1474 1105 1546 mei,
1130 1480 1162 1531 ut
1180 1476 1418 1549 propugnatoris,

61 1566 159 1636 partes
182 1566 260 1633 sunt,
285 1560 436 1620 ostendere
460 1562 534 1620 muri
557 1561 645 1636 hujus
667 1562 740 1619 vitia
762 1562 809 1620 vel
833 1560 1071 1632 imbecillitatem,
1096 1568 1232 1637 exspecto
1257 1563 1331 1620 ictus
1347 1561 1420 1620 reli-

62 1663 146 1723 quos,
170 1647 232 1707 scio
255 1650 392 1725 temporis
408 1651 650 1725 opportunitates,
675 1646 792 1724 quando
815 1666 861 1707 me
885 1666 921 1708 ex
944 1649 1007 1724 ejus
1030 1650 1122 1721 ruina,
1146 1650 1171 1707 si
1191 1647 1347 1706 metuenda
1363 1657 1417 1722 cst,

56 1737 91 1813 'in
112 1742 181 1794 tuta
202 1736 356 1811 recipiam,
379 1737 453 1810 scio,
483 1752 559 1813 quae
582 1736 625 1793 illi
647 1734 829 1795 firmamenta
851 1754 887 1796 ex
909 1735 1109 1813 parallaxibus
1132 1734 1285 1811 adjiciam,
1309 1736 1419 1812 quibus

63 1825 148 1882 uirus
169 1829 282 1898 perstet
303 1824 438 1881 invictus.

166 1911 218 1970 12.
255 1909 386 1969 Transeo
409 1909 447 1973 ad
469 1910 593 1970 alterum
617 1909 806 1969 Glaramontii
830 1916 976 1981 conatum,
1001 1926 1059 1984 quo
1083 1911 1183 1968 nititur
1198 1911 1340 1968 incertum
1356 1910 1418 1969 sal-

63 2002 118 2054 tem
140 1995 265 2070 efficere,
289 2014 327 2056 ue
349 2014 400 2075 per
422 1998 620 2057 demonstrata
642 1996 813 2075 'lychonica
836 2015 976 2073 cogamur
992 1999 1109 2056 omuino
1124 1998 1261 2073 recipere,
1285 2005 1417 2058 cometae

63 2099 177 2142 cursum
205 2084 261 2143 sub
290 2083 399 2145 circulo
429 2103 536 2162 magno
564 2086 662 2144 inisse.
707 2084 836 2143 Primum
859 2084 909 2143 ille
933 2102 998 2144 cum
1020 2085 1134 2143 ratione
1157 2083 1307 2161 Tychonis
1331 2081 1419 2166 (qnia

64 2172 189 2229 omnium
218 2171 282 2246 ejus
312 2179 485 2248 punctorum
516 2172 619 2232 eadem
649 2172 800 2231 inclinatio
831 2172 868 2231 ad
900 2172 1065 2249 eclipticam
1093 2166 1164 2250 iuit)
1194 2172 1331 2232 velitatur
1358 2172 1418 2231 levi

64 2257 180 2331 proelio,
205 2258 362 2318 cavillatus
386 2256 579 2337 ra'avpoioymg
601 2259 766 2333 nonnullas,
790 2276 856 2317 cum
879 2262 950 2335 ipse,
975 2260 1024 2334 qui
1047 2259 1103 2317 hoc
1126 2260 1213 2317 toties
1236 2261 1263 2317 in
1284 2258 1416 2335 Magino,

66 2347 91 2401 in
111 2344 254 2423 Tychone
282 2346 482 2424 reprehendit,
512 2349 678 2422 frequenter
705 2346 807 2406 codem
836 2349 970 2417 crimine,
1002 2348 1026 2404 oi
1050 2347 1158 2405 crimen
1181 2354 1241 2418 est,
1272 2354 1416 2406 teneatur.

66 2431 126 2490 Hoc
149 2440 213 2493 erat
234 2435 434 2509 ingenuitatis,
459 2438 519 2494 vim
541 2434 744 2493 affirmationis
767 2433 852 2492 claris
877 2435 987 2504 verbis,
1011 2434 1035 2490 si
1059 2432 1229 2508 Tychonica
1252 2451 1310 2491 nou
1333 2434 1417 2492 suifi-

68 2520 157 2593 eiuut,
191 2521 361 2597 exprimere.
406 2521 473 2581 Hoc
502 2524 551 2597 ajo
574 2521 743 2598 Tychoncm
768 2522 904 2597 probare:
936 2538 988 2595 per
1011 2535 1203 2597 quaeeunque
1228 2519 1285 2579 duo
1308 2529 1418 2597 puncta

68 2624 160 2665 cursus
184 2615 317 2667 cometae
340 2611 508 2685 apparentis
529 2608 615 2668 simul
640 2617 669 2669 et
691 2627 743 2684 per
760 2616 890 2667 centrum
905 2607 1047 2682 sphaerae
1064 2607 1183 2684 planum
1200 2616 1313 2683 agatur,
1337 2626 1416 2669 sem-

68 2693 210 2769 peridem
233 2694 352 2771 planum
375 2712 449 2770 esse,
474 2714 568 2772 eoque
592 2704 621 2756 et
642 2698 802 2755 sectionem
825 2696 905 2770 plani
929 2695 1016 2770 hujus
1040 2697 1202 2753 continuati
1226 2703 1255 2755 ct
1274 2696 1416 2773 sphaerae

68 2782 185 2841 crtimae
207 2798 322 2858 semper
345 2783 468 2844 eundem
492 2802 556 2845 esse
579 2784 718 2843 circulum
741 2785 915 2854 maximum,
939 2799 1068 2858 semper.
1092 2782 1149 2841 hoc
1171 2790 1216 2841 est
1240 2784 1269 2839 iu
1292 2784 1416 2859 singulis

69 2875 233 2943 punctorum
255 2871 342 2944 bigis,
366 2871 469 2931 eodem
493 2872 600 2947 angulo
624 2870 787 2947 eclipticam
810 2886 911 2929 secare
934 2868 1007 2928 locis
1029 2867 1144 2932 iisdem.

165 2958 215 3017 13.
254 2954 332 3030 Quid
356 2962 400 3017 vis
415 2959 468 3017 tibi
484 2957 581 3035 Scipio
598 2976 664 3018 cum
678 2958 926 3029 inclinationibus,
951 2964 1111 3034 quaesunt
1127 2958 1200 3015 inter
1216 2957 1340 3016 circulos
1356 2974 1414 3016 uon

70 3043 225 3102 maximos?
249 3044 304 3103 Vis
320 3043 575 3105 demonstrationis
599 3064 649 3122 per
671 3047 741 3106 bina
763 3062 898 3120 quaeque
920 3051 1030 3120 puncta
1052 3061 1153 3103 cursus
1173 3047 1340 3121 apparentis
1357 3047 1415 3104 cir·

70 3128 154 3188 culum
178 3130 269 3203 ducit,
291 3134 407 3190 nonnisi
432 3136 599 3204 maximum,
623 3133 696 3191 nrrlli
719 3134 766 3192 hic
789 3149 884 3207 neque
906 3133 1039 3207 scriptori
1055 3149 1150 3206 neque
1167 3131 1266 3191 lectori
1284 3135 1313 3189 in
1330 3150 1414 3191 men-

70 3224 117 3274 tem
139 3219 231 3290 venit,
255 3220 414 3295 quicquam
438 3219 518 3279 aliud
535 3221 704 3294 intelligere,
727 3222 784 3277 nisi
800 3238 851 3295 per
868 3218 925 3277 duo
941 3226 1049 3295 puncta
1064 3221 1232 3277 maximum.
1271 3219 1317 3278 Tu
1333 3238 1413 3294 vero,

71 3304 110 3376 qui
129 3303 322 3383 ἀκυρολογιας
344 3307 466 3366 aliorum
490 3308 675 3384 corrigendas
698 3313 798 3384 putas,
826 3306 914 3364 valde
942 3306 991 3364 hic
1013 3305 1142 3380 loqueris
1165 3304 1297 3381 liavpmg,
1327 3311 1415 3366 etiam

71 3391 180 3452 cuculos
203 3393 331 3451 minores
355 3395 490 3453 omnibus
512 3398 573 3453 suis
597 3395 722 3454 arcubus
745 3396 819 3454 tucri
842 3392 965 3453 candem
988 3391 1206 3452 inclinationem
1224 3393 1260 3452 ad
1277 3393 1415 3453 circulum

71 3476 155 3537 uliam.
194 3480 280 3556 Nego
303 3480 355 3539 tibi
380 3481 415 3540 de
437 3484 607 3555 minorihus,
631 3499 708 3557 nego
731 3482 766 3540 do
790 3498 965 3556 quocunque
988 3482 1076 3538 etiam
1099 3482 1218 3539 minoris
1237 3497 1315 3553 arcu,
1340 3499 1416 3556 nego

72 3562 184 3643 denique
209 3566 246 3626 de
269 3568 406 3628 universo
428 3571 545 3643 minori,
574 3577 778 3646 praeterquam
807 3568 842 3627 de
870 3570 957 3626 unico
981 3575 1104 3643 puncto,
1137 3569 1165 3624 in
1190 3585 1248 3641 quo
1272 3572 1417 3629 concurrit

71 3654 201 3713 uiuorum
224 3654 284 3713 alio
307 3653 425 3730 aliquo;
449 3657 513 3732 ejus
536 3659 612 3716 enim
636 3656 727 3715 solius
750 3658 848 3732 puncti
873 3653 1022 3713 inclinatio
1039 3654 1215 3714 considerari
1232 3663 1339 3734 potest,
1362 3674 1416 3716 nec

72 3755 98 3797 ea
115 3740 216 3816 aliter,
246 3741 300 3799 nisi
325 3742 470 3802 mediante
493 3752 585 3817 recta,
617 3762 692 3819 quae
716 3742 854 3803 circulum
878 3744 1017 3801 minorem
1041 3745 1136 3818 tangit
1157 3744 1187 3799 in
1210 3752 1318 3818 puncto
1342 3761 1415 3803 oon·

71 3842 168 3888 eunus.
217 3828 292 3888 Cum
317 3832 500 3890 econtrario
530 3830 725 3891 inclinationis
750 3834 825 3890 inter
852 3846 884 3889 se
907 3831 1099 3888 maximorum
1122 3847 1259 3890 mensura
1282 3830 1329 3890 vel
1353 3833 1415 3891 sine

69 3917 142 3975 rectis
170 3916 362 3993 tangentibus
391 3918 534 3977 habeatur
562 3937 597 3977 ex
626 3936 695 3978 arcu
724 3919 841 3976 maximi
872 3918 964 3989 tertii,
996 3934 1048 3992 per
1070 3916 1155 3994 polos
1179 3917 1302 3977 duorum
1327 3918 1415 3991 ducti,

68 4002 134 4075 quod
158 4004 187 4061 in
211 4006 354 4062 minorum
377 4005 616 4065 inclinationibus
639 4006 735 4065 locum
758 4006 848 4064 habet
870 4006 997 4061 minime.

163 4093 213 4148 14.
252 4090 310 4150 Sed
334 4108 402 4152 ecoe
424 4109 456 4151 sc
472 4095 568 4169 ipsum
584 4096 702 4168 corrigit
716 4101 827 4163 auctor,
850 4092 957 4149 latetur
973 4088 1142 4165 Tychonem
1159 4091 1188 4145 in
1206 4091 1311 4166 aptiori
1327 4105 1414 4147 sensu

67 4177 270 4254 accipiendum.
317 4175 382 4251 Quo
411 4196 481 4238 vero
511 4181 570 4239 eoi
609 4179 674 4254 Quo
705 4180 817 4240 scilicet
845 4181 908 4255 ipse
931 4176 1081 4252 Tychonis
1105 4178 1246 4235 rationem
1269 4178 1415 4250 acceperit

67 4261 107 4321 lib.
127 4264 152 4322 1.
178 4263 229 4324 tol.
257 4265 326 4323 105.
373 4265 409 4323 Et
432 4283 491 4341 quo
513 4267 632 4327 tandem
655 4286 742 4326 sensu
765 4267 864 4341 Scipio
887 4264 1058 4339 Tychonem
1083 4263 1226 4322 intellexit
1247 4261 1313 4321 loco
1337 4262 1411 4322 allo-

66 4350 150 4423 gato?
178 4352 291 4411 Amans
314 4353 378 4425 sim,
402 4353 427 4410 si
450 4361 508 4412 tres
531 4356 620 4413 iuturi
643 4363 719 4425 sunt,
744 4356 793 4429 qui
817 4360 944 4413 mentem
967 4370 1001 4410 ex
1026 4351 1090 4425 ejus
1113 4349 1169 4408 loci
1196 4359 1276 4407 textu
1300 4359 1414 4423 eruant,

66 4439 144 4496 etiam
166 4440 193 4497 si
216 4439 365 4499 cerebrum
388 4440 531 4515 irangant.
569 4442 644 4500 Nam
668 4449 697 4501 et
719 4441 837 4499 schema
852 4439 943 4510 deest,
967 4455 1021 4497 nec
1037 4455 1094 4512 qua
1110 4437 1174 4512 lege
1191 4436 1412 4496 clcacribendum

66 4525 96 4581 sit
115 4523 232 4586 addidit
255 4534 364 4598 auctor,
389 4533 419 4587 et
441 4526 543 4587 literae
566 4530 658 4606 ipsae,
684 4535 716 4587 ut
738 4534 868 4603 apparet,
892 4527 1026 4598 vitiosae,
1052 4525 1176 4600 denique
1199 4529 1297 4581 textus
1320 4526 1413 4583 ontnis

66 4611 213 4687 perplexus
235 4619 289 4672 est.
303 4608 328 4688 ⁴)
365 4612 444 4672 lllud
468 4615 585 4692 quidem
609 4617 809 4692 propositione
833 4613 945 4672 decima
961 4612 1065 4689 capitis
1081 4610 1159 4670 illius
1176 4609 1270 4668 ultimi
1286 4611 1322 4670 de
1339 4612 1413 4670 libro

66 4699 150 4771 primu
172 4701 258 4758 niuiis
281 4699 391 4758 clarum
414 4709 467 4774 est,
492 4711 640 4764 auctorem
661 4706 689 4760 in
707 4718 801 4762 errore
816 4702 991 4773 gravissimo
1007 4702 1126 4771 versari,
1150 4705 1309 4772 contraque
1325 4716 1413 4775 quam

67 4786 253 4865 totoreliquo
276 4788 369 4864 primo
391 4786 467 4848 libro
490 4808 560 4868 prae
582 4808 614 4852 se
629 4791 692 4865 iert,
717 4792 776 4850 vim
792 4804 935 4863 usumque
952 4786 1100 4847 doctrinae
1116 4785 1310 4864 paraliaxium
1326 4789 1412 4863 iguo·
