<?xml version="1.0" encoding="UTF-8"?>
<!DOCTYPE html PUBLIC "-//W3C//DTD XHTML 1.0 Transitional//EN"
    "http://www.w3.org/TR/xhtml1/DTD/xhtml1-transitional.dtd">
<html xmlns="http://www.w3.org/1999/xhtml" xml:lang="en" lang="en">
 <head>
  <title>
</title>
<meta http-equiv="Content-Type" content="text/html;charset=utf-8" />
  <meta name='ocr-system' content='tesseract 3.04.00' />
  <meta name='ocr-capabilities' content='ocr_page ocr_carea ocr_par ocr_line ocrx_word'/>
</head>
<body>
  <div class='ocr_page' id='page_1' title='image "./joanniskepleria07frisgoog_0244.png"; bbox 0 0 3284 5520; ppageno 0'>
   <div class='ocr_carea' id='block_1_1' title="bbox 507 346 1499 420">
    <p class='ocr_par' dir='ltr' id='par_1_1' title="bbox 507 346 1499 420">
     <span class='ocr_line' id='line_1_1' title="bbox 507 346 1499 420; baseline 0 -18"><span class='ocrx_word' id='word_1_1' title='bbox 507 346 549 402; x_wconf 81' lang='lat' dir='ltr'>Ad</span> <span class='ocrx_word' id='word_1_2' title='bbox 566 348 664 402; x_wconf 79' lang='lat' dir='ltr'>lrlrrum</span> <span class='ocrx_word' id='word_1_3' title='bbox 678 349 712 403; x_wconf 89' lang='lat' dir='ltr'>ii.</span> <span class='ocrx_word' id='word_1_4' title='bbox 732 347 946 418; x_wconf 79' lang='lat' dir='ltr'>Anti-Tychonis</span> <span class='ocrx_word' id='word_1_5' title='bbox 958 363 1018 418; x_wconf 86' lang='lat' dir='ltr'>esp.</span> <span class='ocrx_word' id='word_1_6' title='bbox 1031 348 1076 402; x_wconf 85' lang='lat'>21.</span> <span class='ocrx_word' id='word_1_7' title='bbox 1089 348 1131 403; x_wconf 84' lang='lat'>22.</span> <span class='ocrx_word' id='word_1_8' title='bbox 1433 350 1499 420; x_wconf 81' lang='lat'>227</span> 
     </span>
    </p>
   </div>
   <div class='ocr_carea' id='block_1_2' title="bbox 120 524 1498 4789">
    <p class='ocr_par' dir='ltr' id='par_1_2' title="bbox 145 524 1498 1283">
     <span class='ocr_line' id='line_1_2' title="bbox 145 524 1498 603; baseline 0.004 -18"><span class='ocrx_word' id='word_1_9' title='bbox 145 524 359 603; x_wconf 83' lang='lat' dir='ltr'>parallaxibus,</span> <span class='ocrx_word' id='word_1_10' title='bbox 391 542 468 602; x_wconf 88' lang='lat' dir='ltr'>quae</span> <span class='ocrx_word' id='word_1_11' title='bbox 499 542 534 585; x_wconf 81' lang='lat' dir='ltr'>ex</span> <span class='ocrx_word' id='word_1_12' title='bbox 558 525 681 586; x_wconf 85' lang='lat' dir='ltr'>dirersis</span> <span class='ocrx_word' id='word_1_13' title='bbox 704 528 819 587; x_wconf 89' lang='lat' dir='ltr'>situbus</span> <span class='ocrx_word' id='word_1_14' title='bbox 843 535 974 587; x_wconf 88' lang='lat' dir='ltr'>cometae</span> <span class='ocrx_word' id='word_1_15' title='bbox 997 529 1072 587; x_wconf 90' lang='lat' dir='ltr'>intra</span> <span class='ocrx_word' id='word_1_16' title='bbox 1094 543 1181 587; x_wconf 83' lang='lat' dir='ltr'>unani</span> <span class='ocrx_word' id='word_1_17' title='bbox 1205 527 1281 587; x_wconf 91' lang='lat' dir='ltr'>diem</span> <span class='ocrx_word' id='word_1_18' title='bbox 1303 528 1498 590; x_wconf 85' lang='lat' dir='ltr'>animadverti</span> 
     </span>
     <span class='ocr_line' id='line_1_3' title="bbox 145 614 1498 692; baseline 0.004 -20"><span class='ocrx_word' id='word_1_19' title='bbox 145 614 302 690; x_wconf 86' lang='lat' dir='ltr'>potuisset,</span> <span class='ocrx_word' id='word_1_20' title='bbox 326 614 352 672; x_wconf 91' lang='lat' dir='ltr'>si</span> <span class='ocrx_word' id='word_1_21' title='bbox 374 630 435 689; x_wconf 90' lang='lat' dir='ltr'>qua</span> <span class='ocrx_word' id='word_1_22' title='bbox 456 614 576 689; x_wconf 80' lang='lat' dir='ltr'>inisset3</span> <span class='ocrx_word' id='word_1_23' title='bbox 600 614 756 674; x_wconf 79' lang='lat' dir='ltr'><strong>methodus</strong></span> <span class='ocrx_word' id='word_1_24' title='bbox 780 615 929 692; x_wconf 81' lang='lat' dir='ltr'>Tyehorris</span> <span class='ocrx_word' id='word_1_25' title='bbox 953 616 1072 690; x_wconf 76' lang='lat' dir='ltr'>elegans</span> <span class='ocrx_word' id='word_1_26' title='bbox 1095 622 1125 674; x_wconf 88' lang='lat' dir='ltr'>et</span> <span class='ocrx_word' id='word_1_27' title='bbox 1146 614 1353 690; x_wconf 88' lang='lat' dir='ltr'>compendiosa</span> <span class='ocrx_word' id='word_1_28' title='bbox 1376 625 1437 677; x_wconf 90' lang='lat' dir='ltr'>est:</span> <span class='ocrx_word' id='word_1_29' title='bbox 1461 637 1498 678; x_wconf 85' lang='lat' dir='ltr'>ex</span> 
     </span>
     <span class='ocr_line' id='line_1_4' title="bbox 147 700 1498 780; baseline 0.006 -23"><span class='ocrx_word' id='word_1_30' title='bbox 147 700 292 759; x_wconf 75' lang='lat' dir='ltr'>distantiis</span> <span class='ocrx_word' id='word_1_31' title='bbox 315 709 448 760; x_wconf 89' lang='lat' dir='ltr'>cometae</span> <span class='ocrx_word' id='word_1_32' title='bbox 470 719 488 758; x_wconf 93' lang='lat' dir='ltr'>a</span> <span class='ocrx_word' id='word_1_33' title='bbox 511 700 576 759; x_wconf 88' lang='lat' dir='ltr'>iixis</span> <span class='ocrx_word' id='word_1_34' title='bbox 598 701 636 760; x_wconf 92' lang='lat' dir='ltr'>ad</span> <span class='ocrx_word' id='word_1_35' title='bbox 660 701 812 761; x_wconf 89' lang='lat' dir='ltr'>distinctas</span> <span class='ocrx_word' id='word_1_36' title='bbox 836 702 908 761; x_wconf 90' lang='lat' dir='ltr'>duas</span> <span class='ocrx_word' id='word_1_37' title='bbox 931 702 1062 779; x_wconf 87' lang='lat' dir='ltr'>ejusdem</span> <span class='ocrx_word' id='word_1_38' title='bbox 1086 702 1144 761; x_wconf 90' lang='lat' dir='ltr'>diei</span> <span class='ocrx_word' id='word_1_39' title='bbox 1166 702 1253 761; x_wconf 89' lang='lat' dir='ltr'>horas</span> <span class='ocrx_word' id='word_1_40' title='bbox 1275 706 1399 780; x_wconf 89' lang='lat' dir='ltr'>primum</span> <span class='ocrx_word' id='word_1_41' title='bbox 1416 722 1498 765; x_wconf 91' lang='lat' dir='ltr'>com-</span> 
     </span>
     <span class='ocr_line' id='line_1_5' title="bbox 148 787 1498 865; baseline 0.004 -19"><span class='ocrx_word' id='word_1_42' title='bbox 148 789 259 865; x_wconf 84' lang='lat' dir='ltr'>putavit</span> <span class='ocrx_word' id='word_1_43' title='bbox 281 796 415 847; x_wconf 87' lang='lat' dir='ltr'>cometae</span> <span class='ocrx_word' id='word_1_44' title='bbox 438 787 648 848; x_wconf 79' lang='lat' dir='ltr'>declinationes</span> <span class='ocrx_word' id='word_1_45' title='bbox 671 798 701 847; x_wconf 89' lang='lat' dir='ltr'>et</span> <span class='ocrx_word' id='word_1_46' title='bbox 723 792 909 849; x_wconf 72' lang='lat' dir='ltr'>ascensiones</span> <span class='ocrx_word' id='word_1_47' title='bbox 933 798 1040 864; x_wconf 86' lang='lat' dir='ltr'>rectas,</span> <span class='ocrx_word' id='word_1_48' title='bbox 1071 808 1107 848; x_wconf 88' lang='lat' dir='ltr'>cx</span> <span class='ocrx_word' id='word_1_49' title='bbox 1134 789 1180 848; x_wconf 91' lang='lat' dir='ltr'>his</span> <span class='ocrx_word' id='word_1_50' title='bbox 1202 798 1306 865; x_wconf 89' lang='lat' dir='ltr'>postea</span> <span class='ocrx_word' id='word_1_51' title='bbox 1329 790 1498 853; x_wconf 77' lang='lat' dir='ltr'>distantiam</span> 
     </span>
     <span class='ocr_line' id='line_1_6' title="bbox 146 875 1497 940; baseline 0.003 -6"><span class='ocrx_word' id='word_1_52' title='bbox 146 882 272 934; x_wconf 84' lang='lat' dir='ltr'>mutuam</span> <span class='ocrx_word' id='word_1_53' title='bbox 296 876 430 934; x_wconf 89' lang='lat' dir='ltr'>binorum</span> <span class='ocrx_word' id='word_1_54' title='bbox 453 876 555 933; x_wconf 90' lang='lat' dir='ltr'>talium</span> <span class='ocrx_word' id='word_1_55' title='bbox 577 875 709 935; x_wconf 90' lang='lat' dir='ltr'>locorum</span> <span class='ocrx_word' id='word_1_56' title='bbox 732 876 770 935; x_wconf 89' lang='lat' dir='ltr'>ad</span> <span class='ocrx_word' id='word_1_57' title='bbox 794 876 925 935; x_wconf 86' lang='lat' dir='ltr'>diversas</span> <span class='ocrx_word' id='word_1_58' title='bbox 947 878 1043 937; x_wconf 88' lang='lat' dir='ltr'>horas.</span> <span class='ocrx_word' id='word_1_59' title='bbox 1089 876 1163 935; x_wconf 89' lang='lat' dir='ltr'>Nam</span> <span class='ocrx_word' id='word_1_60' title='bbox 1192 877 1265 937; x_wconf 81' lang='lat' dir='ltr'>liaeo</span> <span class='ocrx_word' id='word_1_61' title='bbox 1288 876 1427 938; x_wconf 89' lang='lat' dir='ltr'>distantia</span> <span class='ocrx_word' id='word_1_62' title='bbox 1449 898 1497 940; x_wconf 90' lang='lat' dir='ltr'>ar·</span> 
     </span>
     <span class='ocr_line' id='line_1_7' title="bbox 148 963 1496 1041; baseline 0.003 -19"><span class='ocrx_word' id='word_1_63' title='bbox 148 963 251 1039; x_wconf 75' lang='lat' dir='ltr'>guelrm</span> <span class='ocrx_word' id='word_1_64' title='bbox 273 978 375 1021; x_wconf 74' lang='lat' dir='ltr'>meum</span> <span class='ocrx_word' id='word_1_65' title='bbox 397 965 588 1039; x_wconf 82' lang='lat' dir='ltr'>promotionis</span> <span class='ocrx_word' id='word_1_66' title='bbox 611 973 743 1023; x_wconf 83' lang='lat' dir='ltr'>cornetae</span> <span class='ocrx_word' id='word_1_67' title='bbox 766 974 979 1041; x_wconf 85' lang='lat' dir='ltr'>competentem</span> <span class='ocrx_word' id='word_1_68' title='bbox 993 966 1074 1024; x_wconf 79' lang='lat' dir='ltr'>lieris</span> <span class='ocrx_word' id='word_1_69' title='bbox 1089 963 1265 1040; x_wconf 79' lang='lat' dir='ltr'>interlapsis.</span> <span class='ocrx_word' id='word_1_70' title='bbox 1303 965 1411 1024; x_wconf 90' lang='lat' dir='ltr'>lisdem</span> <span class='ocrx_word' id='word_1_71' title='bbox 1427 984 1496 1026; x_wconf 86' lang='lat' dir='ltr'>vero</span> 
     </span>
     <span class='ocr_line' id='line_1_8' title="bbox 148 1048 1496 1131; baseline 0.003 -23"><span class='ocrx_word' id='word_1_72' title='bbox 148 1051 218 1108; x_wconf 88' lang='lat' dir='ltr'>loris</span> <span class='ocrx_word' id='word_1_73' title='bbox 249 1048 416 1126; x_wconf 76' lang='lat' dir='ltr'>interlapsis</span> <span class='ocrx_word' id='word_1_74' title='bbox 446 1058 591 1125; x_wconf 87' lang='lat' dir='ltr'>promtum</span> <span class='ocrx_word' id='word_1_75' title='bbox 615 1062 676 1109; x_wconf 88' lang='lat' dir='ltr'>erat</span> <span class='ocrx_word' id='word_1_76' title='bbox 700 1053 786 1109; x_wconf 88' lang='lat' dir='ltr'>etiarn</span> <span class='ocrx_word' id='word_1_77' title='bbox 811 1052 944 1111; x_wconf 88' lang='lat' dir='ltr'>admetiri</span> <span class='ocrx_word' id='word_1_78' title='bbox 967 1054 1130 1131; x_wconf 91' lang='lat' dir='ltr'>portionem</span> <span class='ocrx_word' id='word_1_79' title='bbox 1154 1052 1190 1110; x_wconf 92' lang='lat' dir='ltr'>de</span> <span class='ocrx_word' id='word_1_80' title='bbox 1214 1051 1330 1125; x_wconf 89' lang='lat' dir='ltr'>diurno,</span> <span class='ocrx_word' id='word_1_81' title='bbox 1361 1053 1496 1112; x_wconf 90' lang='lat' dir='ltr'>horarum</span> 
     </span>
     <span class='ocr_line' id='line_1_9' title="bbox 149 1137 1497 1215; baseline 0.004 -21"><span class='ocrx_word' id='word_1_82' title='bbox 149 1137 252 1196; x_wconf 87' lang='lat' dir='ltr'>scilieet</span> <span class='ocrx_word' id='word_1_83' title='bbox 280 1138 339 1210; x_wconf 73' lang='lat'>24,</span> <span class='ocrx_word' id='word_1_84' title='bbox 371 1145 402 1197; x_wconf 88' lang='lat' dir='ltr'>et</span> <span class='ocrx_word' id='word_1_85' title='bbox 434 1153 603 1213; x_wconf 87' lang='lat' dir='ltr'>comparare</span> <span class='ocrx_word' id='word_1_86' title='bbox 634 1140 775 1211; x_wconf 88' lang='lat' dir='ltr'>invicem,</span> <span class='ocrx_word' id='word_1_87' title='bbox 808 1140 887 1214; x_wconf 91' lang='lat' dir='ltr'>quod</span> <span class='ocrx_word' id='word_1_88' title='bbox 923 1150 1044 1215; x_wconf 82' lang='lat' dir='ltr'>duaque</span> <span class='ocrx_word' id='word_1_89' title='bbox 1078 1141 1190 1198; x_wconf 90' lang='lat' dir='ltr'>ratione</span> <span class='ocrx_word' id='word_1_90' title='bbox 1224 1139 1303 1198; x_wconf 90' lang='lat' dir='ltr'>horis</span> <span class='ocrx_word' id='word_1_91' title='bbox 1337 1141 1497 1215; x_wconf 77' lang='lat' dir='ltr'>interjectis</span> 
     </span>
     <span class='ocr_line' id='line_1_10' title="bbox 150 1224 310 1283; baseline 0.006 -2"><span class='ocrx_word' id='word_1_92' title='bbox 150 1224 310 1283; x_wconf 75' lang='lat' dir='ltr'>obvenerat„</span> 
     </span>
    </p>

    <p class='ocr_par' dir='ltr' id='par_1_3' title="bbox 152 1309 1494 1650">
     <span class='ocr_line' id='line_1_11' title="bbox 247 1309 1494 1390; baseline 0.005 -21"><span class='ocrx_word' id='word_1_93' title='bbox 247 1316 297 1370; x_wconf 83' lang='lat' dir='ltr'>iii.</span> <span class='ocrx_word' id='word_1_94' title='bbox 328 1309 387 1368; x_wconf 87' lang='lat' dir='ltr'>Hie</span> <span class='ocrx_word' id='word_1_95' title='bbox 407 1310 621 1370; x_wconf 87' lang='lat' dir='ltr'>Claramontine</span> <span class='ocrx_word' id='word_1_96' title='bbox 645 1330 709 1371; x_wconf 91' lang='lat' dir='ltr'>enm</span> <span class='ocrx_word' id='word_1_97' title='bbox 734 1312 806 1370; x_wconf 88' lang='lat' dir='ltr'>nihii</span> <span class='ocrx_word' id='word_1_98' title='bbox 829 1313 951 1385; x_wconf 80' lang='lat' dir='ltr'>habepet</span> <span class='ocrx_word' id='word_1_99' title='bbox 972 1313 1050 1384; x_wconf 85' lang='lat' dir='ltr'>novi,</span> <span class='ocrx_word' id='word_1_100' title='bbox 1075 1311 1154 1385; x_wconf 92' lang='lat' dir='ltr'>quod</span> <span class='ocrx_word' id='word_1_101' title='bbox 1178 1311 1246 1370; x_wconf 90' lang='lat' dir='ltr'>huie</span> <span class='ocrx_word' id='word_1_102' title='bbox 1268 1317 1404 1390; x_wconf 83' lang='lat' dir='ltr'>egregiae</span> <span class='ocrx_word' id='word_1_103' title='bbox 1429 1318 1494 1375; x_wconf 91' lang='lat' dir='ltr'>viae</span> 
     </span>
     <span class='ocr_line' id='line_1_12' title="bbox 152 1396 1494 1479; baseline 0.005 -24"><span class='ocrx_word' id='word_1_104' title='bbox 152 1397 301 1472; x_wconf 85' lang='lat' dir='ltr'>quaerendi</span> <span class='ocrx_word' id='word_1_105' title='bbox 323 1396 489 1473; x_wconf 81' lang='lat' dir='ltr'>parallaxes</span> <span class='ocrx_word' id='word_1_106' title='bbox 512 1408 680 1477; x_wconf 89' lang='lat' dir='ltr'>opponeret,</span> <span class='ocrx_word' id='word_1_107' title='bbox 705 1400 784 1475; x_wconf 91' lang='lat' dir='ltr'>quod</span> <span class='ocrx_word' id='word_1_108' title='bbox 807 1417 864 1458; x_wconf 91' lang='lat' dir='ltr'>non</span> <span class='ocrx_word' id='word_1_109' title='bbox 885 1401 945 1474; x_wconf 91' lang='lat' dir='ltr'>jam</span> <span class='ocrx_word' id='word_1_110' title='bbox 969 1417 1057 1474; x_wconf 85' lang='lat' dir='ltr'>supra</span> <span class='ocrx_word' id='word_1_111' title='bbox 1079 1403 1118 1455; x_wconf 90' lang='lat' dir='ltr'>sit</span> <span class='ocrx_word' id='word_1_112' title='bbox 1137 1418 1155 1457; x_wconf 88' lang='lat' dir='ltr'>a</span> <span class='ocrx_word' id='word_1_113' title='bbox 1175 1401 1259 1458; x_wconf 89' lang='lat' dir='ltr'>nobis</span> <span class='ocrx_word' id='word_1_114' title='bbox 1280 1405 1399 1476; x_wconf 86' lang='lat' dir='ltr'>penitus</span> <span class='ocrx_word' id='word_1_115' title='bbox 1423 1420 1494 1479; x_wconf 92' lang='lat' dir='ltr'>pro·</span> 
     </span>
     <span class='ocr_line' id='line_1_13' title="bbox 153 1486 1494 1563; baseline 0.006 -23"><span class='ocrx_word' id='word_1_116' title='bbox 153 1486 258 1543; x_wconf 73' lang='lat' dir='ltr'>tritum</span> <span class='ocrx_word' id='word_1_117' title='bbox 288 1487 395 1543; x_wconf 90' lang='lat' dir='ltr'>mirum</span> <span class='ocrx_word' id='word_1_118' title='bbox 423 1494 536 1559; x_wconf 88' lang='lat' dir='ltr'>tamen,</span> <span class='ocrx_word' id='word_1_119' title='bbox 565 1504 652 1563; x_wconf 89' lang='lat' dir='ltr'>quam</span> <span class='ocrx_word' id='word_1_120' title='bbox 675 1506 706 1546; x_wconf 89' lang='lat' dir='ltr'>so</span> <span class='ocrx_word' id='word_1_121' title='bbox 729 1489 886 1546; x_wconf 87' lang='lat' dir='ltr'>verbosum</span> <span class='ocrx_word' id='word_1_122' title='bbox 909 1494 1038 1562; x_wconf 91' lang='lat' dir='ltr'>praestet</span> <span class='ocrx_word' id='word_1_123' title='bbox 1060 1494 1150 1560; x_wconf 90' lang='lat' dir='ltr'>utque</span> <span class='ocrx_word' id='word_1_124' title='bbox 1174 1489 1329 1547; x_wconf 89' lang='lat' dir='ltr'>instantias</span> <span class='ocrx_word' id='word_1_125' title='bbox 1354 1490 1402 1549; x_wconf 90' lang='lat' dir='ltr'>ille</span> <span class='ocrx_word' id='word_1_126' title='bbox 1425 1508 1494 1549; x_wconf 88' lang='lat' dir='ltr'>suas</span> 
     </span>
     <span class='ocr_line' id='line_1_14' title="bbox 152 1572 658 1650; baseline 0.008 -23"><span class='ocrx_word' id='word_1_127' title='bbox 152 1572 224 1631; x_wconf 81' lang='lat' dir='ltr'>uobis</span> <span class='ocrx_word' id='word_1_128' title='bbox 247 1579 421 1632; x_wconf 87' lang='lat' dir='ltr'>annumeret</span> <span class='ocrx_word' id='word_1_129' title='bbox 442 1574 526 1649; x_wconf 88' lang='lat' dir='ltr'>qnasi</span> <span class='ocrx_word' id='word_1_130' title='bbox 549 1574 658 1650; x_wconf 83' lang='lat' dir='ltr'>digitis.</span> 
     </span>
    </p>

    <p class='ocr_par' dir='ltr' id='par_1_4' title="bbox 151 1658 1495 1824">
     <span class='ocr_line' id='line_1_15' title="bbox 248 1658 1495 1739; baseline 0.006 -23"><span class='ocrx_word' id='word_1_131' title='bbox 248 1661 299 1717; x_wconf 80' lang='grc'>14.</span> <span class='ocrx_word' id='word_1_132' title='bbox 337 1658 448 1736; x_wconf 87' lang='lat' dir='ltr'>Negat,</span> <span class='ocrx_word' id='word_1_133' title='bbox 478 1678 543 1720; x_wconf 90' lang='lat' dir='ltr'>enm</span> <span class='ocrx_word' id='word_1_134' title='bbox 572 1669 616 1721; x_wconf 91' lang='lat' dir='ltr'>est</span> <span class='ocrx_word' id='word_1_135' title='bbox 643 1662 802 1739; x_wconf 82' lang='lat' dir='ltr'>parallasis</span> <span class='ocrx_word' id='word_1_136' title='bbox 831 1665 859 1718; x_wconf 91' lang='lat' dir='ltr'>in</span> <span class='ocrx_word' id='word_1_137' title='bbox 890 1662 1044 1737; x_wconf 86' lang='lat' dir='ltr'>ambiguo,</span> <span class='ocrx_word' id='word_1_138' title='bbox 1074 1676 1163 1735; x_wconf 90' lang='lat' dir='ltr'>posse</span> <span class='ocrx_word' id='word_1_139' title='bbox 1189 1660 1226 1720; x_wconf 88' lang='lat' dir='ltr'>ad</span> <span class='ocrx_word' id='word_1_140' title='bbox 1250 1679 1316 1721; x_wconf 90' lang='lat' dir='ltr'>eam</span> <span class='ocrx_word' id='word_1_141' title='bbox 1339 1662 1495 1724; x_wconf 89' lang='lat' dir='ltr'>eruendam</span> 
     </span>
     <span class='ocr_line' id='line_1_16' title="bbox 151 1744 671 1824; baseline 0.006 -20"><span class='ocrx_word' id='word_1_142' title='bbox 151 1744 258 1819; x_wconf 85' lang='lat' dir='ltr'>procedi</span> <span class='ocrx_word' id='word_1_143' title='bbox 281 1764 317 1806; x_wconf 83' lang='lat' dir='ltr'>ex</span> <span class='ocrx_word' id='word_1_144' title='bbox 341 1764 412 1806; x_wconf 87' lang='lat' dir='ltr'>vero</span> <span class='ocrx_word' id='word_1_145' title='bbox 435 1749 558 1824; x_wconf 86' lang='lat' dir='ltr'>visoque</span> <span class='ocrx_word' id='word_1_146' title='bbox 580 1756 671 1807; x_wconf 91' lang='lat' dir='ltr'>motu.</span> 
     </span>
    </p>

    <p class='ocr_par' dir='ltr' id='par_1_5' title="bbox 120 1833 1495 1993">
     <span class='ocr_line' id='line_1_17' title="bbox 120 1833 1495 1912; baseline 0.004 -21"><span class='ocrx_word' id='word_1_147' title='bbox 120 1884 123 1891; x_wconf 90' lang='lat'><em>.</em></span> <span class='ocrx_word' id='word_1_148' title='bbox 247 1834 297 1893; x_wconf 79' lang='grc'>15.</span> <span class='ocrx_word' id='word_1_149' title='bbox 337 1836 377 1894; x_wconf 82' lang='lat' dir='ltr'>iit</span> <span class='ocrx_word' id='word_1_150' title='bbox 402 1852 457 1894; x_wconf 91' lang='lat' dir='ltr'>nos</span> <span class='ocrx_word' id='word_1_151' title='bbox 485 1853 573 1912; x_wconf 90' lang='lat' dir='ltr'>snpra</span> <span class='ocrx_word' id='word_1_152' title='bbox 603 1836 743 1908; x_wconf 82' lang='lat' dir='ltr'>diximus,</span> <span class='ocrx_word' id='word_1_153' title='bbox 772 1834 829 1894; x_wconf 91' lang='lat' dir='ltr'>hoe</span> <span class='ocrx_word' id='word_1_154' title='bbox 858 1852 922 1894; x_wconf 87' lang='lat' dir='ltr'>esse</span> <span class='ocrx_word' id='word_1_155' title='bbox 951 1833 1169 1894; x_wconf 86' lang='lat' dir='ltr'>conclusionem</span> <span class='ocrx_word' id='word_1_156' title='bbox 1196 1853 1318 1912; x_wconf 89' lang='lat' dir='ltr'>negare,</span> <span class='ocrx_word' id='word_1_157' title='bbox 1348 1839 1495 1897; x_wconf 90' lang='lat' dir='ltr'>stantibus</span> 
     </span>
     <span class='ocr_line' id='line_1_18' title="bbox 150 1922 317 1993; baseline -0.012 -14"><span class='ocrx_word' id='word_1_158' title='bbox 150 1922 317 1993; x_wconf 79' lang='lat' dir='ltr'>praemissis.</span> 
     </span>
    </p>

    <p class='ocr_par' dir='ltr' id='par_1_6' title="bbox 149 2006 1495 2349">
     <span class='ocr_line' id='line_1_19' title="bbox 249 2006 1495 2087; baseline 0.002 -21"><span class='ocrx_word' id='word_1_159' title='bbox 249 2010 296 2067; x_wconf 87' lang='grc'>16.</span> <span class='ocrx_word' id='word_1_160' title='bbox 335 2009 440 2086; x_wconf 81' lang='lat' dir='ltr'>Arguit</span> <span class='ocrx_word' id='word_1_161' title='bbox 462 2008 605 2082; x_wconf 89' lang='lat' dir='ltr'>seeundo,</span> <span class='ocrx_word' id='word_1_162' title='bbox 633 2009 804 2086; x_wconf 66' lang='grc'><strong>1111111111</strong></span> <span class='ocrx_word' id='word_1_163' title='bbox 826 2006 977 2067; x_wconf 79' lang='lat' dir='ltr'>modulum</span> <span class='ocrx_word' id='word_1_164' title='bbox 1001 2008 1064 2068; x_wconf 85' lang='lat' dir='ltr'>reri</span> <span class='ocrx_word' id='word_1_165' title='bbox 1086 2020 1200 2082; x_wconf 87' lang='lat' dir='ltr'>motus,</span> <span class='ocrx_word' id='word_1_166' title='bbox 1223 2011 1302 2070; x_wconf 89' lang='lat' dir='ltr'>horis</span> <span class='ocrx_word' id='word_1_167' title='bbox 1326 2021 1495 2087; x_wconf 89' lang='lat' dir='ltr'>competen-</span> 
     </span>
     <span class='ocr_line' id='line_1_20' title="bbox 149 2095 1495 2181; baseline 0.003 -29"><span class='ocrx_word' id='word_1_168' title='bbox 149 2102 196 2152; x_wconf 85' lang='lat' dir='ltr'>tem</span> <span class='ocrx_word' id='word_1_169' title='bbox 220 2096 397 2171; x_wconf 84' lang='lat' dir='ltr'>interjactis,</span> <span class='ocrx_word' id='word_1_170' title='bbox 430 2096 599 2172; x_wconf 89' lang='lat' dir='ltr'>depromere</span> <span class='ocrx_word' id='word_1_171' title='bbox 628 2114 663 2155; x_wconf 88' lang='lat' dir='ltr'>ex</span> <span class='ocrx_word' id='word_1_172' title='bbox 693 2096 796 2154; x_wconf 89' lang='lat' dir='ltr'>diurno</span> <span class='ocrx_word' id='word_1_173' title='bbox 820 2099 900 2154; x_wconf 90' lang='lat' dir='ltr'>viso:</span> <span class='ocrx_word' id='word_1_174' title='bbox 931 2095 1133 2170; x_wconf 89' lang='lat' dir='ltr'>respondimus</span> <span class='ocrx_word' id='word_1_175' title='bbox 1157 2115 1209 2173; x_wconf 91' lang='lat' dir='ltr'>pro</span> <span class='ocrx_word' id='word_1_176' title='bbox 1234 2098 1375 2175; x_wconf 82' lang='lat' dir='ltr'>Tyehone</span> <span class='ocrx_word' id='word_1_177' title='bbox 1399 2096 1495 2181; x_wconf 83' lang='lat' dir='ltr'>(quod</span> 
     </span>
     <span class='ocr_line' id='line_1_21' title="bbox 150 2180 1493 2261; baseline 0.003 -22"><span class='ocrx_word' id='word_1_178' title='bbox 150 2180 238 2260; x_wconf 79' lang='lat' dir='ltr'>Scipio</span> <span class='ocrx_word' id='word_1_179' title='bbox 261 2184 379 2259; x_wconf 90' lang='lat' dir='ltr'>inipso</span> <span class='ocrx_word' id='word_1_180' title='bbox 402 2184 457 2242; x_wconf 84' lang='lat' dir='ltr'>riri</span> <span class='ocrx_word' id='word_1_181' title='bbox 480 2192 617 2243; x_wconf 84' lang='lat' dir='ltr'>contextu</span> <span class='ocrx_word' id='word_1_182' title='bbox 640 2188 744 2261; x_wconf 91' lang='lat' dir='ltr'>reperit</span> <span class='ocrx_word' id='word_1_183' title='bbox 767 2183 945 2242; x_wconf 85' lang='lat' dir='ltr'>inculcatum</span> <span class='ocrx_word' id='word_1_184' title='bbox 968 2185 996 2239; x_wconf 93' lang='lat' dir='ltr'>in</span> <span class='ocrx_word' id='word_1_185' title='bbox 1019 2184 1169 2258; x_wconf 83' lang='lat' dir='ltr'>epistolis3</span> <span class='ocrx_word' id='word_1_186' title='bbox 1202 2187 1358 2260; x_wconf 87' lang='lat' dir='ltr'>exprobrat</span> <span class='ocrx_word' id='word_1_187' title='bbox 1386 2197 1493 2260; x_wconf 88' lang='lat' dir='ltr'>tamen,</span> 
     </span>
     <span class='ocr_line' id='line_1_22' title="bbox 149 2265 1315 2349; baseline 0.001 -21"><span class='ocrx_word' id='word_1_188' title='bbox 149 2270 223 2344; x_wconf 82' lang='lat' dir='ltr'>quasi</span> <span class='ocrx_word' id='word_1_189' title='bbox 247 2272 412 2345; x_wconf 80' lang='lat' dir='ltr'>ignorantia</span> <span class='ocrx_word' id='word_1_190' title='bbox 436 2272 576 2330; x_wconf 89' lang='lat' dir='ltr'>omissum</span> <span class='ocrx_word' id='word_1_191' title='bbox 599 2274 628 2328; x_wconf 93' lang='lat' dir='ltr'>iu</span> <span class='ocrx_word' id='word_1_192' title='bbox 652 2273 793 2330; x_wconf 88' lang='lat' dir='ltr'>comatico</span> <span class='ocrx_word' id='word_1_193' title='bbox 816 2265 917 2349; x_wconf 87' lang='lat' dir='ltr'>libro),</span> <span class='ocrx_word' id='word_1_194' title='bbox 942 2269 1154 2344; x_wconf 86' lang='lat' dir='ltr'>respondimus,</span> <span class='ocrx_word' id='word_1_195' title='bbox 1177 2273 1315 2347; x_wconf 89' lang='lat' dir='ltr'>inquam:</span> 
     </span>
    </p>

    <p class='ocr_par' dir='ltr' id='par_1_7' title="bbox 149 2356 1494 2609">
     <span class='ocr_line' id='line_1_23' title="bbox 247 2356 1494 2434; baseline 0 -18"><span class='ocrx_word' id='word_1_196' title='bbox 247 2360 295 2416; x_wconf 83' lang='lat' dir='ltr'>ii.</span> <span class='ocrx_word' id='word_1_197' title='bbox 335 2357 397 2416; x_wconf 81' lang='lat' dir='ltr'>iitst</span> <span class='ocrx_word' id='word_1_198' title='bbox 421 2360 535 2416; x_wconf 90' lang='lat' dir='ltr'>termini</span> <span class='ocrx_word' id='word_1_199' title='bbox 557 2359 688 2417; x_wconf 87' lang='lat' dir='ltr'>visorum</span> <span class='ocrx_word' id='word_1_200' title='bbox 710 2359 840 2417; x_wconf 89' lang='lat' dir='ltr'>locorum</span> <span class='ocrx_word' id='word_1_201' title='bbox 862 2376 880 2416; x_wconf 91' lang='lat' dir='ltr'>a</span> <span class='ocrx_word' id='word_1_202' title='bbox 903 2358 980 2416; x_wconf 85' lang='lat' dir='ltr'>veris</span> <span class='ocrx_word' id='word_1_203' title='bbox 1004 2356 1125 2430; x_wconf 88' lang='lat' dir='ltr'>distent,</span> <span class='ocrx_word' id='word_1_204' title='bbox 1158 2361 1255 2434; x_wconf 87' lang='lat' dir='ltr'>spatia</span> <span class='ocrx_word' id='word_1_205' title='bbox 1283 2369 1379 2418; x_wconf 90' lang='lat' dir='ltr'>tamen</span> <span class='ocrx_word' id='word_1_206' title='bbox 1403 2361 1494 2418; x_wconf 91' lang='lat' dir='ltr'>inter·</span> 
     </span>
     <span class='ocr_line' id='line_1_24' title="bbox 149 2440 1494 2523; baseline 0.001 -21"><span class='ocrx_word' id='word_1_207' title='bbox 149 2440 216 2516; x_wconf 79' lang='lat' dir='ltr'>itote</span> <span class='ocrx_word' id='word_1_208' title='bbox 239 2446 318 2503; x_wconf 85' lang='lat' dir='ltr'>reris</span> <span class='ocrx_word' id='word_1_209' title='bbox 340 2447 460 2520; x_wconf 90' lang='lat' dir='ltr'>aequari</span> <span class='ocrx_word' id='word_1_210' title='bbox 482 2448 585 2523; x_wconf 88' lang='lat' dir='ltr'>spatiis</span> <span class='ocrx_word' id='word_1_211' title='bbox 608 2447 800 2519; x_wconf 71' lang='lat' dir='ltr'>intercisos,</span> <span class='ocrx_word' id='word_1_212' title='bbox 830 2452 985 2520; x_wconf 91' lang='lat' dir='ltr'>propterea</span> <span class='ocrx_word' id='word_1_213' title='bbox 1008 2445 1088 2518; x_wconf 89' lang='lat' dir='ltr'>qnod</span> <span class='ocrx_word' id='word_1_214' title='bbox 1110 2448 1221 2504; x_wconf 79' lang='lat' dir='ltr'>sanctii</span> <span class='ocrx_word' id='word_1_215' title='bbox 1242 2447 1321 2506; x_wconf 90' lang='lat' dir='ltr'>horis</span> <span class='ocrx_word' id='word_1_216' title='bbox 1346 2448 1387 2504; x_wconf 82' lang='lat' dir='ltr'>at</span> <span class='ocrx_word' id='word_1_217' title='bbox 1417 2445 1494 2506; x_wconf 91' lang='lat' dir='ltr'>idem</span> 
     </span>
     <span class='ocr_line' id='line_1_25' title="bbox 151 2531 884 2609; baseline 0.003 -22"><span class='ocrx_word' id='word_1_218' title='bbox 151 2532 212 2589; x_wconf 87' lang='grc'><strong>11111</strong></span> <span class='ocrx_word' id='word_1_219' title='bbox 234 2547 331 2607; x_wconf 89' lang='lat' dir='ltr'>eoque</span> <span class='ocrx_word' id='word_1_220' title='bbox 354 2539 385 2591; x_wconf 92' lang='grc'>11</span> <span class='ocrx_word' id='word_1_221' title='bbox 407 2531 508 2592; x_wconf 89' lang='lat' dir='ltr'>eadem</span> <span class='ocrx_word' id='word_1_222' title='bbox 531 2532 691 2609; x_wconf 82' lang='lat' dir='ltr'>parallaxis</span> <span class='ocrx_word' id='word_1_223' title='bbox 714 2539 884 2592; x_wconf 86' lang='lat' dir='ltr'>revertatur.</span> 
     </span>
    </p>

    <p class='ocr_par' dir='ltr' id='par_1_8' title="bbox 152 2617 1494 2957">
     <span class='ocr_line' id='line_1_26' title="bbox 247 2617 1493 2696; baseline 0.001 -20"><span class='ocrx_word' id='word_1_224' title='bbox 247 2619 296 2677; x_wconf 83' lang='grc'>18.</span> <span class='ocrx_word' id='word_1_225' title='bbox 326 2617 426 2694; x_wconf 86' lang='lat' dir='ltr'>Scipio</span> <span class='ocrx_word' id='word_1_226' title='bbox 448 2619 505 2679; x_wconf 88' lang='lat' dir='ltr'>hoc</span> <span class='ocrx_word' id='word_1_227' title='bbox 526 2622 627 2679; x_wconf 90' lang='lat' dir='ltr'>ruinae</span> <span class='ocrx_word' id='word_1_228' title='bbox 649 2622 678 2677; x_wconf 91' lang='lat' dir='ltr'>in</span> <span class='ocrx_word' id='word_1_229' title='bbox 703 2637 793 2679; x_wconf 90' lang='lat' dir='ltr'>eausa</span> <span class='ocrx_word' id='word_1_230' title='bbox 814 2619 984 2695; x_wconf 80' lang='lat' dir='ltr'>Tyelronica</span> <span class='ocrx_word' id='word_1_231' title='bbox 1006 2619 1113 2677; x_wconf 80' lang='lat' dir='ltr'>trustra</span> <span class='ocrx_word' id='word_1_232' title='bbox 1134 2629 1268 2696; x_wconf 88' lang='lat' dir='ltr'>speratae</span> <span class='ocrx_word' id='word_1_233' title='bbox 1282 2621 1405 2678; x_wconf 85' lang='lat' dir='ltr'>fulcrum</span> <span class='ocrx_word' id='word_1_234' title='bbox 1422 2637 1493 2678; x_wconf 89' lang='lat' dir='ltr'>eon·</span> 
     </span>
     <span class='ocr_line' id='line_1_27' title="bbox 154 2704 1494 2782; baseline 0.006 -24"><span class='ocrx_word' id='word_1_235' title='bbox 154 2704 251 2764; x_wconf 80' lang='grc'><strong>1111111</strong></span> <span class='ocrx_word' id='word_1_236' title='bbox 273 2708 382 2779; x_wconf 90' lang='lat' dir='ltr'>nititur,</span> <span class='ocrx_word' id='word_1_237' title='bbox 407 2706 506 2766; x_wconf 88' lang='lat' dir='ltr'>dicens</span> <span class='ocrx_word' id='word_1_238' title='bbox 529 2723 653 2766; x_wconf 90' lang='lat' dir='ltr'>errorem</span> <span class='ocrx_word' id='word_1_239' title='bbox 676 2724 770 2767; x_wconf 90' lang='lat' dir='ltr'>errore</span> <span class='ocrx_word' id='word_1_240' title='bbox 793 2708 908 2764; x_wconf 88' lang='lat' dir='ltr'>muniri.</span> <span class='ocrx_word' id='word_1_241' title='bbox 946 2704 1004 2778; x_wconf 87' lang='lat' dir='ltr'>Qui</span> <span class='ocrx_word' id='word_1_242' title='bbox 1021 2707 1072 2777; x_wconf 91' lang='lat' dir='ltr'>sic,</span> <span class='ocrx_word' id='word_1_243' title='bbox 1097 2707 1173 2764; x_wconf 88' lang='lat' dir='ltr'>bone</span> <span class='ocrx_word' id='word_1_244' title='bbox 1188 2706 1256 2765; x_wconf 81' lang='lat' dir='ltr'>vir?</span> <span class='ocrx_word' id='word_1_245' title='bbox 1278 2707 1409 2766; x_wconf 89' lang='lat' dir='ltr'>Primum</span> <span class='ocrx_word' id='word_1_246' title='bbox 1424 2709 1494 2782; x_wconf 89' lang='lat' dir='ltr'>quia</span> 
     </span>
     <span class='ocr_line' id='line_1_28' title="bbox 153 2787 1493 2872; baseline 0.003 -24"><span class='ocrx_word' id='word_1_247' title='bbox 153 2787 255 2869; x_wconf 78' lang='lat' dir='ltr'>Scipio,</span> <span class='ocrx_word' id='word_1_248' title='bbox 287 2808 426 2870; x_wconf 89' lang='lat' dir='ltr'>quorsum</span> <span class='ocrx_word' id='word_1_249' title='bbox 453 2794 528 2854; x_wconf 88' lang='lat' dir='ltr'>haec</span> <span class='ocrx_word' id='word_1_250' title='bbox 549 2811 584 2853; x_wconf 86' lang='lat' dir='ltr'>ex</span> <span class='ocrx_word' id='word_1_251' title='bbox 607 2794 747 2872; x_wconf 84' lang='lat' dir='ltr'>Tychone</span> <span class='ocrx_word' id='word_1_252' title='bbox 774 2794 902 2853; x_wconf 90' lang='lat' dir='ltr'>adducta</span> <span class='ocrx_word' id='word_1_253' title='bbox 926 2792 1016 2851; x_wconf 86' lang='lat' dir='ltr'>verba</span> <span class='ocrx_word' id='word_1_254' title='bbox 1037 2795 1213 2868; x_wconf 90' lang='lat' dir='ltr'>pertineant,</span> <span class='ocrx_word' id='word_1_255' title='bbox 1246 2793 1368 2853; x_wconf 87' lang='lat' dir='ltr'>dubitat.</span> <span class='ocrx_word' id='word_1_256' title='bbox 1415 2792 1493 2868; x_wconf 85' lang='lat' dir='ltr'>Quid</span> 
     </span>
     <span class='ocr_line' id='line_1_29' title="bbox 152 2878 1492 2957; baseline 0.004 -24"><span class='ocrx_word' id='word_1_257' title='bbox 152 2878 172 2934; x_wconf 91' lang='lat' dir='ltr'>sl</span> <span class='ocrx_word' id='word_1_258' title='bbox 191 2878 226 2939; x_wconf 92' lang='lat' dir='ltr'>de</span> <span class='ocrx_word' id='word_1_259' title='bbox 249 2883 374 2940; x_wconf 81' lang='lat' dir='ltr'>veritate</span> <span class='ocrx_word' id='word_1_260' title='bbox 397 2880 520 2955; x_wconf 90' lang='lat' dir='ltr'>dubitet,</span> <span class='ocrx_word' id='word_1_261' title='bbox 543 2898 601 2940; x_wconf 91' lang='lat' dir='ltr'>non</span> <span class='ocrx_word' id='word_1_262' title='bbox 625 2880 661 2940; x_wconf 92' lang='lat' dir='ltr'>de</span> <span class='ocrx_word' id='word_1_263' title='bbox 678 2882 796 2940; x_wconf 78' lang='lat' dir='ltr'>errore?</span> <span class='ocrx_word' id='word_1_264' title='bbox 818 2880 896 2940; x_wconf 89' lang='lat' dir='ltr'>Num</span> <span class='ocrx_word' id='word_1_265' title='bbox 910 2881 966 2938; x_wconf 89' lang='lat' dir='ltr'>hoe</span> <span class='ocrx_word' id='word_1_266' title='bbox 982 2880 1025 2938; x_wconf 91' lang='lat' dir='ltr'>illi</span> <span class='ocrx_word' id='word_1_267' title='bbox 1040 2890 1092 2939; x_wconf 92' lang='lat' dir='ltr'>aut</span> <span class='ocrx_word' id='word_1_268' title='bbox 1107 2881 1273 2955; x_wconf 80' lang='lat' dir='ltr'>infrequens</span> <span class='ocrx_word' id='word_1_269' title='bbox 1288 2891 1339 2941; x_wconf 90' lang='lat' dir='ltr'>aut</span> <span class='ocrx_word' id='word_1_270' title='bbox 1353 2881 1492 2957; x_wconf 84' lang='lat' dir='ltr'>privuml</span> 
     </span>
    </p>

    <p class='ocr_par' dir='ltr' id='par_1_9' title="bbox 152 2967 1493 3219">
     <span class='ocr_line' id='line_1_30' title="bbox 249 2967 1493 3045; baseline 0.001 -20"><span class='ocrx_word' id='word_1_271' title='bbox 249 2970 298 3027; x_wconf 84' lang='lat'>19.</span> <span class='ocrx_word' id='word_1_272' title='bbox 335 2967 451 3027; x_wconf 89' lang='lat' dir='ltr'>Deinde</span> <span class='ocrx_word' id='word_1_273' title='bbox 479 2986 596 3027; x_wconf 89' lang='lat' dir='ltr'>sensum</span> <span class='ocrx_word' id='word_1_274' title='bbox 625 2986 725 3028; x_wconf 85' lang='lat' dir='ltr'>rernm</span> <span class='ocrx_word' id='word_1_275' title='bbox 749 2969 888 3042; x_wconf 91' lang='lat' dir='ltr'>eundem,</span> <span class='ocrx_word' id='word_1_276' title='bbox 919 2984 1006 3042; x_wconf 92' lang='lat' dir='ltr'>quem</span> <span class='ocrx_word' id='word_1_277' title='bbox 1036 2984 1089 3043; x_wconf 86' lang='lat' dir='ltr'>ego</span> <span class='ocrx_word' id='word_1_278' title='bbox 1112 2967 1200 3027; x_wconf 90' lang='lat' dir='ltr'>modo</span> <span class='ocrx_word' id='word_1_279' title='bbox 1224 2967 1298 3041; x_wconf 84' lang='lat' dir='ltr'>diri,</span> <span class='ocrx_word' id='word_1_280' title='bbox 1327 2984 1493 3045; x_wconf 90' lang='lat' dir='ltr'>proponens</span> 
     </span>
     <span class='ocr_line' id='line_1_31' title="bbox 152 3052 1492 3134; baseline -0.001 -21"><span class='ocrx_word' id='word_1_281' title='bbox 152 3052 192 3127; x_wconf 81' lang='lat' dir='ltr'>rit,</span> <span class='ocrx_word' id='word_1_282' title='bbox 213 3053 271 3113; x_wconf 84' lang='lat' dir='ltr'>lroc</span> <span class='ocrx_word' id='word_1_283' title='bbox 284 3054 419 3132; x_wconf 77' lang='lat' dir='ltr'>Tyehoni</span> <span class='ocrx_word' id='word_1_284' title='bbox 441 3072 554 3130; x_wconf 86' lang='lat' dir='ltr'>nocere,</span> <span class='ocrx_word' id='word_1_285' title='bbox 578 3056 657 3132; x_wconf 91' lang='lat' dir='ltr'>quod</span> <span class='ocrx_word' id='word_1_286' title='bbox 680 3056 758 3115; x_wconf 87' lang='lat' dir='ltr'>linea</span> <span class='ocrx_word' id='word_1_287' title='bbox 779 3064 876 3115; x_wconf 91' lang='lat' dir='ltr'>motus</span> <span class='ocrx_word' id='word_1_288' title='bbox 900 3055 960 3112; x_wconf 89' lang='lat' dir='ltr'>veri</span> <span class='ocrx_word' id='word_1_289' title='bbox 985 3064 1114 3114; x_wconf 90' lang='lat' dir='ltr'>cometae</span> <span class='ocrx_word' id='word_1_290' title='bbox 1136 3073 1188 3130; x_wconf 92' lang='lat' dir='ltr'>per</span> <span class='ocrx_word' id='word_1_291' title='bbox 1206 3059 1344 3116; x_wconf 83' lang='lat' dir='ltr'>verticem</span> <span class='ocrx_word' id='word_1_292' title='bbox 1358 3055 1492 3134; x_wconf 80' lang='lat' dir='ltr'>Tychoni</span> 
     </span>
     <span class='ocr_line' id='line_1_32' title="bbox 152 3141 1388 3219; baseline 0.002 -21"><span class='ocrx_word' id='word_1_293' title='bbox 152 3154 199 3198; x_wconf 90' lang='lat' dir='ltr'>uon</span> <span class='ocrx_word' id='word_1_294' title='bbox 220 3144 397 3215; x_wconf 82' lang='lat' dir='ltr'>tramiverit,</span> <span class='ocrx_word' id='word_1_295' title='bbox 422 3149 452 3201; x_wconf 90' lang='lat' dir='ltr'>et</span> <span class='ocrx_word' id='word_1_296' title='bbox 473 3152 616 3219; x_wconf 88' lang='lat' dir='ltr'>provocat</span> <span class='ocrx_word' id='word_1_297' title='bbox 637 3142 674 3202; x_wconf 91' lang='lat' dir='ltr'>ad</span> <span class='ocrx_word' id='word_1_298' title='bbox 696 3143 802 3201; x_wconf 88' lang='lat' dir='ltr'>librum</span> <span class='ocrx_word' id='word_1_299' title='bbox 824 3160 909 3202; x_wconf 90' lang='lat' dir='ltr'>suurn</span> <span class='ocrx_word' id='word_1_300' title='bbox 932 3141 955 3199; x_wconf 88' lang='lat'>1.</span> <span class='ocrx_word' id='word_1_301' title='bbox 979 3141 1029 3200; x_wconf 89' lang='lat' dir='ltr'>iol.</span> <span class='ocrx_word' id='word_1_302' title='bbox 1055 3144 1104 3201; x_wconf 88' lang='grc'>99.</span> <span class='ocrx_word' id='word_1_303' title='bbox 1377 3159 1388 3190; x_wconf 82' lang='lat' dir='ltr'>r</span> 
     </span>
    </p>

    <p class='ocr_par' dir='ltr' id='par_1_10' title="bbox 141 3229 1490 3917">
     <span class='ocr_line' id='line_1_33' title="bbox 243 3229 1490 3307; baseline 0 -21"><span class='ocrx_word' id='word_1_304' title='bbox 243 3230 297 3288; x_wconf 76' lang='lat' dir='ltr'>io.</span> <span class='ocrx_word' id='word_1_305' title='bbox 321 3230 413 3305; x_wconf 84' lang='lat' dir='ltr'>Atqui</span> <span class='ocrx_word' id='word_1_306' title='bbox 434 3232 595 3307; x_wconf 92' lang='lat' dir='ltr'>propositio</span> <span class='ocrx_word' id='word_1_307' title='bbox 618 3229 737 3306; x_wconf 92' lang='lat' dir='ltr'>quidem</span> <span class='ocrx_word' id='word_1_308' title='bbox 758 3231 810 3288; x_wconf 93' lang='lat' dir='ltr'>illa</span> <span class='ocrx_word' id='word_1_309' title='bbox 824 3230 969 3305; x_wconf 85' lang='lat' dir='ltr'>Scipionis</span> <span class='ocrx_word' id='word_1_310' title='bbox 992 3246 1063 3288; x_wconf 88' lang='lat' dir='ltr'>vera</span> <span class='ocrx_word' id='word_1_311' title='bbox 1085 3239 1137 3302; x_wconf 88' lang='lat' dir='ltr'>est,</span> <span class='ocrx_word' id='word_1_312' title='bbox 1162 3229 1345 3289; x_wconf 88' lang='lat' dir='ltr'>corollarium</span> <span class='ocrx_word' id='word_1_313' title='bbox 1369 3247 1438 3291; x_wconf 87' lang='lat' dir='ltr'>vero</span> <span class='ocrx_word' id='word_1_314' title='bbox 1462 3232 1490 3287; x_wconf 95' lang='lat' dir='ltr'>in</span> 
     </span>
     <span class='ocr_line' id='line_1_34' title="bbox 149 3312 1489 3394; baseline 0.001 -21"><span class='ocrx_word' id='word_1_315' title='bbox 149 3312 287 3391; x_wconf 62' lang='grc'><strong>’11110111</strong></span> <span class='ocrx_word' id='word_1_316' title='bbox 309 3319 454 3375; x_wconf 88' lang='lat' dir='ltr'>sententia</span> <span class='ocrx_word' id='word_1_317' title='bbox 476 3317 667 3392; x_wconf 87' lang='lat' dir='ltr'>concipienda</span> <span class='ocrx_word' id='word_1_318' title='bbox 689 3335 848 3376; x_wconf 89' lang='lat' dir='ltr'>erroneum.</span> <span class='ocrx_word' id='word_1_319' title='bbox 864 3312 909 3390; x_wconf 78' lang='lat'>²⁴)</span> <span class='ocrx_word' id='word_1_320' title='bbox 954 3316 1019 3375; x_wconf 89' lang='lat' dir='ltr'>Non</span> <span class='ocrx_word' id='word_1_321' title='bbox 1043 3324 1131 3391; x_wconf 90' lang='lat' dir='ltr'>negat</span> <span class='ocrx_word' id='word_1_322' title='bbox 1153 3315 1256 3392; x_wconf 82' lang='lat' dir='ltr'>Tycho</span> <span class='ocrx_word' id='word_1_323' title='bbox 1279 3317 1489 3394; x_wconf 80' lang='lat' dir='ltr'>(Epistularum</span> 
     </span>
     <span class='ocr_line' id='line_1_35' title="bbox 149 3403 1490 3480; baseline 0.001 -21"><span class='ocrx_word' id='word_1_324' title='bbox 149 3408 219 3461; x_wconf 90' lang='lat' dir='ltr'>tomo</span> <span class='ocrx_word' id='word_1_325' title='bbox 241 3403 265 3466; x_wconf 86' lang='lat'>1.</span> <span class='ocrx_word' id='word_1_326' title='bbox 290 3403 340 3462; x_wconf 91' lang='grc'><strong>101.</strong></span> <span class='ocrx_word' id='word_1_327' title='bbox 369 3408 416 3462; x_wconf 89' lang='lat'>18.</span> <span class='ocrx_word' id='word_1_328' title='bbox 440 3406 470 3461; x_wconf 92' lang='lat' dir='ltr'>in</span> <span class='ocrx_word' id='word_1_329' title='bbox 492 3404 687 3480; x_wconf 89' lang='lat' dir='ltr'>parenthesi),</span> <span class='ocrx_word' id='word_1_330' title='bbox 719 3413 863 3463; x_wconf 88' lang='lat' dir='ltr'>cometam</span> <span class='ocrx_word' id='word_1_331' title='bbox 893 3415 960 3480; x_wconf 88' lang='lat' dir='ltr'>post</span> <span class='ocrx_word' id='word_1_332' title='bbox 990 3405 1118 3478; x_wconf 86' lang='lat' dir='ltr'>integros</span> <span class='ocrx_word' id='word_1_333' title='bbox 1146 3403 1264 3462; x_wconf 90' lang='lat' dir='ltr'>diurnus</span> <span class='ocrx_word' id='word_1_334' title='bbox 1294 3403 1404 3463; x_wconf 91' lang='lat' dir='ltr'>reditus</span> <span class='ocrx_word' id='word_1_335' title='bbox 1434 3405 1490 3462; x_wconf 90' lang='lat' dir='ltr'>ali-</span> 
     </span>
     <span class='ocr_line' id='line_1_36' title="bbox 147 3490 1490 3567; baseline 0.001 -20"><span class='ocrx_word' id='word_1_336' title='bbox 147 3491 313 3564; x_wconf 86' lang='lat' dir='ltr'>quantulam</span> <span class='ocrx_word' id='word_1_337' title='bbox 336 3490 497 3566; x_wconf 82' lang='lat' dir='ltr'>parallarin</span> <span class='ocrx_word' id='word_1_338' title='bbox 520 3495 597 3567; x_wconf 90' lang='lat' dir='ltr'>pati,</span> <span class='ocrx_word' id='word_1_339' title='bbox 629 3492 680 3551; x_wconf 91' lang='lat' dir='ltr'>sed</span> <span class='ocrx_word' id='word_1_340' title='bbox 702 3501 805 3563; x_wconf 83' lang='lat' dir='ltr'>negat,</span> <span class='ocrx_word' id='word_1_341' title='bbox 836 3509 871 3551; x_wconf 92' lang='lat' dir='ltr'>ea</span> <span class='ocrx_word' id='word_1_342' title='bbox 892 3490 1035 3567; x_wconf 84' lang='lat' dir='ltr'>parallaxi</span> <span class='ocrx_word' id='word_1_343' title='bbox 1058 3493 1171 3550; x_wconf 89' lang='lat' dir='ltr'>causari</span> <span class='ocrx_word' id='word_1_344' title='bbox 1195 3490 1347 3550; x_wconf 89' lang='lat' dir='ltr'>discrimen</span> <span class='ocrx_word' id='word_1_345' title='bbox 1370 3490 1490 3567; x_wconf 90' lang='lat' dir='ltr'>aliquod</span> 
     </span>
     <span class='ocr_line' id='line_1_37' title="bbox 144 3577 1490 3654; baseline 0 -18"><span class='ocrx_word' id='word_1_346' title='bbox 144 3578 277 3637; x_wconf 84' lang='lat' dir='ltr'>sensibile</span> <span class='ocrx_word' id='word_1_347' title='bbox 298 3581 376 3636; x_wconf 91' lang='lat' dir='ltr'>iuter</span> <span class='ocrx_word' id='word_1_348' title='bbox 397 3578 530 3651; x_wconf 91' lang='lat' dir='ltr'>diurnos,</span> <span class='ocrx_word' id='word_1_349' title='bbox 561 3596 660 3638; x_wconf 89' lang='lat' dir='ltr'>verum</span> <span class='ocrx_word' id='word_1_350' title='bbox 684 3586 714 3637; x_wconf 95' lang='grc'>11</span> <span class='ocrx_word' id='word_1_351' title='bbox 736 3582 847 3637; x_wconf 87' lang='lat' dir='ltr'>visum:</span> <span class='ocrx_word' id='word_1_352' title='bbox 879 3581 978 3653; x_wconf 89' lang='lat' dir='ltr'>itaque</span> <span class='ocrx_word' id='word_1_353' title='bbox 1005 3595 1056 3654; x_wconf 92' lang='lat' dir='ltr'>pro</span> <span class='ocrx_word' id='word_1_354' title='bbox 1079 3595 1149 3636; x_wconf 87' lang='lat' dir='ltr'>vero</span> <span class='ocrx_word' id='word_1_355' title='bbox 1173 3577 1276 3636; x_wconf 91' lang='lat' dir='ltr'>diurno</span> <span class='ocrx_word' id='word_1_356' title='bbox 1298 3580 1381 3637; x_wconf 88' lang='lat' dir='ltr'>visus</span> <span class='ocrx_word' id='word_1_357' title='bbox 1404 3595 1490 3637; x_wconf 79' lang='grc'><strong>1111-</strong></span> 
     </span>
     <span class='ocr_line' id='line_1_38' title="bbox 143 3664 1490 3744; baseline 0 -20"><span class='ocrx_word' id='word_1_358' title='bbox 143 3666 201 3743; x_wconf 79' lang='lat' dir='ltr'>pari</span> <span class='ocrx_word' id='word_1_359' title='bbox 230 3673 338 3744; x_wconf 87' lang='lat' dir='ltr'>potest.</span> <span class='ocrx_word' id='word_1_360' title='bbox 383 3664 442 3724; x_wconf 85' lang='lat' dir='ltr'>Cur</span> <span class='ocrx_word' id='word_1_361' title='bbox 466 3682 521 3724; x_wconf 90' lang='lat' dir='ltr'>nos</span> <span class='ocrx_word' id='word_1_362' title='bbox 549 3667 597 3725; x_wconf 89' lang='lat' dir='ltr'>hie</span> <span class='ocrx_word' id='word_1_363' title='bbox 619 3665 657 3725; x_wconf 91' lang='lat' dir='ltr'>ad</span> <span class='ocrx_word' id='word_1_364' title='bbox 679 3668 908 3743; x_wconf 90' lang='lat' dir='ltr'>propositionem</span> <span class='ocrx_word' id='word_1_365' title='bbox 931 3664 1010 3722; x_wconf 88' lang='lat' dir='ltr'>illam</span> <span class='ocrx_word' id='word_1_366' title='bbox 1033 3672 1114 3724; x_wconf 90' lang='lat' dir='ltr'>tuam</span> <span class='ocrx_word' id='word_1_367' title='bbox 1136 3664 1259 3741; x_wconf 88' lang='lat' dir='ltr'>ablegas</span> <span class='ocrx_word' id='word_1_368' title='bbox 1280 3664 1395 3742; x_wconf 88' lang='lat' dir='ltr'>Scipio,</span> <span class='ocrx_word' id='word_1_369' title='bbox 1425 3682 1490 3724; x_wconf 91' lang='lat' dir='ltr'>curn</span> 
     </span>
     <span class='ocr_line' id='line_1_39' title="bbox 142 3751 1490 3830; baseline 0.002 -21"><span class='ocrx_word' id='word_1_370' title='bbox 142 3751 212 3811; x_wconf 82' lang='lat' dir='ltr'>nihil</span> <span class='ocrx_word' id='word_1_371' title='bbox 233 3752 299 3828; x_wconf 86' lang='lat' dir='ltr'>ejus</span> <span class='ocrx_word' id='word_1_372' title='bbox 322 3752 434 3826; x_wconf 85' lang='lat' dir='ltr'>simile,</span> <span class='ocrx_word' id='word_1_373' title='bbox 464 3753 544 3830; x_wconf 92' lang='lat' dir='ltr'>quod</span> <span class='ocrx_word' id='word_1_374' title='bbox 565 3756 594 3811; x_wconf 93' lang='lat' dir='ltr'>in</span> <span class='ocrx_word' id='word_1_375' title='bbox 618 3753 697 3811; x_wconf 89' lang='lat' dir='ltr'>illius</span> <span class='ocrx_word' id='word_1_376' title='bbox 720 3754 875 3812; x_wconf 89' lang='lat' dir='ltr'>corollaria</span> <span class='ocrx_word' id='word_1_377' title='bbox 898 3752 1008 3827; x_wconf 89' lang='lat' dir='ltr'>rejicis,</span> <span class='ocrx_word' id='word_1_378' title='bbox 1040 3751 1087 3811; x_wconf 91' lang='lat' dir='ltr'>hic</span> <span class='ocrx_word' id='word_1_379' title='bbox 1113 3753 1225 3810; x_wconf 75' lang='grc'><strong>11111111</strong></span> <span class='ocrx_word' id='word_1_380' title='bbox 1248 3752 1381 3829; x_wconf 81' lang='lat' dir='ltr'>&#39;lychoni</span> <span class='ocrx_word' id='word_1_381' title='bbox 1404 3752 1490 3829; x_wconf 81' lang='lat' dir='ltr'>ipse?</span> 
     </span>
     <span class='ocr_line' id='line_1_40' title="bbox 141 3837 1197 3917; baseline -0.002 -19"><span class='ocrx_word' id='word_1_382' title='bbox 141 3838 216 3898; x_wconf 85' lang='lat' dir='ltr'>llum</span> <span class='ocrx_word' id='word_1_383' title='bbox 239 3837 326 3898; x_wconf 88' lang='lat' dir='ltr'>ludos</span> <span class='ocrx_word' id='word_1_384' title='bbox 348 3839 433 3899; x_wconf 89' lang='lat' dir='ltr'>nobis</span> <span class='ocrx_word' id='word_1_385' title='bbox 455 3840 549 3900; x_wconf 86' lang='lat' dir='ltr'>iacere</span> <span class='ocrx_word' id='word_1_386' title='bbox 572 3843 685 3917; x_wconf 84' lang='lat' dir='ltr'>cogitas</span> <span class='ocrx_word' id='word_1_387' title='bbox 708 3850 741 3899; x_wconf 90' lang='lat' dir='ltr'>ut</span> <span class='ocrx_word' id='word_1_388' title='bbox 762 3843 859 3916; x_wconf 92' lang='lat' dir='ltr'>pueris</span> <span class='ocrx_word' id='word_1_389' title='bbox 883 3846 912 3897; x_wconf 92' lang='lat' dir='ltr'>et</span> <span class='ocrx_word' id='word_1_390' title='bbox 934 3840 1025 3897; x_wconf 88' lang='lat' dir='ltr'>verba</span> <span class='ocrx_word' id='word_1_391' title='bbox 1048 3838 1197 3897; x_wconf 79' lang='lat' dir='ltr'>vendere?</span> 
     </span>
    </p>

    <p class='ocr_par' dir='ltr' id='par_1_11' title="bbox 137 3926 1490 4616">
     <span class='ocr_line' id='line_1_41' title="bbox 243 3926 1490 4003; baseline 0.002 -19"><span class='ocrx_word' id='word_1_392' title='bbox 243 3930 295 3986; x_wconf 75' lang='grc'>11.</span> <span class='ocrx_word' id='word_1_393' title='bbox 333 3926 455 3999; x_wconf 81' lang='lat' dir='ltr'>Totum,</span> <span class='ocrx_word' id='word_1_394' title='bbox 478 3930 633 4002; x_wconf 90' lang='lat' dir='ltr'>putabam,</span> <span class='ocrx_word' id='word_1_395' title='bbox 658 3928 736 4003; x_wconf 91' lang='lat' dir='ltr'>quod</span> <span class='ocrx_word' id='word_1_396' title='bbox 760 3945 817 3986; x_wconf 91' lang='lat' dir='ltr'>non</span> <span class='ocrx_word' id='word_1_397' title='bbox 841 3926 1054 4002; x_wconf 89' lang='lat' dir='ltr'>concoquebas,</span> <span class='ocrx_word' id='word_1_398' title='bbox 1077 3933 1106 3984; x_wconf 89' lang='lat' dir='ltr'>te</span> <span class='ocrx_word' id='word_1_399' title='bbox 1129 3928 1294 3985; x_wconf 82' lang='lat' dir='ltr'>evomuisse</span> <span class='ocrx_word' id='word_1_400' title='bbox 1318 3929 1394 3985; x_wconf 91' lang='lat' dir='ltr'>cirea</span> <span class='ocrx_word' id='word_1_401' title='bbox 1415 3927 1490 3986; x_wconf 89' lang='lat' dir='ltr'>hanc</span> 
     </span>
     <span class='ocr_line' id='line_1_42' title="bbox 139 4013 1490 4091; baseline -0.001 -18"><span class='ocrx_word' id='word_1_402' title='bbox 139 4013 364 4091; x_wconf 83' lang='lat' dir='ltr'>aequalitatem:</span> <span class='ocrx_word' id='word_1_403' title='bbox 392 4030 460 4073; x_wconf 88' lang='lat' dir='ltr'>ecoe</span> <span class='ocrx_word' id='word_1_404' title='bbox 483 4032 552 4073; x_wconf 78' lang='lat' dir='ltr'>aero</span> <span class='ocrx_word' id='word_1_405' title='bbox 576 4023 688 4074; x_wconf 90' lang='lat' dir='ltr'>ructum</span> <span class='ocrx_word' id='word_1_406' title='bbox 712 4018 869 4074; x_wconf 88' lang='lat' dir='ltr'>etiamnum</span> <span class='ocrx_word' id='word_1_407' title='bbox 893 4031 996 4085; x_wconf 81' lang='lat' dir='ltr'>urium,</span> <span class='ocrx_word' id='word_1_408' title='bbox 1028 4013 1148 4071; x_wconf 89' lang='lat' dir='ltr'>dilatum</span> <span class='ocrx_word' id='word_1_409' title='bbox 1172 4013 1248 4071; x_wconf 91' lang='lat' dir='ltr'>ultra</span> <span class='ocrx_word' id='word_1_410' title='bbox 1271 4016 1418 4089; x_wconf 89' lang='lat' dir='ltr'>sequentis</span> <span class='ocrx_word' id='word_1_411' title='bbox 1442 4032 1490 4071; x_wconf 90' lang='lat' dir='ltr'>ra-</span> 
     </span>
     <span class='ocr_line' id='line_1_43' title="bbox 139 4099 1490 4176; baseline -0.002 -17"><span class='ocrx_word' id='word_1_412' title='bbox 139 4103 226 4161; x_wconf 84' lang='lat' dir='ltr'>tionis</span> <span class='ocrx_word' id='word_1_413' title='bbox 248 4102 436 4161; x_wconf 83' lang='lat' dir='ltr'>vexationem</span> <span class='ocrx_word' id='word_1_414' title='bbox 459 4104 487 4159; x_wconf 89' lang='lat' dir='ltr'>in</span> <span class='ocrx_word' id='word_1_415' title='bbox 510 4102 795 4163; x_wconf 67' lang='grc'><strong>1011111131134.</strong></span> <span class='ocrx_word' id='word_1_416' title='bbox 835 4100 936 4160; x_wconf 91' lang='lat' dir='ltr'>Videri</span> <span class='ocrx_word' id='word_1_417' title='bbox 959 4101 1012 4159; x_wconf 88' lang='lat' dir='ltr'>tibi</span> <span class='ocrx_word' id='word_1_418' title='bbox 1035 4101 1117 4176; x_wconf 90' lang='lat' dir='ltr'>dicis,</span> <span class='ocrx_word' id='word_1_419' title='bbox 1140 4099 1310 4176; x_wconf 79' lang='lat' dir='ltr'>&#39;l&#39;ychonem</span> <span class='ocrx_word' id='word_1_420' title='bbox 1334 4117 1490 4175; x_wconf 89' lang='lat' dir='ltr'>argumen-</span> 
     </span>
     <span class='ocr_line' id='line_1_44' title="bbox 139 4186 1490 4269; baseline -0.003 -21"><span class='ocrx_word' id='word_1_421' title='bbox 139 4190 193 4248; x_wconf 80' lang='lat' dir='ltr'>tarr·</span> <span class='ocrx_word' id='word_1_422' title='bbox 215 4189 255 4248; x_wconf 87' lang='lat' dir='ltr'>ab</span> <span class='ocrx_word' id='word_1_423' title='bbox 277 4189 457 4265; x_wconf 89' lang='lat' dir='ltr'>aequalitate</span> <span class='ocrx_word' id='word_1_424' title='bbox 478 4187 508 4269; x_wconf 86' lang='lat' dir='ltr'>(a</span> <span class='ocrx_word' id='word_1_425' title='bbox 531 4191 804 4267; x_wconf 89' lang='lat' dir='ltr'>proportionalitate</span> <span class='ocrx_word' id='word_1_426' title='bbox 827 4188 947 4247; x_wconf 88' lang='lat' dir='ltr'>voluisti</span> <span class='ocrx_word' id='word_1_427' title='bbox 970 4186 1076 4263; x_wconf 89' lang='lat' dir='ltr'>dicere)</span> <span class='ocrx_word' id='word_1_428' title='bbox 1104 4190 1242 4263; x_wconf 91' lang='lat' dir='ltr'>temporis</span> <span class='ocrx_word' id='word_1_429' title='bbox 1264 4187 1301 4245; x_wconf 92' lang='lat' dir='ltr'>ad</span> <span class='ocrx_word' id='word_1_430' title='bbox 1324 4189 1490 4264; x_wconf 89' lang='lat' dir='ltr'>proportio·</span> 
     </span>
     <span class='ocr_line' id='line_1_45' title="bbox 138 4274 1488 4352; baseline -0.002 -17"><span class='ocrx_word' id='word_1_431' title='bbox 138 4274 290 4337; x_wconf 83' lang='lat' dir='ltr'>ualitatem</span> <span class='ocrx_word' id='word_1_432' title='bbox 311 4292 442 4349; x_wconf 89' lang='lat' dir='ltr'>arcuum,</span> <span class='ocrx_word' id='word_1_433' title='bbox 465 4284 537 4352; x_wconf 90' lang='lat' dir='ltr'>puta</span> <span class='ocrx_word' id='word_1_434' title='bbox 558 4280 697 4336; x_wconf 88' lang='lat' dir='ltr'>visorum.</span> <span class='ocrx_word' id='word_1_435' title='bbox 739 4278 777 4336; x_wconf 84' lang='lat' dir='ltr'>Et</span> <span class='ocrx_word' id='word_1_436' title='bbox 798 4277 855 4335; x_wconf 91' lang='lat' dir='ltr'>hoc</span> <span class='ocrx_word' id='word_1_437' title='bbox 875 4275 993 4334; x_wconf 80' lang='lat' dir='ltr'>refutas.</span> <span class='ocrx_word' id='word_1_438' title='bbox 1039 4274 1199 4350; x_wconf 82' lang='lat' dir='ltr'>Triumphe</span> <span class='ocrx_word' id='word_1_439' title='bbox 1222 4275 1310 4350; x_wconf 85' lang='lat' dir='ltr'>igitur</span> <span class='ocrx_word' id='word_1_440' title='bbox 1332 4284 1361 4334; x_wconf 91' lang='lat' dir='ltr'>te</span> <span class='ocrx_word' id='word_1_441' title='bbox 1384 4277 1488 4351; x_wconf 91' lang='lat' dir='ltr'>ipsum.</span> 
     </span>
     <span class='ocr_line' id='line_1_46' title="bbox 138 4361 1489 4442; baseline -0.004 -18"><span class='ocrx_word' id='word_1_442' title='bbox 138 4362 241 4442; x_wconf 76' lang='lat' dir='ltr'>Tyelro</span> <span class='ocrx_word' id='word_1_443' title='bbox 264 4382 299 4424; x_wconf 84' lang='lat' dir='ltr'>er</span> <span class='ocrx_word' id='word_1_444' title='bbox 320 4363 593 4441; x_wconf 87' lang='lat' dir='ltr'>proportionalitate</span> <span class='ocrx_word' id='word_1_445' title='bbox 617 4368 754 4441; x_wconf 88' lang='lat' dir='ltr'>temporis</span> <span class='ocrx_word' id='word_1_446' title='bbox 778 4364 891 4438; x_wconf 88' lang='lat' dir='ltr'>colligit</span> <span class='ocrx_word' id='word_1_447' title='bbox 912 4361 1144 4440; x_wconf 89' lang='lat' dir='ltr'>proportionales</span> <span class='ocrx_word' id='word_1_448' title='bbox 1166 4378 1249 4420; x_wconf 89' lang='lat' dir='ltr'>arcus</span> <span class='ocrx_word' id='word_1_449' title='bbox 1265 4378 1359 4432; x_wconf 80' lang='lat' dir='ltr'>veros,</span> <span class='ocrx_word' id='word_1_450' title='bbox 1383 4362 1489 4437; x_wconf 88' lang='lat' dir='ltr'>quibus</span> 
     </span>
     <span class='ocr_line' id='line_1_47' title="bbox 139 4447 1489 4528; baseline -0.001 -19"><span class='ocrx_word' id='word_1_451' title='bbox 139 4466 204 4509; x_wconf 85' lang='lat' dir='ltr'>cnm</span> <span class='ocrx_word' id='word_1_452' title='bbox 228 4449 428 4528; x_wconf 87' lang='lat' dir='ltr'>deprehendat</span> <span class='ocrx_word' id='word_1_453' title='bbox 449 4468 513 4510; x_wconf 86' lang='lat' dir='ltr'>esse</span> <span class='ocrx_word' id='word_1_454' title='bbox 536 4452 674 4527; x_wconf 90' lang='lat' dir='ltr'>aequales</span> <span class='ocrx_word' id='word_1_455' title='bbox 699 4469 783 4511; x_wconf 90' lang='lat' dir='ltr'>arens</span> <span class='ocrx_word' id='word_1_456' title='bbox 805 4453 900 4520; x_wconf 84' lang='lat' dir='ltr'>visos,</span> <span class='ocrx_word' id='word_1_457' title='bbox 932 4468 967 4508; x_wconf 90' lang='lat' dir='ltr'>ex</span> <span class='ocrx_word' id='word_1_458' title='bbox 992 4466 1027 4509; x_wconf 94' lang='lat' dir='ltr'>eo</span> <span class='ocrx_word' id='word_1_459' title='bbox 1050 4448 1210 4519; x_wconf 89' lang='lat' dir='ltr'>concludit,</span> <span class='ocrx_word' id='word_1_460' title='bbox 1241 4447 1401 4525; x_wconf 89' lang='lat' dir='ltr'>parallaxin</span> <span class='ocrx_word' id='word_1_461' title='bbox 1425 4466 1489 4508; x_wconf 87' lang='lat' dir='ltr'>esse</span> 
     </span>
     <span class='ocr_line' id='line_1_48' title="bbox 137 4535 1488 4616; baseline -0.004 -20"><span class='ocrx_word' id='word_1_462' title='bbox 137 4538 260 4613; x_wconf 86' lang='lat' dir='ltr'>nullam,</span> <span class='ocrx_word' id='word_1_463' title='bbox 284 4556 362 4616; x_wconf 90' lang='lat' dir='ltr'>qnae</span> <span class='ocrx_word' id='word_1_464' title='bbox 383 4536 465 4597; x_wconf 90' lang='lat' dir='ltr'>illam</span> <span class='ocrx_word' id='word_1_465' title='bbox 487 4556 622 4615; x_wconf 85' lang='lat' dir='ltr'>magnam</span> <span class='ocrx_word' id='word_1_466' title='bbox 646 4542 688 4597; x_wconf 89' lang='lat' dir='ltr'>tui</span> <span class='ocrx_word' id='word_1_467' title='bbox 711 4539 855 4597; x_wconf 91' lang='lat' dir='ltr'>lemmatis</span> <span class='ocrx_word' id='word_1_468' title='bbox 879 4536 1070 4596; x_wconf 85' lang='lat' dir='ltr'>differentiam</span> <span class='ocrx_word' id='word_1_469' title='bbox 1092 4535 1194 4594; x_wconf 88' lang='lat' dir='ltr'>horum</span> <span class='ocrx_word' id='word_1_470' title='bbox 1211 4552 1328 4595; x_wconf 90' lang='lat' dir='ltr'>arcuum</span> <span class='ocrx_word' id='word_1_471' title='bbox 1345 4543 1488 4594; x_wconf 89' lang='lat' dir='ltr'>causetur.</span> 
     </span>
    </p>

    <p class='ocr_par' dir='ltr' id='par_1_12' title="bbox 138 4621 1488 4789">
     <span class='ocr_line' id='line_1_49' title="bbox 244 4621 1488 4703; baseline -0.003 -19"><span class='ocrx_word' id='word_1_472' title='bbox 244 4627 294 4685; x_wconf 76' lang='grc'>12.</span> <span class='ocrx_word' id='word_1_473' title='bbox 333 4625 430 4703; x_wconf 85' lang='lat' dir='ltr'>Negat</span> <span class='ocrx_word' id='word_1_474' title='bbox 451 4635 563 4702; x_wconf 91' lang='lat' dir='ltr'>quarto,</span> <span class='ocrx_word' id='word_1_475' title='bbox 589 4626 778 4686; x_wconf 82' lang='lat' dir='ltr'>differentiam</span> <span class='ocrx_word' id='word_1_476' title='bbox 801 4629 830 4684; x_wconf 93' lang='lat' dir='ltr'>in</span> <span class='ocrx_word' id='word_1_477' title='bbox 855 4624 905 4682; x_wconf 89' lang='lat' dir='ltr'>illa</span> <span class='ocrx_word' id='word_1_478' title='bbox 929 4623 1182 4683; x_wconf 90' lang='lat' dir='ltr'>demonstrationis</span> <span class='ocrx_word' id='word_1_479' title='bbox 1199 4621 1384 4700; x_wconf 79' lang='lat' dir='ltr'>Tychonieae</span> <span class='ocrx_word' id='word_1_480' title='bbox 1407 4639 1488 4682; x_wconf 91' lang='lat' dir='ltr'>com·</span> 
     </span>
     <span class='ocr_line' id='line_1_50' title="bbox 138 4709 1488 4789; baseline -0.005 -16"><span class='ocrx_word' id='word_1_481' title='bbox 138 4714 290 4789; x_wconf 80' lang='lat' dir='ltr'>paratione</span> <span class='ocrx_word' id='word_1_482' title='bbox 322 4714 449 4772; x_wconf 80' lang='lat' dir='ltr'>laturam</span> <span class='ocrx_word' id='word_1_483' title='bbox 478 4715 568 4774; x_wconf 90' lang='lat' dir='ltr'>inisse</span> <span class='ocrx_word' id='word_1_484' title='bbox 597 4723 656 4772; x_wconf 90' lang='lat' dir='ltr'>tam</span> <span class='ocrx_word' id='word_1_485' title='bbox 687 4730 824 4789; x_wconf 86' lang='lat' dir='ltr'>parram,</span> <span class='ocrx_word' id='word_1_486' title='bbox 856 4712 912 4771; x_wconf 89' lang='lat' dir='ltr'>hoe</span> <span class='ocrx_word' id='word_1_487' title='bbox 934 4719 979 4771; x_wconf 90' lang='lat' dir='ltr'>est</span> <span class='ocrx_word' id='word_1_488' title='bbox 1001 4713 1087 4769; x_wconf 91' lang='lat' dir='ltr'>unius</span> <span class='ocrx_word' id='word_1_489' title='bbox 1109 4709 1212 4768; x_wconf 90' lang='lat' dir='ltr'>saltem</span> <span class='ocrx_word' id='word_1_490' title='bbox 1234 4711 1352 4781; x_wconf 91' lang='lat' dir='ltr'>minuti,</span> <span class='ocrx_word' id='word_1_491' title='bbox 1382 4711 1407 4768; x_wconf 91' lang='lat' dir='ltr'>si</span> <span class='ocrx_word' id='word_1_492' title='bbox 1431 4725 1488 4767; x_wconf 91' lang='lat' dir='ltr'>non</span> 
     </span>
    </p>
   </div>
   <div class='ocr_carea' id='block_1_3' title="bbox 1210 4814 1279 4871">
    <p class='ocr_par' dir='ltr' id='par_1_13' title="bbox 1210 4814 1279 4871">
     <span class='ocr_line' id='line_1_51' title="bbox 1210 4814 1279 4871; baseline -0.014 0"><span class='ocrx_word' id='word_1_493' title='bbox 1210 4814 1279 4871; x_wconf 76' lang='lat'>15⁴·</span> 
     </span>
    </p>
   </div>
   <div class='ocr_carea' id='block_1_4' title="bbox 0 0 1646 5520">
    <p class='ocr_par' dir='ltr' id='par_1_14' title="bbox 0 0 1646 5520">
     <span class='ocr_line' id='line_1_52' title="bbox 0 0 1646 5520; baseline 0 2"><span class='ocrx_word' id='word_1_494' title='bbox 0 0 1646 5520; x_wconf 95' lang='lat' dir='ltr'> </span> 
     </span>
    </p>
   </div>
  </div>
 </body>
</html>
