3284 5520
435 316 479 371 Ad
497 315 595 372 librum
607 313 641 369 Π.
670 313 1084 386 Anti-Tychoniscup.12.13.
1375 314 1440 381 193

171 494 242 549 “·14.
272 493 314 552 At
337 492 441 553 eadem
457 512 476 553 a
491 513 536 554 me
559 503 628 554 sunt
651 498 681 553 in
702 495 900 570 superioribus
923 493 1063 565 stabilita,
1088 492 1180 550 bostis
1196 491 1330 567 reiectus.
1362 490 1440 567 Quid

86 578 163 653 quod
189 579 230 636 ibi
254 597 290 638 ne
314 580 433 656 quidem
457 584 485 639 in
509 583 584 641 hane
606 591 719 658 partem
742 584 873 641 incubuit
889 581 1034 657 Scipionis
1051 583 1185 654 impetus,
1209 588 1242 637 ut
1256 579 1323 639 viae
1340 596 1440 639 come-

84 676 129 723 tae
160 665 209 724 vel
238 667 351 743 figurae
383 668 430 728 vel
461 669 618 729 celeritatis
655 670 894 744 inaequalitatem
927 672 957 726 in
991 666 1188 726 consimilibus
1226 665 1337 725 dierum
1374 685 1440 727 mo·

85 755 206 824 mentis,
230 753 266 813 de
289 757 396 830 quibus
419 755 467 814 hic
490 759 595 832 agitur,
618 759 812 816 attribueret?
842 757 872 816 Si
896 774 964 832 ergo
988 754 1034 813 lris
1057 757 1158 812 nititur
1180 753 1333 827 deductio,
1365 756 1440 814 bene

84 840 160 898 titur.
214 840 256 900 Ar
285 859 344 901 non
373 845 473 901 nititur
504 847 540 901 iis
568 847 627 918 sic,
659 853 707 918 ut,
738 846 794 902 nisi
829 845 866 902 ad
895 841 1097 904 certitudinem
1130 843 1337 917 geometricam
1375 844 1440 918 ipso

82 944 169 986 seusu
193 928 333 1003 majorem
356 929 408 988 illa
432 947 502 990 vera
524 933 591 1004 sint,
615 942 770 1009 propterea
791 935 848 991 ista
868 932 918 989 frat
940 946 1068 1002 erronea,
1093 939 1144 987 aut
1159 928 1311 1003 illegitima
1327 931 1438 988 censeri

84 1013 206 1073 debeat:
239 1032 306 1075 cum
336 1015 372 1076 de
402 1020 487 1076 unius
517 1018 609 1077 solius
639 1019 695 1078 diei
726 1035 794 1078 arcu
824 1029 941 1094 agatur,
974 1020 1003 1073 in
1027 1035 1087 1092 qua
1110 1016 1240 1075 exilitate
1263 1019 1386 1075 mumtio
1410 1020 1439 1072 in

85 1101 282 1161 fundamentis
305 1106 378 1163 satis
400 1120 507 1180 magna
529 1106 664 1165 effectum
682 1106 771 1165 lrabet
786 1105 866 1165 nullo
881 1106 968 1164 modo
983 1102 1162 1164 sensibilem.
1199 1103 1333 1179 Denique
1349 1121 1439 1163 even·

84 1201 144 1245 tum
168 1187 354 1249 deductionis
379 1192 461 1266 ipsae
484 1191 596 1250 dicrum
619 1196 799 1269 propriorum
823 1195 1057 1266 observationes,
1082 1208 1157 1266 quac
1179 1194 1241 1249 sine
1260 1191 1441 1266 impudentia

85 1279 186 1350 negari
210 1293 268 1334 non
290 1286 463 1353 potuerunt,
492 1281 640 1355 reciproca
664 1297 752 1356 opera
776 1283 966 1358 comprobant
990 1296 1163 1353 onnrcrnque
1186 1277 1314 1354 Scipioni
1338 1296 1440 1337 ansam

82 1361 258 1437 praecidunt
279 1363 316 1422 de
339 1382 375 1423 ea
398 1363 560 1424 dubitandi.

192 1451 241 1509 15.
277 1449 346 1509 Huc
375 1452 528 1527 conjiciam
560 1455 648 1512 etiam
678 1452 743 1524 illa,
775 1471 850 1529 quac
874 1452 972 1530 Scipio
1004 1451 1053 1511 sol.
1080 1454 1150 1510 193.
1174 1450 1212 1509 ad
1236 1451 1440 1511 infirmandam

82 1540 143 1595 rim
165 1537 255 1611 hujus
277 1542 440 1613 argumenti
463 1539 592 1600 adducit.
628 1540 751 1614 Quoties
775 1544 851 1599 enirn
875 1541 1020 1598 invenitur
1043 1542 1118 1597 inter
1140 1537 1289 1614 Tycbonis
1312 1548 1342 1598 et
1363 1540 1439 1599 alio-

80 1643 147 1682 rum
169 1624 392 1684 observationes
415 1625 568 1687 discrimen
592 1631 610 1684 2
635 1627 683 1685 vel
707 1629 725 1684 3
752 1629 799 1687 vel
824 1631 841 1686 6
865 1626 1080 1702 scrupulorum,
1105 1626 1212 1701 quibus
1235 1635 1350 1685 cometa
1372 1627 1439 1685 aliis

80 1712 203 1787 longius
225 1729 244 1770 a
265 1711 324 1770 fixa
346 1712 475 1773 abluisse
500 1717 579 1774 visus
603 1722 655 1785 est,
679 1732 768 1789 quam
784 1714 926 1792 Tycboni,
950 1717 1037 1774 toties
1061 1711 1090 1770 id
1106 1713 1203 1790 Scipio
1229 1716 1313 1789 quasi
1336 1716 1438 1772 certis·

77 1802 164 1857 simis
196 1799 453 1859 observationibus
484 1804 512 1859 in
535 1808 738 1877 argumentum
761 1803 880 1878 nrajoris
904 1801 1103 1877 parallarreos,
1134 1817 1222 1875 quarn
1251 1810 1296 1859 est
1318 1799 1439 1873 lunaris,

73 1896 248 1961 retorquet,
272 1889 389 1961 quoties
412 1905 482 1947 vero
507 1888 554 1948 vel
578 1892 764 1947 consentiunt
786 1908 802 1947 c
821 1889 944 1948 diversis
967 1888 1039 1948 locis
1063 1888 1220 1946 observata
1244 1888 1289 1946 vel
1315 1890 1343 1944 in
1367 1905 1440 1946 con-

75 1975 203 2031 trarium
228 1972 411 2046 dissentiunt,
434 1993 494 2034 rem
517 1976 555 2035 ad
578 1976 760 2051 impossibile
785 1976 977 2050 deducentes,
1001 1978 1106 2047 toties,
1130 1991 1166 2032 ne
1190 1991 1314 2033 errorem
1338 1977 1440 2035 obser-

75 2063 237 2119 vationum
262 2072 384 2137 cogatur
405 2062 498 2133 lateri,
522 2064 709 2123 retractiones
733 2074 879 2124 causatur.
919 2063 994 2121 Dico
1017 2065 1109 2139 primo
1133 2060 1210 2121 idem
1234 2062 1314 2137 quod
1337 2072 1440 2122 antea:

70 2147 189 2225 'l'ycbo
213 2165 357 2207 summam
380 2151 421 2207 rei
444 2166 502 2208 non
526 2150 648 2209 credidit
671 2150 716 2208 his
739 2150 861 2208 aliorum
882 2151 1147 2223 observationibus,
1172 2157 1334 2221 contentus,
1358 2168 1389 2208 se
1406 2168 1441 2208 ex

67 2235 139 2295 hac
167 2236 280 2296 ratione
309 2234 541 2312 qualemcunque
572 2255 745 2297 consensum
774 2237 877 2297 elicere
902 2254 967 2296 cum
990 2240 1087 2313 priori.
1133 2235 1253 2294 Tractat
1275 2239 1363 2311 igitur·
1385 2237 1442 2295 lroc

64 2331 285 2398 argumentum
309 2331 341 2382 ut
362 2340 533 2399 commune,
558 2333 698 2400 quantum
722 2324 759 2383 ad
783 2325 837 2383 lras
860 2324 1005 2400 Scipionis
1029 2325 1225 2399 exceptiones,
1249 2323 1300 2382 scd
1326 2324 1355 2381 id
1375 2324 1441 2398 jure

64 2427 140 2468 non
173 2412 318 2468 communi
347 2426 412 2468 cum
441 2411 619 2486 adversario.
664 2411 800 2470 Nondum
829 2414 905 2470 enim
928 2411 1027 2487 Scipio
1057 2404 1128 2469 aliisi
1151 2412 1330 2485 argumentis
1354 2413 1440 2470 certis

63 2498 295 2558 demonstravit
317 2514 401 2556 suam
424 2502 607 2572 sententiam,
631 2508 662 2557 at
686 2499 896 2558 demonstravit
919 2499 1021 2575 Tycho
1043 2498 1104 2573 jarn
1129 2497 1247 2556 dudum.

193 2589 241 2642 16.
281 2583 367 2660 Quod
391 2602 459 2644 vero
484 2586 699 2645 Claramontius
721 2586 769 2645 hic
792 2604 904 2645 rursurn
928 2587 1131 2644 refractionum
1156 2585 1279 2644 nebulas
1303 2585 1440 2660 exspirat,

64 2671 196 2748 quibua
216 2680 388 2747 argumenta
410 2673 599 2749 parallactica
621 2673 724 2732 reddat
747 2676 953 2749 inconspicua:
986 2672 1071 2739 dicit,
1096 2672 1166 2748 quid
1191 2689 1255 2731 esse
1279 2675 1387 2749 possit,
1411 2681 1442 2730 at

61 2775 136 2818 nec
161 2758 240 2833 qnid
258 2762 296 2817 eit
320 2758 404 2833 dicit,
432 2777 486 2820 nec
514 2768 675 2837 quantum.
722 2761 873 2820 Fatebitur·
904 2779 969 2820 curn
992 2759 1149 2836 Tychone,
1183 2761 1211 2817 in
1240 2761 1441 2818 notationibus

59 2852 237 2906 auctorum
260 2845 375 2904 illorum
399 2846 555 2906 desiderari
580 2848 665 2906 horas
690 2865 852 2923 expressas.
898 2849 951 2905 Est
981 2850 1069 2922 igitur
1093 2850 1194 2921 ignota
1217 2857 1348 2904 cometae
1371 2846 1441 2904 alti·

59 2931 163 3004 tudo,
191 2948 279 3007 quare
303 2942 332 2993 et
353 2933 488 2994 relractio
512 2937 614 3012 ignota
631 2945 659 2994 ct
675 2935 794 2994 effectus
810 2935 874 3010 ejus
890 2938 917 2992 in
934 2934 1086 2994 turbandis
1102 2933 1313 3010 parallaxibus.
1354 2933 1441 3007 Quid,

60 3022 134 3079 nisi
161 3027 276 3078 cometa
298 3019 428 3096 pro'xime
449 3021 630 3081 horizontem
647 3023 742 3095 luerit,
766 3024 900 3081 nimirum
917 3025 1005 3080 ctiam
1021 3023 1186 3081 refractioni
1204 3021 1309 3080 tribuet
1324 3020 1441 3096 Scipio?

61 3110 121 3167 At
146 3116 250 3165 contra
272 3125 386 3167 summa
407 3110 614 3185 probabilitate
637 3110 765 3184 nitimur,
789 3113 814 3168 si
838 3109 977 3181 dicamus,
1003 3113 1081 3186 ipsos
1098 3110 1270 3169 observasse
1287 3118 1440 3182 cometam,

63 3211 175 3272 quam
200 3196 295 3271 potuit
318 3194 379 3254 fieri
402 3196 592 3270 altissimum,
618 3198 717 3255 statim
740 3196 801 3256 scil.
825 3208 892 3272 post
916 3214 1051 3255 occasum
1076 3195 1161 3269 Solis,
1187 3214 1253 3255 cnm
1275 3205 1304 3254 et
1327 3205 1441 3272 tempus

62 3282 115 3342 ad
142 3280 363 3340 observandum
385 3285 493 3343 invitat
515 3292 543 3343 et
567 3285 774 3360 impedimenta
797 3287 962 3359 prospectui
980 3282 1152 3341 bor-izontali
1169 3271 1296 3341 nondum
1313 3284 1440 3341 obstant.

65 3371 136 3429 Est
160 3369 251 3443 igitur
272 3368 445 3444 verisimile,
478 3378 621 3432 cometam
652 3381 733 3431 extra
763 3374 950 3431 retractiones
974 3370 1030 3428 illis
1054 3372 1142 3428 luisse
1165 3369 1317 3444 nullasque
1341 3387 1440 3428 earum

67 3460 105 3513 in
134 3453 289 3515 causando
310 3455 367 3515 lroc
389 3457 523 3517 dissensu
546 3460 635 3518 luisse
658 3467 764 3535 partes,
790 3476 890 3517 omnes
913 3475 982 3516 vero
1006 3475 1143 3517 erroneae
1167 3458 1387 3529 observationis,
1411 3460 1440 3513 in

70 3560 175 3620 quam
199 3546 373 3602 sententiam
396 3545 458 3603 abit
480 3545 591 3623 'syebo
636 3545 712 3603 Vide
736 3546 800 3621 ejus
822 3546 887 3603 libri
911 3545 961 3603 sol.
988 3547 1057 3604 133.
1090 3554 1118 3602 et
1147 3545 1256 3619 passim
1284 3546 1441 3618 ingenuam

70 3632 118 3690 de
140 3629 192 3688 lris
215 3628 338 3688 aliorum
362 3632 617 3691 observationibus
641 3634 862 3694 consessionem.
898 3631 1026 3708 Jamque
1050 3631 1165 3690 absolvi
1190 3634 1288 3690 omnia
1307 3633 1336 3687 in
1353 3649 1441 3689 unum

69 3718 183 3777 locum
206 3726 322 3789 coacta,
355 3735 431 3794 quae
455 3718 668 3780 Claramontius
696 3722 911 3797 argumentanti
936 3718 1069 3796 Tycboni
1098 3722 1140 3777 sic
1163 3717 1381 3794 interloquitur,
1410 3726 1442 3776 ut

73 3808 142 3863 vim
166 3807 330 3880 argumenti
353 3814 463 3884 petant.

193 3898 242 3951 17.
279 3890 422 3952 Revertar
449 3910 526 3953 nunc
555 3912 589 3953 ex
618 3893 668 3952 lol.
696 3896 765 3952 194.
797 3893 835 3951 ad
859 3893 908 3951 iol.
937 3894 1007 3953 186.
1038 3902 1066 3951 et
1096 3894 1264 3952 instantiam
1295 3892 1442 3969 Scipionis

75 3979 209 4038 tertiam.

190 4064 293 4142 'l'ycho
317 4064 355 4124 ad
378 4066 519 4143 majorem
542 4068 585 4126 rei
609 4067 804 4140 evidentiam,
828 4085 884 4126 non
910 4068 988 4143 quod
1011 4069 1130 4126 omnino
1152 4084 1272 4126 necesse
1297 4074 1374 4126 esset
1397 4069 1440 4141 (in

82 4154 261 4213 tractatione
290 4155 399 4233 quippe
427 4156 591 4231 argumenti
620 4172 725 4230 perse
748 4154 842 4214 solum
866 4150 1052 4236 imbecillis),
1081 4156 1184 4213 statuit
1205 4154 1253 4214 bic
1276 4156 1379 4214 iterum
1403 4154 1441 4212 ob

81 4239 189 4300 oculos
218 4257 341 4317 ponere,
372 4249 513 4317 quantum
538 4242 661 4301 dirersis
687 4241 757 4300 locis
781 4245 930 4301 variatnra
953 4243 1056 4300 luisset
1080 4241 1246 4299 distantiam
1270 4248 1401 4300 cornetae
1424 4260 1443 4299 a

82 4326 143 4386 fixa
171 4326 330 4404 parallaxis
360 4328 453 4404 major
482 4328 585 4387 lunari.
633 4328 731 4387 Minus
762 4347 830 4388 vcro
858 4330 994 4401 feliciter,
1027 4346 1114 4404 quam
1144 4331 1171 4385 in
1204 4329 1442 4406 comprobatione

83 4417 174 4490 priori
198 4415 287 4474 cessit
309 4416 365 4490 ipsi
388 4414 445 4474 hoc
468 4432 551 4492 opus.
597 4415 630 4473 In
661 4417 715 4475 hac
744 4419 831 4493 igitur
854 4416 1070 4477 conflictatione
1094 4415 1192 4491 Scipio
1217 4416 1441 4487 oculatissimus,

83 4518 151 4560 cum
175 4520 228 4562 sex
252 4504 370 4561 omnino
394 4502 633 4578 deprehendisset
649 4502 798 4579 Tychonis
815 4521 933 4575 errores,
957 4513 990 4563 ut
1005 4507 1067 4579 ipse
1086 4503 1236 4577 indigeret,
1260 4502 1336 4575 hinc,
1360 4510 1441 4577 puto,

86 4592 242 4649 occasione
272 4599 384 4661 summ,
416 4593 529 4649 censuit
557 4592 612 4649 sibi
644 4591 748 4648 librum
777 4608 905 4648 crassum
933 4589 1131 4661 scribendum,
1164 4584 1384 4666 peripateticam
1407 4587 1443 4647 de

86 4678 208 4738 cometis
238 4678 406 4754 opinionem
436 4694 544 4752 magna
573 4678 757 4738 solemnitate
787 4678 1011 4738 restituendam:
1045 4679 1128 4752 quasi
1156 4693 1214 4735 non
1237 4676 1357 4754 perinde
1380 4684 1440 4735 sta·

164 4793 260 4845 Raptari
273 4793 357 4844 opera.
384 4795 434 4837 vn.
1194 4783 1232 4838 13
