3284 5520
137 331 202 401 722
762 327 860 382 Strarm

242 507 277 569 tn
299 505 467 567 alvearibus
490 459 563 566 vero.
584 524 672 584 apum
694 506 768 566 ratio
792 511 837 565 est
858 503 927 564 alia.
963 462 1033 564 'Non
1056 522 1085 566 n.
1109 509 1329 585 conglobantur
1344 529 1415 588 apes
1431 528 1505 572 eon··

138 597 216 671 fuse,
247 604 279 655 ut
300 596 377 654 acini
400 595 428 651 in
452 593 543 668 malo,
576 593 627 652 sed
651 594 831 652 arbitrariam
854 600 969 651 struunt
992 595 1098 667 aciem,
1129 613 1233 657 omnes
1256 601 1406 675 capitibus
1432 618 1513 677 pro·-

138 685 281 742 minentes
304 684 332 740 in
356 698 444 739 unam
469 681 515 740 vel
539 679 693 740 adversam
716 681 845 756 plagam,
868 694 969 739 omnes
991 680 1126 740 alvorum
1148 687 1287 744 extremis
1303 689 1431 746 invicem
1445 690 1497 747 eh-

137 774 271 830 nitentes.
319 767 431 844 Quodsi
462 787 498 826 ex
521 767 744 845 conglobatione
767 766 936 842 hujusmodi
958 770 1094 828 existeret
1115 769 1211 845 figura
1234 771 1325 845 haec,
1357 785 1497 850 oporteret

139 858 241 916 alveos
264 856 369 933 apibus
393 854 562 930 superindui
586 873 620 912 ex
641 856 830 913 consistentia
845 853 979 912 exsudati
997 853 1129 933 lentoris,
1152 866 1186 917 ut
1207 859 1338 920 cochleis
1364 865 1496 921 contortis

137 944 234 1004 solent
255 959 472 1020 supercrescere
496 941 700 1001 domunculae.
742 944 782 1000 At
804 950 913 1000 certum
937 948 990 1013 est,
1018 959 1090 1018 apes
1113 945 1193 1019 ipsas
1216 963 1289 1006 snos
1312 948 1372 1006 sibi
1394 949 1496 1024 fingere

138 1030 240 1091 aleam
264 1040 413 1104 totamque
437 1047 455 1087 a
477 1028 673 1088 fundamentis
697 1031 944 1103 contignationem
967 1036 1124 1089 exstruere.

243 1115 340 1192 Quare
364 1120 427 1192 ipsa
451 1119 514 1194 apis
538 1125 642 1174 natura
665 1117 741 1175 hunc
766 1117 932 1174 instinctum
955 1114 1044 1175 hahet
1061 1134 1095 1175 ex
1111 1120 1293 1192 proprietate
1310 1137 1375 1192 sua,
1400 1121 1497 1183 atltae

138 1208 322 1282 potissimum
345 1203 439 1280 figura
462 1203 612 1276 aedificot3
636 1204 683 1262 hie
705 1201 747 1261 illi
771 1202 947 1280 archetypus
970 1220 989 1260 a
1010 1211 1140 1262 creatore
1164 1207 1328 1280 impressus
1351 1217 1407 1282 eat,
1431 1208 1497 1268 nihil

140 1292 188 1352 hie
211 1295 334 1351 materia
356 1308 451 1365 neque
475 1309 557 1349 cerae
580 1308 675 1365 neque
699 1290 862 1365 corpusculi
886 1292 960 1365 opis,
984 1289 1055 1347 nihil
1080 1291 1256 1350 incrementa
1276 1305 1415 1370 possunt.

242 1378 309 1438 lIoe
337 1377 541 1436 animadverso
573 1381 722 1453 quaeritur
746 1378 807 1452 jam
831 1393 916 1454 porro
940 1388 969 1434 et
992 1375 1027 1434 de
1049 1376 1119 1449 fine,
1151 1395 1208 1437 non
1233 1398 1325 1456 quem
1350 1386 1415 1458 apis
1437 1386 1497 1460 ipsa

139 1475 321 1526 consectetur
344 1465 475 1524 discursu
499 1483 567 1536 suo,
599 1465 649 1522 sed
673 1482 759 1539 quern
784 1464 865 1522 Deus
889 1466 965 1539 ipse,
996 1463 1131 1538 apiculae
1154 1476 1282 1541 creator,
1317 1474 1495 1548 propositum

140 1553 252 1624 habuit,
277 1570 343 1612 cum
366 1551 408 1609 illi
431 1551 484 1610 has
507 1551 717 1610 architecturae
740 1569 812 1609 succ
835 1549 916 1625 leges
940 1553 1181 1627 praescripsisset
1432 1547 1437 1565 ’

244 1641 343 1716 Atque
366 1639 415 1698 hic
433 1639 496 1714 jam
520 1638 634 1698 demum
659 1657 771 1697 rursum
788 1637 947 1712 ingreditur
961 1637 1027 1695 finis
1042 1636 1279 1712 destinationem,
1304 1644 1494 1704 consideratio

139 1744 293 1803 corporum
320 1728 535 1803 materiaeque,
565 1728 621 1783 tria
645 1728 721 1785 onim
746 1725 781 1783 de
804 1725 860 1783 hoc
883 1725 939 1782 fine
964 1722 1020 1782 diei
1044 1734 1178 1800 possunt.
1224 1728 1356 1789 Primum
1381 1732 1495 1808 vulgare

139 1823 184 1874 est
210 1813 288 1890 apud
311 1813 465 1890 physicos,
495 1815 545 1888 qui
569 1812 605 1871 ad
629 1812 722 1871 solam
746 1812 864 1888 quidem
887 1811 1109 1887 sexangularem
1132 1822 1309 1875 structuram
1333 1822 1494 1894 respiciunt,

139 1909 172 1959 ut
195 1900 246 1960 illa
270 1917 334 1960 eum
358 1899 488 1969 hiatibus
511 1901 690 1958 extrinsecus
715 1918 779 1958 sese
803 1905 1010 1974 repraesentat.
1058 1899 1131 1957 Cum
1158 1903 1235 1960 enirn
1258 1902 1360 1963 locum
1384 1907 1494 1983 planum

140 1987 281 2064 impleant
304 1986 422 2047 excluso
448 2003 539 2046 vacuo
564 1993 677 2045 tanturn
700 1985 756 2046 hae
779 1986 903 2061 figurae,
936 1986 1127 2061 triangulum,
1151 1989 1411 2067 quadrangulum,
1434 2013 1494 2055 scr·

139 2074 294 2151 angulum,
327 2091 361 2132 ex
391 2076 426 2132 iis
448 2073 641 2148 sexangulum
665 2076 857 2150 capacissima
879 2079 923 2132 est
945 2072 1047 2146 figura.
1095 2074 1299 2150 capacitatem
1323 2089 1424 2140 autem
1447 2084 1493 2141 sibi

138 2155 243 2239 parant
266 2178 337 2237 apes
360 2161 396 2219 ad
421 2161 508 2219 mella
532 2160 692 2219 condenda.

245 2246 407 2323 Potestque
438 2248 571 2324 ampliari
605 2247 679 2306 haec
702 2248 775 2305 ratio
799 2248 887 2304 etium
912 2246 948 2304 ad
972 2247 1058 2305 solidi
1083 2248 1351 2313 considerationem
1376 2258 1405 2314 in
1428 2257 1494 2316 hune

138 2334 266 2408 modum,
291 2334 369 2410 quod
393 2350 457 2393 eum
481 2333 607 2392 solidum
631 2336 758 2411 spatium
781 2350 838 2390 non
863 2332 1012 2393 dividatur
1035 2336 1098 2393 sine
1122 2334 1213 2407 hiatu,
1239 2341 1296 2397 nisi
1321 2344 1350 2398 in
1367 2345 1494 2404 cuboset

139 2423 297 2495 rhombiea,
321 2422 472 2480 rhombica
494 2430 561 2480 sunt
585 2421 667 2480 cubis
692 2423 853 2498 capaciora.
892 2419 951 2479 Sed
974 2438 1031 2480 uon
1055 2422 1163 2481 srrfficit
1184 2422 1259 2484 haee
1279 2432 1368 2501 ratio,
1394 2435 1492 2490 namsi

140 2511 330 2586 capacitatem
354 2517 505 2584 quaerunt,
530 2526 579 2567 cur
603 2526 659 2566 non
684 2507 834 2584 quaelibet
857 2508 912 2565 sihi
929 2508 1084 2567 rotundum
1101 2509 1184 2585 fingit
1199 2512 1313 2588 nidum,
1340 2518 1413 2592 quid
1429 2537 1492 2596 opus

139 2607 184 2656 est
206 2598 344 2655 minutias
368 2595 423 2653 loci
448 2599 617 2668 consectari,
642 2598 725 2671 quasi
749 2594 862 2652 nntium
884 2595 912 2651 in
929 2602 990 2654 toto
1007 2595 1118 2656 alveari
1133 2607 1223 2657 restet
1238 2605 1398 2675 spatium?
1428 2606 1493 2666 Pro·

139 2683 265 2743 habilior
288 2690 365 2742 esset
388 2682 461 2742 haec
484 2684 577 2742 altera
600 2700 699 2755 causa,
723 2685 857 2758 quarnvis
880 2698 934 2741 nec
957 2683 1008 2741 illa
1030 2683 1177 2742 sufficiens
1194 2686 1232 2744 ob
1249 2691 1384 2750 rationes
1401 2691 1492 2764 dictu,

140 2771 218 2847 quod
243 2769 343 2828 mollia
366 2769 547 2845 apicularum
572 2770 744 2845 corpusculo
769 2768 950 2828 eomrnodius
966 2768 1098 2829 locantur
1114 2771 1142 2827 in
1159 2771 1228 2830 nido
1244 2773 1362 2851 figuras
1377 2780 1492 2857 plurium

139 2870 168 2917 et
191 2858 363 2916 obtusorum
386 2856 558 2932 angulorum
582 2874 717 2932 quaeque
742 2859 893 2931 cognatior
917 2866 962 2916 est
982 2857 1160 2933 sphaericae,
1185 2876 1274 2935 quam
1292 2865 1322 2922 in
1341 2869 1429 2940 cubo,
1452 2870 1491 2944 qui

139 2962 249 3022 paucos
272 2952 301 3003 et
322 2944 410 3019 longe
434 2957 636 3021 procurrentes
661 2944 750 3003 habet
772 2943 905 3019 angulos,
931 2944 1051 3003 fundum
1073 2944 1203 3022 planum,
1229 2967 1247 3006 a
1271 2967 1398 3027 corpere
1423 2956 1491 3015 tereti

138 3033 348 3092 abhorrentem.

242 3119 335 3194 Igitur
358 3119 472 3176 tertiam
497 3135 612 3175 causant
637 3135 755 3176 neeesse
780 3127 824 3176 est
846 3117 970 3191 addere,
1003 3136 1060 3193 qua
1085 3121 1225 3195 minuitur
1248 3124 1323 3197 ipsis
1348 3124 1446 3200 labor,
1472 3130 1490 3184 si

138 3222 252 3281 semper
275 3205 349 3263 dnae
373 3221 554 3263 conrrnunern
578 3213 690 3262 struant
713 3207 854 3280 parietem
878 3214 906 3263 ct
930 3205 1009 3280 quod
1032 3209 1061 3263 in
1084 3208 1258 3268 rectitudine
1281 3217 1490 3273 coassationuu

138 3293 231 3368 major
254 3291 417 3363 firmitudo,
448 3292 484 3349 ad
509 3300 616 3350 cratem
640 3295 780 3366 integram
803 3293 1018 3365 sustinendam,
1051 3311 1138 3368 quam
1162 3297 1186 3352 si
1210 3298 1351 3371 singulae
1378 3301 1490 3361 domun·

139 3380 221 3439 culae
246 3388 350 3438 teretes
375 3379 498 3454 ideoque
514 3397 680 3453 compressu
700 3380 799 3437 faciles
813 3380 951 3452 fuissent;
976 3379 1101 3454 deniquo
1117 3381 1228 3456 figurae
1245 3387 1395 3448 rotundae
1412 3391 1489 3458 uiant,

139 3486 204 3526 curn
228 3471 354 3525 maxime
379 3469 551 3541 conjunctae
576 3476 651 3538 sunt,
679 3469 777 3541 itaque
801 3468 891 3541 frigus
915 3485 946 3525 se
969 3485 1020 3543 per
1043 3468 1139 3525 hiatus
1164 3471 1337 3532 insinuaret.
1389 3478 1490 3551 Quibus

140 3558 274 3613 omnibus
299 3553 475 3629 providetur,
501 3554 578 3627 quod
603 3556 750 3610 consortia
773 3562 849 3611 tecta
873 3557 952 3612 urhis
976 3555 1095 3623 habent,
1119 3563 1151 3612 ut
1176 3557 1320 3632 Virgilius
1346 3568 1436 3622 canit.

244 3641 307 3700 Has
331 3643 417 3716 igitur
440 3643 566 3697 rationes
591 3640 769 3698 materialem
785 3643 988 3700 necessitatem
1005 3644 1191 3717 respicientes
1207 3646 1250 3704 ita
1265 3657 1342 3723 puto
1359 3652 1490 3722 sufficere,

139 3736 171 3786 ut
199 3726 256 3788 hoe
285 3728 350 3785 loeo
378 3744 435 3784 non
466 3729 627 3785 existimem
657 3727 922 3804 philosophandum
955 3728 990 3787 dc
1019 3729 1196 3804 perfectione
1229 3742 1257 3791 ct
1281 3736 1490 3809 pulchritudine

140 3815 185 3875 vel
210 3814 363 3874 nobilitate
379 3812 487 3889 figurae
505 3814 679 3883 rhornbieae,
705 3834 799 3890 neque
816 3815 1019 3890 satagendum,
1044 3825 1075 3874 ut
1092 3820 1219 3876 essentia
1235 3824 1404 3897 animulae,
1427 3841 1490 3901 quae

139 3905 233 3963 estin
258 3920 322 3977 apo,
348 3920 382 3960 ex
407 3901 651 3976 contemplatione
676 3903 798 3977 figurae,
824 3920 911 3977 quern
936 3903 1108 3977 fabricatur,
1132 3904 1284 3982 eliciatur,
1317 3914 1409 3986 quale
1432 3910 1490 3989 quid

139 3991 224 4049 rrobis
248 3989 352 4046 fuisset
375 3988 588 4062 inceptandnrn‚
613 3992 636 4047 si
662 4008 731 4046 usus
755 3990 864 4064 figurae
888 3989 986 4048 nullus
1009 3993 1202 4066 apparuisset.

244 4075 325 4134 ldenr
350 4074 384 4132 dc
409 4074 485 4132 malo
509 4078 615 4150 punico
638 4077 865 4151 intelligendum.
904 4077 1035 4152 Apparet
1050 4082 1209 4138 necessitas
1226 4084 1402 4159 materialis,
1427 4102 1489 4163 quse

139 4167 239 4223 acinos
263 4164 394 4241 perducit
418 4163 454 4220 ad
478 4162 667 4233 rlronrbieurn,
694 4164 916 4222 succedentibus
938 4167 1131 4226 incrementis.
1178 4167 1287 4242 Itaque
1311 4190 1424 4232 vanum
1446 4184 1487 4241 est,

140 4251 175 4310 de
200 4252 327 4309 essentia
350 4252 464 4308 animae
488 4253 515 4305 in
536 4250 591 4307 trae
606 4252 708 4308 arbore
725 4254 862 4326 cogitare,
887 4269 962 4325 quse
980 4251 1159 4311 rhombicum
1175 4257 1367 4330 potissimum
1385 4262 1487 4320 efficiat

244 4337 351 4395 Contra
374 4339 399 4393 si
422 4348 586 4411 quaeratur,
612 4355 661 4394 eur
684 4356 783 4396 ornnes
802 4337 876 4396 adeo
895 4340 1012 4397 arbores
1030 4350 1059 4399 et
1074 4340 1190 4400 frutices
1206 4343 1272 4416 (aut
1289 4356 1370 4408 certe
1386 4349 1488 4424 plerae-

140 4422 207 4503 que)
230 4425 330 4482 florem
355 4424 499 4500 explicent
523 4425 614 4481 forrna
637 4426 891 4501 quinquangulari,
916 4443 1034 4486 numero
1059 4426 1170 4486 seilicet
1192 4430 1331 4492 foliorum
1356 4438 1488 4512 quinario,

139 4531 225 4588 quem
249 4512 347 4569 florem
372 4512 399 4567 in
423 4512 518 4587 pontis
541 4517 569 4569 et
585 4516 664 4587 pyris
680 4515 809 4588 sequitur
825 4513 934 4571 fructus
951 4514 1112 4591 dispositio,
1136 4517 1164 4572 in
1185 4516 1292 4576 eodem
1308 4522 1358 4580 vel
1376 4531 1489 4598 cognato

139 4616 277 4671 numero,
307 4599 439 4673 quinario
465 4596 509 4656 vel
533 4596 665 4671 denario,
696 4603 774 4675 quini
800 4603 877 4658 intus
900 4600 988 4658 loculi
1013 4603 1195 4662 continendis
1218 4609 1402 4684 seminibus,
1427 4610 1490 4669 deor

139 4686 303 4754 filamenta,
341 4685 418 4761 quod
451 4694 479 4743 et
510 4686 621 4744 obtinet
652 4689 679 4742 in
712 4688 914 4746 cucumeribus
943 4696 972 4747 et
1000 4688 1029 4746 id
1060 4707 1151 4765 genus
1180 4690 1267 4764 aliis,
1302 4695 1351 4755 hic
1382 4699 1490 4773 iuquam

139 4772 236 4832 locum
267 4773 357 4832 habet
386 4772 548 4850 speculatio
578 4773 802 4849 pulchritudinis
825 4783 877 4835 aut
897 4778 1083 4852 proprietatis
1107 4778 1233 4854 figurae,
1268 4798 1347 4858 quae
1372 4787 1490 4845 animm
1526 4853 1529 4861 ,
