3284 5520
145 314 213 385 374
630 310 761 371 Chiiiedis
777 308 1013 383 Supplemrntum.

147 489 240 561 potius
258 488 445 559 decrementa)
463 486 666 558 Logarithnrica
684 485 814 543 chssiadis
835 486 921 557 ipsius
945 484 1070 557 (excluso
1085 483 1144 553 jem
1161 483 1221 553 ejus
1238 481 1403 553 vestibulo),
1428 498 1501 541 orsus

148 586 166 625 e
182 568 270 639 primo
289 568 385 625 etsie.
403 567 438 623 72
456 580 544 635 usque
562 563 597 620 ed
615 564 740 621 ultimum
759 579 793 619 ex
812 565 878 631 720,
903 563 1007 619 scilicet
1025 562 1136 629 13808,
1161 562 1302 621 constituti
1320 569 1402 619 erunt
1418 563 1501 635 Lege·

146 646 241 703 rithmi
258 644 294 702 ud
313 660 406 700 omnes
424 644 543 714 portiom
561 658 692 699 noverum
710 641 901 709 collectiones,
927 647 996 712 pute
1013 639 1048 695 sd
1064 641 1091 694 0⁴
1113 640 1163 694 10¹¹
1180 647 1209 695 ει
1226 640 1252 695 0
1271 642 1324 696 15”
1342 648 1396 700 etc.
1432 642 1501 701 Iden

146 724 207 793 liet,
226 723 250 779 si
268 739 351 780 unum
370 730 398 780 et
416 722 532 778 eundem
549 719 769 789 Logarithmurn,
796 719 842 789 qui
861 724 904 773 εει
921 718 956 775 ed
973 733 1116 774 numerum
1134 717 1187 774 720
1205 734 1255 775 seu
1272 718 1422 790 7200000,
1446 718 1501 777 suh·

145 800 263 858 uerene
289 801 324 855 eh
350 799 475 857 omnibus
500 805 529 853 et
552 796 667 868 singulis
691 794 961 865 stenogaudum,
987 795 1082 851 ordine
1105 795 1220 852 invicem
1245 796 1501 855 succedentibusir

146 878 348 1013 Cllsshd{liud
372 953 567 1023 exemplum.
603 952 633 1007 Si
651 952 712 1022 quis
731 952 759 1006 in
777 950 928 1007 subsidium
945 951 986 1006 rei
1004 951 1172 1006 ιιιοιιειιιίιε
1187 950 1270 1006 vellet
1287 960 1453 1009 construere
1469 960 1500 1009 ta

144 1035 245 1105 hulam,
263 1037 345 1105 eujus
362 1034 496 1090 meximus
513 1046 643 1088 numerus
661 1031 697 1086 sit
715 1046 770 1085 una
786 1046 886 1099 merce,
905 1030 959 1085 hoc
976 1036 1019 1085 est
1038 1034 1069 1086 tt
1088 1029 1194 1099 unciae,
1212 1030 1266 1084 hoc
1283 1039 1327 1086 eet
1345 1032 1400 1088 256
1418 1031 1495 1089 obuli

302 1135 478 1196 inegerithmue
496 1132 530 1181 ad
546 1128 693 1181 ahsolutum
711 1129 844 1181 25600.00
862 1127 996 1195 chiliadis,
1015 1130 1113 1179 seilicet
1150 1130 1300 1181 leetowt

300 1203 402 1254 ablatus
420 1218 437 1253 a
454 1202 615 1263 Legerlthmo
634 1201 716 1265 primo
736 1198 868 1265 chiliadis,
888 1200 984 1248 scillcet
1014 1237 1021 1252 .
1059 1235 1066 1248 .
1103 1236 1111 1250 .
1149 1201 1300 1252 6907th

481 1288 603 1350 relinquit
619 1287 809 1348 Loqerlthnrum
827 1287 903 1335 unius
921 1286 999 1351 oboli,
1018 1286 1115 1335 scilicet
1151 1289 1312 1341 55401730.

144 1383 188 1439 Ah
205 1383 259 1438 hoc
275 1381 453 1451 Logarithmo
471 1380 564 1439 ablata
580 1380 669 1450 prime
686 1379 739 1435 256
756 1379 923 1434 incremento
939 1377 1141 1448 Logarithmica
1159 1379 1299 1449 chiliadis,
1317 1396 1439 1450 quorum
1458 1383 1501 1453 pri

143 1479 217 1519 muru
234 1461 271 1517 sit
289 1461 428 1529 ostitit,
448 1460 572 1516 ultimum
590 1475 655 1515 rere
673 1458 779 1527 terne,
798 1458 965 1515 constituent
978 1458 1096 1513 omnium
1109 1475 1282 1516 numerorum
1295 1462 1501 1518 monetariorun

143 1540 345 1611 Logarithmoe.
381 1540 455 1597 Usus
473 1555 537 1596 vero
555 1537 619 1594 telis
636 1538 749 1595 tabulae
766 1539 847 1596 facile
864 1539 1025 1608 intelligitur
1043 1555 1077 1595 ex
1096 1539 1298 1607 comparetione
1318 1540 1419 1595 limum
1434 1557 1501 1611 pree

144 1619 309 1690 ceptionem.
346 1618 407 1687 Ego
426 1619 535 1689 quidem
553 1614 631 1673 iilum
648 1617 700 1673 hec
718 1618 777 1673 rice
795 1625 945 1689 praetereo,
962 1636 1026 1675 cum
1043 1619 1120 1675 nulla
1137 1636 1201 1689 pere
1219 1621 1350 1677 Chiiiedis
1368 1638 1386 1679 e
1403 1640 1437 1680 re
1455 1642 1499 1681 mo

143 1696 249 1754 mistis
266 1711 365 1752 nomen
383 1696 522 1753 sortietur.

248 1772 326 1831 elius
344 1790 412 1832 usus
429 1774 566 1831 indicatus
585 1780 629 1829 εει
645 1780 793 1844 praecepto
811 1772 846 1830 11.

649 1948 922 2014 reinceptum
944 1950 999 2015 VI.

198 2066 287 2128 Duos
308 2082 453 2127 summor
473 2065 625 2127 sommo·
645 2069 734 2232 intre
755 2072 865 2127 mutuae
886 2068 1093 2145 multiplicare
1111 2085 1168 2145 per
1191 2068 1407 2146 Leporithmos
1429 2077 1458 2130 et

689 2160 794 2214 coium
814 2156 963 2215 invertire.

248 2292 345 2353 iduite
360 2291 479 2369 quidem
501 2295 686 2370 sequentium
700 2300 924 2371 praeceptorum
946 2310 979 2354 ee
999 2296 1071 2372 ipsis
1090 2294 1206 2354 inutilia
1228 2294 1417 2370 videbuntur,
1441 2314 1501 2356 cnm

143 2379 258 2442 facilius
287 2389 316 2441 et
344 2382 475 2441 erectius
506 2383 692 2457 operationes
720 2381 839 2457 aliquae
865 2391 1043 2459 peregantur
1064 2384 1114 2442 vie
1137 2384 1298 2442 communi:
1333 2392 1365 2442 at
1387 2394 1501 2462 proptu

144 2471 349 2546 cognationem
372 2484 438 2527 curn
461 2466 528 2527 eliis
552 2467 715 2527 utilioribus
738 2468 916 2545 negligenda
936 2485 996 2529 non
1019 2470 1137 2530 luerunt
1157 2467 1230 2528 lucis
1254 2486 1354 2531 ceusu

249 2554 375 2632 Quando
391 2557 478 2630 igitur
500 2558 612 2615 numeri
629 2554 687 2614 duo
711 2556 839 2616 absoluti
856 2564 924 2615 suut
946 2558 1022 2615 inter
1038 2574 1071 2618 ee
1093 2555 1317 2633 multiplicandi,
1342 2566 1374 2617 ut
1395 2560 1501 2620 sciatur

143 2642 256 2718 iactus,
286 2652 356 2703 tunc
379 2642 436 2702 hoc
458 2649 503 2703 est
524 2642 660 2719 perinde,
689 2660 724 2703 ec
747 2645 773 2701 ei
796 2646 824 2701 in
847 2643 950 2719 regule
972 2647 1059 2703 triurn
1082 2653 1239 2720 poneretur
1260 2647 1352 2720 primo
1376 2644 1446 2706 loco
1467 2647 1501 2707 ad

143 2732 290 2791 sinistram
306 2731 413 2803 unitas,
436 2728 503 2789 loco
519 2729 648 2789 secundo
672 2738 702 2789 et
716 2731 801 2790 tertio
825 2730 1022 2807 multiplicans
1046 2740 1075 2790 ει
1090 2730 1337 2808 multiplicandus,
1362 2742 1395 2792 ut
1411 2734 1501 2795 iactus

144 2827 270 2896 occupet
291 2818 389 2878 locum
411 2823 556 2893 quartum,
582 2816 684 2892 veluti,
707 2825 825 2895 peracte
848 2816 951 2894 regula
974 2819 1070 2892 nium,
1093 2821 1283 2896 quotientem.

248 2904 340 2983 igitur
375 2903 451 2964 adde
485 2903 691 2979 hogerithmos
719 2905 842 2965 duorum
873 2922 1073 2978 numerorum,
1109 2911 1261 2982 excerptos
1290 2924 1327 2966 ex
1358 2906 1501 2984 chiliade,

144 3009 259 3053 summa
292 2994 426 3070 quaesita
459 3008 574 3050 rursum
607 2993 682 3050 inter
709 2991 915 3068 Logarithmos
949 2999 1092 3052 monstret
1121 2991 1290 3052 absolutum
1324 2995 1354 3051 ln
1386 2994 1501 3055 illorum

143 3080 280 3141 columne
299 3095 458 3151 numerum,
483 3080 532 3154 qui
548 3094 662 3156 semper
678 3088 723 3138 est
740 3081 867 3155 quaesiti
889 3097 957 3155 pers
973 3079 1127 3157 multiplex
1148 3081 1345 3158 proportionis
1362 3079 1501 3160 decupist

143 3170 309 3229 continuae.
342 3167 417 3225 Nem
432 3167 457 3225 si
473 3172 594 3242 uterque
610 3182 795 3225 numerorum
811 3166 1013 3226 absolutorum
1028 3168 1084 3226 luit
1097 3169 1190 3226 minor
1205 3169 1332 3227 maximo
1348 3168 1501 3243 chiliadis,

143 3263 213 3315 tune
227 3271 358 3334 numero,
380 3271 432 3332 pcr
453 3270 597 3313 summum
615 3253 867 3330 Logarithmorum
890 3262 1060 3328 monstrato,
1084 3262 1153 3314 sunt
1174 3254 1368 3331 apponendae
1390 3266 1501 3334 septem

144 3343 271 3422 cyphrae
293 3341 332 3402 ed
355 3342 495 3415 dextram,
522 3350 554 3401 ut
577 3344 618 3400 ita
640 3342 735 3400 lactus
757 3342 805 3401 hic
826 3349 905 3403 recte
928 3344 1089 3418 comparari
1112 3345 1206 3418 possit
1227 3359 1293 3401 curn
1316 3344 1501 3407 iacientibus.

247 3449 459 3520 Exemplum.
496 3452 552 3502 sur
570 3454 677 3502 rnorem
697 3428 886 3518 mmsrpr'nsnsr
914 3456 1047 3506 erroneo
1083 3455 1144 3514 cog.
1164 3455 1296 3506 euersor

861 3530 888 3573 ει
913 3526 1047 3578 reeoooo
1083 3525 1145 3584 tog.
1165 3526 1299 3576 neeesse

1029 3612 1132 3662 Summe
1168 3615 1309 3666 stetten.

247 3719 322 3774 llaec
341 3733 445 3774 summa
461 3719 509 3775 det
526 3717 682 3773 absolutum
701 3718 832 3775 0033000
850 3716 967 3776 circiter.
1003 3721 1090 3789 Igitur
1107 3722 1197 3779 iactus
1209 3738 1244 3777 ex
1258 3721 1501 3793 multiplicantibus

142 3807 186 3855 est
203 3798 456 3856 39300000000000
474 3799 588 3856 circiter.

246 3890 298 3951 Sin
321 3899 420 3949 eutem
443 3890 584 3952 iacientes
608 3890 752 3952 excedunt
775 3892 934 3950 maximum
958 3890 1115 3966 chiliadis,
1145 3900 1213 3952 tunc
1236 3909 1288 3971 per
1310 3910 1363 3954 eos
1387 3897 1501 3973 excerpi

141 3995 200 4039 non
228 3984 340 4055 potest,
374 3975 426 4037 sed
448 3995 499 4054 per
522 3995 621 4039 eorum
644 3987 742 4056 perles
767 3978 895 4038 decimes
919 3977 967 4038 vei
989 3983 1163 4040 centesimus
1185 3986 1241 4040 etc.
1271 3987 1300 4041 et
1322 3990 1392 4041 tunc
1416 3985 1501 4042 etiem

140 4066 219 4127 iacto
242 4067 285 4126 sic
310 4063 507 4139 conformato,
540 4076 573 4126 ut
596 4067 660 4126 vult
682 4073 869 4143 praeceptum
891 4069 1043 4143 superius,
1079 4066 1271 4145 apponendae
1294 4077 1363 4127 sunt
1386 4071 1501 4147 insuper

142 4170 242 4214 omnes
269 4150 414 4232 eyphree,
449 4169 526 4229 quae
554 4154 723 4215 iacientium
747 4157 862 4230 utrique
881 4153 1007 4230 junctim
1030 4154 1146 4215 inerunt
1169 4154 1358 4231 adimendae,
1395 4164 1430 4215 ut
1450 4175 1501 4217 ex·

141 4244 250 4320 ccrptio
274 4239 335 4300 fleri
359 4247 468 4316 posset.

244 4338 282 4396 Ut
300 4339 323 4393 si
341 4354 514 4395 numerorum
532 4339 702 4409 superiorum
721 4338 792 4395 elter
810 4338 908 4393 inisset
925 4356 980 4393 nno
998 4339 1059 4395 loco
1077 4338 1196 4408 longior,
1215 4337 1320 4395 scilicet
1339 4341 1498 4411 768000.ffl‚

140 4419 222 4475 etiem
244 4419 334 4474 iectus
358 4416 480 4487 prodiret
505 4433 559 4472 uno
578 4415 639 4470 loco
657 4415 778 4486 longior,
803 4414 909 4471 scilicet
927 4416 1207 4474 3933000000000.00.
1244 4417 1403 4474 sinautem
1422 4423 1500 4479 etiem

139 4496 210 4553 alter
232 4496 332 4553 luisset
357 4496 464 4552 duobus
486 4497 554 4552 locis
577 4496 696 4565 longior,
722 4496 826 4552 scilicet
844 4497 1023 4562 512000000,
1048 4496 1138 4551 iectus
1161 4496 1284 4566 prodiret
1300 4499 1329 4554 in
1348 4501 1500 4557 uuiversum

139 4574 226 4632 trihus
244 4574 313 4631 iocis
331 4576 444 4646 longior,
463 4579 567 4634 scilicet
585 4578 898 4635 39330000000000000.

245 4666 399 4729 Gentio.
445 4669 477 4730 Si
511 4670 717 4748 irogmithmus
750 4690 785 4734 ex
817 4671 967 4734 additions
1004 4680 1183 4735 excresceret
1216 4692 1305 4752 supre
1341 4679 1499 4739 maximum

139 4750 283 4819 chiliadis
306 4753 527 4836 Logarithmum
556 4760 649 4840 ipsius
677 4761 767 4823 etiem
796 4759 950 4835 vestibuli,
983 4763 1066 4824 euier
1088 4763 1126 4826 eb
1150 4779 1185 4825 eo
1210 4761 1431 4843 decupistorem
1452 4763 1499 4827 vet
