3284 5520
596 359 811 416 Commentarius
829 359 948 429 Kepleri.
1051 400 1054 407 ,
1121 380 1124 386 ·
1379 355 1443 429 763

87 543 243 614 sententia,
268 540 348 617 qnod
369 556 489 616 regnum
512 554 570 598 non
593 539 687 614 possit
708 538 781 598 lerre
796 537 953 601 aemulum.
988 536 1087 614 Atque
1109 537 1138 597 hi
1162 546 1351 616 tyrannorum
1374 536 1443 597 ille·

89 647 152 688 rum
183 637 306 688 conatus
334 645 392 686 non
422 628 502 686 inere
523 633 584 685 tam
605 625 766 685 imbecilles
789 634 841 686 aut
862 627 1009 686 subitanei
1032 633 1062 686 et
1082 626 1202 702 fragiles
1225 633 1258 684 ut
1280 633 1443 684 nostrorum

88 716 250 777 hominnm.
288 714 418 775 Primum
440 715 521 774 fuere
543 714 689 788 longaevi.
728 713 847 789 Largire
870 713 1031 791 longiorem
1054 722 1184 776 aetatem
1206 712 1374 773 Alexandro
1389 711 1442 786 M,

88 805 172 863 Dens
195 804 282 875 bone,
305 802 376 879 quid
399 801 448 860 ille
470 818 528 859 non
552 800 676 875 efficiam
700 809 730 860 at
753 803 782 859 ia
805 801 901 861 medio
924 817 1060 861 successu
1077 803 1159 876 regni
1174 816 1251 860 anne
1267 802 1375 861 aetatis
1392 806 1442 860 32.

88 892 219 951 moritur.
265 890 374 948 Contra
396 906 466 948 vero
490 887 530 945 illi
555 888 717 947 diutissime
741 892 875 948 vixerunt
897 896 926 948 et
948 905 1082 963 regnum,
1111 891 1136 947 si
1164 891 1206 947 ita
1228 889 1300 964 ipsis
1323 886 1443 963 placuit,

89 976 138 1039 vel
167 977 206 1037 ad
237 979 370 1054 quintum
400 984 538 1056 nepotem
569 974 737 1036 confirmare
764 984 928 1052 potuerunt.
975 975 1089 1035 Deinde
1117 976 1269 1046 scribitur,
1299 972 1443 1049 Gigantes

87 1066 194 1139 luisse,
217 1081 273 1124 nee
295 1071 355 1123 tam
378 1062 526 1124 imbecilla
549 1079 670 1139 corpora
692 1064 830 1123 habuisse
854 1070 887 1122 nt
908 1079 976 1136 nos,
1000 1061 1077 1122 unde
1101 1065 1189 1123 etiam
1211 1063 1348 1138 colligere
1371 1077 1443 1137 poe·
1481 1076 1483 1081 ·

31 1215 34 1219 ,
88 1168 200 1227 sumus,
224 1159 335 1228 urranta
358 1169 424 1211 eum
448 1149 620 1211 crudelitate
636 1151 809 1227 conjunctus
825 1151 912 1211 luerit
927 1149 1072 1226 ejusmodi
1088 1148 1250 1229 Cyclopum
1266 1149 1442 1209 dominatus.

88 1239 190 1300 Tertio
214 1238 300 1298 valde
323 1239 394 1297 milri
418 1238 574 1298 verisimile
598 1247 651 1310 est,
673 1238 749 1297 hanc
771 1238 953 1315 superficiem
976 1236 1112 1311 Telluris,
1135 1255 1210 1314 quae
1232 1254 1310 1297 nunc
1332 1238 1362 1294 in
1385 1244 1443 1296 tres

90 1326 233 1403 capitales
256 1329 453 1397 continentes,
478 1334 621 1397 nostram,
653 1325 809 1386 australem
833 1335 863 1385 et
886 1326 1063 1398 Amerinam,
1094 1327 1183 1400 inque
1207 1325 1335 1383 infinitas
1357 1340 1443 1400 porro

89 1414 205 1472 insulas
223 1413 319 1472 divisa
342 1423 387 1472 est
409 1431 459 1491 per
482 1415 582 1483 maria,
605 1413 694 1473 luisse
718 1421 779 1472 tum
802 1414 979 1483 continuam,
1003 1429 1057 1471 nec
1073 1413 1219 1471 minusab
1235 1429 1294 1471 nna
1308 1415 1338 1469 in
1354 1411 1443 1470 aliam

87 1503 219 1578 patuisse
242 1503 403 1573 transitum,
427 1509 517 1575 atqua
539 1517 617 1560 nune
639 1499 726 1558 hodie
748 1501 786 1558 ab
803 1501 921 1576 Europa
942 1503 972 1562 in
997 1499 1098 1558 Asiam
1121 1503 1150 1556 in
1174 1501 1381 1575 septentrione,
1405 1499 1443 1557 ab
1480 1504 1483 1508 “

89 1590 163 1647 Asia
186 1590 215 1646 in
238 1586 368 1646 Africam
391 1587 429 1646 ad
452 1604 531 1646 mare
553 1588 680 1647 rubrum.
725 1588 786 1646 Nee
814 1588 870 1646 hoc
893 1595 1021 1659 tantum,
1052 1587 1103 1646 sed
1127 1595 1156 1645 et
1177 1586 1249 1644 illud
1274 1586 1442 1660 verisimile,

89 1683 156 1734 ante
179 1674 322 1734 diluvium
345 1692 403 1733 non
426 1675 516 1733 luisse
539 1682 651 1733 tantam
673 1675 912 1751 inaequalitatem
937 1677 1087 1744 montium,
1112 1684 1171 1733 tam
1188 1673 1320 1733 difficiles
1335 1673 1442 1744 aditus,

89 1763 140 1823 sed
164 1761 238 1823 haec
262 1764 359 1821 omnia
382 1778 434 1838 per
456 1779 549 1838 aquas
573 1760 676 1821 diluvii
699 1762 856 1821 altissimas
880 1765 922 1822 ita
944 1762 1105 1821 deformata
1129 1769 1157 1821 et
1180 1762 1217 1820 ab
1241 1763 1366 1820 invicem
1390 1778 1442 1819 eeu

89 1851 180 1925 septis
211 1848 317 1910 divisa.
362 1849 437 1908 'l'um
468 1851 556 1924 igitur
585 1857 743 1925 potuerant
772 1851 884 1926 absque
911 1851 1036 1908 navibus
1064 1857 1157 1907 totum
1181 1857 1319 1907 terrarum
1344 1849 1443 1906 orbem

88 1953 239 2013 permeare
268 1954 333 1995 cum
364 1939 490 1996 exercitu
519 1943 608 2012 atque
637 1939 680 1996 sic
710 1939 807 1996 omnia
836 1955 889 1997 suo
918 1939 1039 2013 imperio
1067 1937 1220 2011 subjicere.
1266 1935 1351 1994 Nunc
1374 1951 1443 1994 vero

88 2041 162 2098 gens
185 2040 245 2083 una
267 2024 305 2084 ab
329 2023 388 2084 alia
410 2023 496 2084 facile
519 2033 583 2084 tuta
606 2031 651 2083 est
673 2028 903 2082 vastissimorum
927 2025 1080 2099 interjectu
1104 2027 1235 2083 marium.
1280 2023 1379 2100 Atque
1402 2024 1444 2081 sic

88 2115 117 2168 in
142 2118 269 2186 angusta
291 2112 357 2169 loca
380 2121 500 2170 coactae
522 2124 624 2185 gentes
647 2127 704 2169 non
729 2120 852 2187 possunt
874 2112 1015 2189 exemplis
1038 2112 1163 2169 invicem
1184 2127 1297 2183 necere,
1321 2110 1373 2169 sed
1390 2110 1445 2168 de·

87 2199 225 2259 terbeseit
253 2196 433 2273 singulorum
463 2197 577 2257 malitia
608 2201 683 2256 intra
712 2215 782 2256 suos
806 2201 953 2257 terminos.
1000 2196 1093 2272 quue
1117 2215 1174 2256 non
1198 2201 1260 2256 sine
1284 2208 1362 2257 certe
1386 2198 1444 2256 Dei

88 2286 212 2345 consilio
235 2303 286 2361 per
309 2285 452 2343 diluvium
476 2288 517 2343 ita
540 2286 648 2344 laetum
673 2303 737 2344 esse
761 2284 985 2344 existimandum
1009 2294 1062 2344 est.
1452 2334 1454 2338 .

194 2370 252 2430 Sed
277 2379 308 2429 nt
331 2372 368 2431 ad
392 2375 556 2430 institutum
579 2371 705 2445 redeam,
731 2373 847 2432 crebrae
871 2375 1047 2431 mutationes
1071 2375 1256 2448 imperiorum
1272 2387 1362 2447 penes
1379 2385 1442 2443 nos,

88 2466 173 2518 utet
196 2458 255 2516 alia
279 2457 424 2532 efficiunt,
458 2468 489 2517 nt
512 2476 606 2517 mores
629 2459 779 2518 hominnm
803 2463 831 2517 in
856 2463 995 2518 continua
1018 2462 1075 2518 sint
1098 2459 1287 2532 alteratione,
1319 2475 1444 2532 eumque

87 2564 140 2624 per
170 2548 256 2604 unius
288 2546 413 2606 hominis
441 2550 610 2605 memoriam
640 2549 799 2620 creverint,
833 2547 1003 2607 decrescunt
1032 2555 1061 2608 et
1088 2549 1317 2624 praecipitantur
1339 2544 1444 2604 deinde

88 2635 186 2693 subito
210 2633 344 2692 cladibus
367 2642 396 2692 et
418 2633 514 2692 denuo
537 2650 666 2693 crescere
689 2651 865 2713 perpacem
888 2637 1039 2711 incipiunt.
1079 2634 1149 2692 lnde
1173 2641 1226 2704 est,
1252 2631 1330 2709 qued
1353 2634 1445 2690 nestri

44 2746 49 2752 ·
88 2737 173 2780 senes
197 2728 359 2793 autumant,
385 2722 515 2796 quotidie
538 2723 623 2797 pejus
646 2731 745 2780 actum
768 2725 796 2779 in
821 2721 938 2779 mundo.
979 2720 1087 2780 Vident
1102 2739 1130 2779 n.
1149 2737 1277 2781 crescere
1293 2718 1443 2792 malitiam,

87 2826 143 2868 nec
165 2811 305 2883 cogitant,
328 2810 418 2883 paulo
443 2815 518 2866 retro
542 2825 607 2867 esse
631 2811 744 2867 initium
768 2809 855 2885 bajus
878 2811 1047 2868 inerementi
1071 2827 1124 2868 nee
1148 2808 1214 2866 inde
1239 2827 1256 2867 a
1280 2807 1392 2866 diluvio
1414 2808 1444 2864 in

87 2897 228 2954 continno
251 2904 411 2971 augmento
433 2895 533 2955 luisse.
581 2893 658 2953 Olim
682 2895 792 2955 Suevia
816 2895 907 2956 multo
931 2896 1079 2956 florentior
1102 2897 1166 2962 luit,
1190 2913 1276 2970 quam
1301 2910 1378 2953 rrunc
1401 2902 1445 2954 est

88 2984 226 3054 Austris,
258 3000 357 3040 verum
388 2985 527 3041 continua
557 2982 635 3041 bella
665 3001 801 3059 magnam
833 2983 875 3041 illi
908 2986 1077 3043 vastitatem
1099 2982 1259 3041 intulerunt
1281 2991 1309 3041 et
1332 2979 1444 3040 incolas

88 3070 183 3129 denno
199 3071 339 3145 improbis
354 3070 505 3128 laboribus
521 3070 704 3142 damnarunt,
725 3072 830 3146 quibus
846 3073 1005 3129 etiamnum
1022 3070 1130 3129 addicti
1147 3078 1225 3132 sunt.
1264 3069 1329 3128 Hae
1344 3078 1445 3129 nostra

87 3165 185 3217 aetate
208 3159 250 3215 sie
268 3155 385 3232 Belgae,
410 3155 498 3227 Galli,
525 3159 680 3230 Austriaci,
704 3157 782 3234 Styri
806 3162 974 3234 puniuntur.
1014 3158 1115 3217 Luxrrs
1138 3159 1214 3216 enim
1238 3157 1276 3214 ad
1299 3173 1445 3215 summum

88 3248 169 3304 venit
192 3254 221 3303 et
241 3245 303 3317 jam
327 3246 429 3321 incipit
451 3245 590 3302 nobilitas
614 3246 744 3303 tenacior
766 3262 830 3304 esse
854 3254 942 3322 atque
964 3247 1106 3321 superiori
1130 3251 1228 3303 aetate
1251 3244 1314 3306 luit.
1362 3243 1446 3302 Haec

87 3334 112 3390 si
136 3348 201 3391 cum
226 3331 337 3391 diluvio
361 3349 576 3406 comparemus,
608 3349 730 3407 magnas
754 3333 818 3390 Deo
849 3334 960 3407 gratiae
990 3350 1076 3407 agere
1100 3330 1255 3401 debemus,
1289 3331 1370 3406 quod
1393 3346 1446 3389 nos

87 3421 151 3478 istis
175 3418 307 3477 cladibus
330 3429 451 3494 paterne
475 3421 590 3491 invisit,
615 3436 668 3476 nec
691 3421 832 3493 tantisper
854 3420 938 3478 nobis
962 3419 1044 3478 irena
1065 3419 1205 3494 peccandi
1233 3419 1329 3489 laxet,
1354 3418 1446 3476 donec

88 3507 189 3583 aliquo
214 3506 343 3564 horribili
368 3505 480 3565 diluvio
504 3507 541 3565 ad
563 3505 744 3581 perdendum
766 3514 860 3565 tetum
883 3524 976 3583 gersus
1000 3506 1158 3565 humanum
1182 3522 1256 3581 epus
1272 3508 1317 3565 sit.
1355 3505 1446 3563 Simi-

87 3592 153 3654 liter
175 3595 213 3653 ab
238 3597 272 3652 iis
297 3595 385 3665 vitiis,
411 3595 517 3670 quibus
541 3593 683 3651 diluvium
707 3611 835 3654 meruere
851 3597 936 3670 primi
951 3594 1093 3667 homines,
1119 3594 1318 3652 abstineamus
1334 3594 1445 3665 moniti,
1555 3652 1558 3656 Α
1618 3596 1622 3607 “

87 3685 113 3739 si
136 3681 234 3741 clades
259 3689 287 3739 et
310 3683 381 3738 iram
404 3682 535 3739 divinam
560 3681 686 3739 evadere
709 3681 843 3740 velimus.

191 3769 260 3826 Fuit
282 3777 390 3841 antem,
415 3775 447 3826 ut
470 3767 594 3842 denique
618 3768 800 3841 concludam,
824 3767 939 3843 reliqua
958 3769 1115 3844 primorum
1131 3767 1283 3826 hominnm
1300 3768 1362 3824 vita
1377 3764 1446 3824 huic

87 3863 205 3913 nostrae
227 3854 364 3931 politicae
385 3872 475 3931 prope
493 3853 650 3913 admodum
666 3854 778 3926 similis,
803 3865 944 3930 quantum
961 3855 1097 3929 colligere
1112 3856 1189 3914 licet.
1229 3854 1304 3913 Nam
1320 3855 1444 3929 primum

87 3942 163 4001 duae
191 3945 373 4018 potissimum
406 3950 483 4001 artes
516 3944 605 4001 victui
638 3941 788 4000 tolerando
812 3945 999 4014 exstiterunt,
1033 3950 1066 3999 ut
1089 3944 1176 4003 etiarn
1199 3953 1267 4016 post
1290 3941 1445 4012 dilnvium,

86 4048 152 4088 cum
176 4031 311 4105 utriunque
335 4029 431 4088 adhue
446 4032 532 4104 pauci
548 4038 648 4088 essent
662 4029 809 4089 homines:
834 4029 1014 4104 agricultura
1028 4047 1068 4088 sc.
1085 4037 1114 4088 et
1129 4030 1267 4106 pecuaria
1283 4027 1373 4102 (Gen.
1390 4027 1444 4104 4.).

87 4116 201 4176 Deinde
225 4116 417 4192 multiplicato
441 4116 569 4175 humane
593 4133 712 4190 genere,
737 4134 802 4175 cum
826 4116 942 4176 fraudes
966 4119 1122 4176 existerent
1146 4126 1175 4175 et
1198 4115 1337 4190 injuriae,
1369 4131 1447 4189 quo-

86 4205 158 4264 libet
180 4222 231 4281 pro
256 4207 365 4262 viribus
381 4220 433 4279 pro
449 4221 481 4262 se
498 4206 656 4275 arrnitente,
682 4203 755 4263 Cain
770 4206 879 4280 primus
896 4211 997 4263 auctor
1012 4205 1067 4262 luit
1081 4202 1303 4263 muniendarum
1320 4201 1446 4273 urbium,

86 4294 115 4349 in
147 4308 222 4367 quas
252 4309 304 4351 cea
332 4290 479 4367 praesidia
509 4299 538 4350 et
568 4289 691 4350 latibula
713 4294 830 4367 rapinas
854 4291 1026 4367 colligerent
1056 4290 1165 4365 ubique
1189 4299 1290 4349 contra
1314 4288 1446 4349 vindices

85 4381 140 4438 tuti
164 4389 262 4438 essent
285 4387 314 4437 et
337 4377 422 4447 unde,
446 4381 562 4453 quoties
586 4377 703 4445 vellent,
728 4381 758 4437 in
782 4381 915 4439 incautos
938 4387 967 4438 et
991 4380 1151 4453 imparatos
1175 4379 1343 4453 eruptiones
1364 4376 1446 4436 lace-

85 4475 158 4526 rent.
202 4466 374 4525 Necessario
398 4467 485 4540 igitur
509 4468 601 4524 secuti
625 4483 733 4525 morem
756 4465 834 4524 hune
857 4474 886 4526 et
910 4467 949 4541 pii
973 4472 1050 4536 sunt,
1073 4464 1125 4523 sed
1142 4470 1173 4522 ut
1189 4482 1220 4524 se
1236 4472 1337 4523 eontra
1351 4461 1444 4522 latre·

85 4570 137 4612 nes
161 4553 214 4611 hes
239 4561 395 4611 tuerentur.
434 4551 532 4611 'lertio
555 4569 618 4610 mos
642 4551 717 4611 idem
741 4553 796 4612 init
820 4553 878 4612 illis
901 4552 1077 4623 hominibus,
1102 4553 1152 4627 qni
1175 4551 1244 4610 olim
1267 4549 1444 4610 nomadibne

32 4665 37 4677 ·
87 4641 117 4697 in
133 4639 232 4699 Africa
257 4647 287 4700 et
309 4638 397 4698 hodie
413 4639 543 4699 Tartaris
566 4643 595 4697 in
612 4639 720 4698 Russia
743 4648 772 4699 et
788 4638 942 4700 Moechide
964 4638 1082 4716 palude,
1106 4655 1146 4701 ec.
1163 4647 1195 4698 nt
1219 4640 1368 4698 territoriis
1391 4654 1444 4713 pro

85 4726 221 4787 domibus
243 4735 393 4786 uterentur
416 4734 445 4786 et
467 4727 535 4787 hinc
557 4726 623 4786 inde
646 4743 715 4786 snas
740 4727 850 4787 domos
865 4727 1113 4787 circumvenerant
1135 4726 1172 4784 ad
1193 4727 1444 4803 opportunitatem
1478 4778 1481 4785 .

85 4832 272 4894 pmcuoram.
318 4812 430 4890 Quarto
460 4832 515 4878 nec
548 4814 702 4877 defuerunt
731 4813 770 4876 ad
802 4814 985 4897 voluptatem
1016 4821 1203 4892 comparatae
1234 4821 1322 4877 artes.
1368 4811 1444 4873 Nam
