3284 5520
215 335 281 415 754
561 332 732 391 10010000
750 332 848 390 librum
868 333 902 388 00
921 340 1038 400 quatuor
1055 331 1222 389 Monarchiir

215 529 312 572 rorum
335 511 447 573 ortibus
472 515 599 570 470000
623 529 716 572 00000
738 515 888 590 posuisse,
918 509 970 571 sed
993 509 1155 569 Diodorum
1179 514 1326 583 404000,
1358 507 1398 570 00
1422 509 1570 588 Aegyptiis

215 616 285 660 vero
309 601 359 672 ait,
379 599 493 675 jactare
516 615 547 657 sc
571 604 677 659 30000
701 618 842 660 annorum
865 599 1001 657 historias
1024 597 1141 657 habere.
1179 597 1356 674 Philosophi
1381 597 1571 674 Empedocles

215 694 245 748 et
267 688 410 763 Epicurus
433 702 517 744 omne
540 691 679 763 temporis
702 690 815 746 initium
839 685 960 759 tollunt,
993 685 1062 743 dum
1090 683 1139 744 ille
1162 701 1198 744 ex
1221 685 1272 744 lite
1296 694 1326 744 et
1349 687 1501 758 amicitia,
1528 686 1572 745 hic

214 792 252 835 cx
274 791 415 834 concursu
438 782 610 846 atomorum,
633 775 770 834 infinitics
792 775 872 834 nasci
892 781 921 832 et
936 772 1069 833 occidere
1085 771 1224 831 mundum
1239 781 1396 848 asserant3
1420 790 1497 849 qnos
1511 789 1571 831 eor·

214 866 311 936 rigens
336 860 508 919 Aristoteles
531 877 588 919 nou
605 862 672 938 plus
688 863 758 920 lacit
773 862 810 921 00
827 862 941 919 initium
958 858 1194 935 investigandum
1209 862 1361 937 temporis,
1386 859 1459 919 dnm
1475 862 1571 920 existi·

215 957 276 1008 mat
298 947 438 1007 mundum
461 957 490 1006 et
512 950 634 1024 imperia
655 958 788 1021 aeterna,
819 949 871 1008 sed
899 948 1007 1007 lamam
1030 950 1116 1005 nnius
1139 948 1206 1006 aevi
1229 949 1266 1006 ab
1290 947 1387 1007 altero
1410 965 1465 1025 per
1486 965 1572 1024 gene·

215 1037 292 1096 rales
320 1034 471 1096 eluviones
502 1044 531 1094 et
558 1036 692 1095 incendia
716 1035 876 1096 diremtam.
921 1034 960 1093 Et
981 1043 1112 1111 repertus
1136 1033 1254 1110 quidem
1276 1042 1323 1094 est
1343 1034 1499 1095 lahnlator
1520 1035 1573 1095 ali·

217 1126 292 1200 quis,
316 1125 368 1198 qni
390 1140 442 1181 sex
465 1122 609 1197 ejusmodi
633 1123 785 1183 eluviones
808 1123 974 1183 hominibus
998 1124 1130 1199 cognitas
1152 1124 1286 1182 asseruit.

318 1209 374 1268 111.
412 1209 484 1268 Esse
512 1213 656 1285 temporie
685 1211 811 1286 aliquod
839 1212 979 1282 initium,
1009 1207 1099 1285 qudle
1122 1207 1218 1269 Moses
1238 1212 1335 1286 pouit.
1384 1208 1501 1269 Contra
1521 1208 1571 1270 000

216 1297 458 1375 philosophorum
487 1297 596 1356 lnrores
624 1299 812 1374 gentiumque
839 1298 981 1372 superbas
1008 1296 1124 1355 tabulas
1147 1296 1273 1356 tenenda
1295 1305 1366 1356 sunt
1390 1305 1571 1372 argumenta,

214 1386 322 1463 quihus
344 1383 500 1443 incredulis
519 1386 606 1443 ctiam
622 1385 790 1460 persuaderi
806 1386 908 1460 possit,
934 1383 1036 1444 Mosen
1051 1384 1180 1442 omuinm
1195 1400 1259 1443 esse
1275 1392 1309 1443 nt
1323 1387 1569 1460 antiquissimam,

215 1474 309 1531 itaet
331 1473 513 1530 verissimum
535 1471 719 1545 historicum3
750 1476 885 1548 quamvis
912 1474 989 1530 enim
1017 1487 1070 1529 000
1093 1470 1251 1530 Christiani
1273 1471 1412 1531 dubitare
1435 1488 1497 1530 non
1521 1472 1568 1532 dc·

213 1561 317 1620 bemus
340 1557 376 1616 00
398 1557 493 1616 Μοοἰ0
514 1561 697 1631 auctoritate,
722 1577 798 1634 quae
817 1559 924 1618 Christi
947 1560 1040 1633 ipsius
1062 1559 1228 1618 testimonio
1251 1560 1281 1615 in
1296 1558 1332 1617 N.
1351 1558 1390 1617 Τ.
1415 1558 1570 1635 aliquoties

214 1645 416 1719 confirmatur,
440 1653 537 1704 tamen
561 1645 688 1704 dandum
711 1656 756 1706 est
777 1645 890 1722 aliquid
913 1645 1106 1704 imbecillitati
1129 1653 1159 1704 et
1180 1644 1329 1704 timiditati
1353 1645 1568 1720 hnmanac,et

214 1731 422 1810 opponendum
445 1732 557 1808 aliquid
580 1735 735 1793 conalibus
758 1733 877 1805 diaboli,
901 1734 951 1809 qui
967 1732 1168 1792 mille-artilex
1183 1749 1272 1809 saepe
1288 1731 1427 1792 homines
1444 1743 1475 1792 00
1488 1751 1568 1810 prac-

213 1824 299 1897 cipue
320 1818 567 1893 adolescentulos,
591 1822 643 1895 qui
665 1821 803 1880 historias
827 1821 982 1898 degustare
1005 1828 1057 1879 ant
1079 1819 1181 1878 oculos
1203 1821 1233 1876 in
1255 1820 1312 1879 hac
1334 1823 1484 1880 varietate
1506 1822 1567 1880 rell·

214 1911 334 1985 gionum
356 1924 409 1983 per
429 1907 569 1965 mundum
591 1909 774 1967 circumferre
797 1911 948 1985 incipiunt,
972 1908 1026 1967 hos
1049 1909 1168 1982 inquam
1191 1923 1227 1966 eo
1248 1924 1337 1983 saepe
1362 1907 1460 1984 adigit
1482 1908 1567 1967 hortis

213 1995 334 2056 hnmani
356 1996 479 2070 generis,
503 2002 535 2051 nt
558 1997 737 2068 existiment,
760 1995 866 2055 laisum
889 2012 962 2068 esso,
987 1993 1127 2071 quicquid
1150 2012 1186 2053 ex
1208 1992 1240 2053 S.
1261 1993 1372 2052 Literis
1394 1995 1483 2054 nohis
1505 2012 1566 2073 pro-

169 2098 173 2105 ’
213 2089 356 2159 ponatur,
387 2097 452 2140 esse
475 2081 612 2141 historias
636 2082 793 2157 confictas,
817 2093 850 2142 nt
873 2081 995 2142 Amudis
1019 2081 1142 2150 Gallici,
1165 2080 1297 2156 nihilque
1319 2084 1379 2140 nisi
1402 2081 1566 2158 splendidas

211 2169 343 2241 lahulas,
367 2169 396 2225 ln
420 2168 476 2228 hoc
498 2168 594 2227 solnm
617 2169 771 2244 confictas,
798 2179 830 2228 nt
852 2171 986 2229 homiues
1011 2179 1158 2243 utcunque
1181 2170 1209 2224 in
1234 2167 1330 2228 cilicio
1356 2172 1565 2228 contineantur.

212 2256 306 2333 Igitur
328 2255 451 2315 tortasse
474 2263 533 2314 tam
557 2275 658 2316 verum
682 2274 760 2330 esse,
784 2258 864 2336 qnod
888 2256 1071 2329 Aristotcles,
1095 2273 1183 2331 qnam
1206 2254 1286 2331 qnod
1309 2255 1414 2317 Moses
1437 2255 1475 2316 00
1498 2265 1565 2317 tem·

211 2346 292 2422 poris
313 2343 395 2401 initio
418 2343 547 2403 tradidit.

316 2428 484 2490 'leucantur
511 2432 602 2506 igitur
629 2437 731 2490 contra
758 2432 940 2503 Aristotelis,
971 2428 1174 2507 Empedoclis,
1207 2429 1325 2505 Epicuri
1354 2433 1589 2504 actemitatsn,.

212 2525 370 2593 cannaque
392 2535 500 2576 vanam
519 2518 692 2593 jactantiam
716 2518 927 2603 Aegyptiorum
950 2516 987 2576 00
1010 2523 1028 2576 8
1055 2516 1101 2576 vel
1127 2523 1165 2576 13
1190 2517 1238 2576 vel
1262 2522 1319 2590 33,
1351 2517 1565 2580 Chaldaeorum

212 2605 248 2666 de
273 2611 335 2666 404
360 2605 408 2664 vel
432 2611 495 2664 470
519 2604 648 2664 millibus
672 2622 823 2679 annorum,
846 2607 1000 2681 sequentia
1023 2612 1212 2681 arguments:

320 2691 349 2771 1)
371 2690 531 2768 Josephus,
556 2691 592 2750 00
615 2710 674 2768 qno
697 2692 786 2769 paulo
809 2701 877 2752 ante
900 2692 1018 2765 dietum,
1042 2710 1078 2751 ex
1094 2691 1239 2751 historicis
1254 2692 1299 2749 sni
1315 2693 1385 2750 aevi
1401 2694 1566 2768 gentilibus,

213 2781 262 2856 qul
286 2778 426 2856 capitales
442 2778 535 2839 Masis
552 2787 582 2839 et
596 2778 798 2839 Hebraeorum
821 2780 922 2839 hostes
943 2787 1025 2839 erant
1048 2789 1078 2838 et
1099 2788 1197 2838 tamen
1219 2794 1272 2854 pro
1288 2780 1464 2839 certissimis
1479 2781 1566 2841 0000·

211 2869 335 2940 000000,
367 2867 481 2927 0000100
504 2869 576 2927 istas
600 2867 812 2944 Aegyptiorum
836 2869 1012 2940 confutavit,
1042 2874 1072 2926 et
1094 2866 1213 2942 quidem
1236 2884 1272 2926 ex
1294 2864 1498 2943 Manethone,
1520 2868 1565 2944 qni

211 2973 246 3016 ex
269 2955 401 3032 prolesso
425 2953 461 3013 00
484 2956 696 3031 Aegyptiorum
720 2956 835 3014 arcanis
857 2957 981 3031 scripsit.

315 3039 345 3120 2)
367 3040 529 3113 Diodorus,
559 3041 693 3118 Josepho
722 3044 886 3117 antiquior,
916 3045 945 3099 in
975 3043 1143 3118 Aegyptam
1172 3040 1238 3099 ideo
1267 3041 1418 3116 prolectas
1446 3049 1508 3115 est,
1536 3049 1564 3100 ut

209 3128 311 3205 populi
334 3131 524 3203 antiqnitates
548 3129 680 3188 disceret.
727 3129 875 3205 Comperit
903 3138 1001 3188 autem
1030 3145 1144 3186 omnem
1167 3127 1282 3186 illorum
1305 3128 1462 3187 historiam
1485 3135 1563 3188 3700

208 3219 292 3276 annis
315 3216 568 3292 comprehensam,
599 3219 699 3292 itaque
721 3217 829 3276 refutat
850 3214 902 3275 illa
924 3218 1091 3291 arrogantia
1113 3216 1325 3292 Aegyptiorum
1349 3213 1387 3273 de
1410 3232 1468 3274 sue
1491 3219 1564 3275 anti·

208 3307 320 3380 0000000
343 3303 504 3363 mendacia.
551 3305 684 3380 Cumque
706 3304 860 3362 Philonem
883 3304 1016 3379 plerique
1039 3310 1211 3378 sequantur,
1241 3302 1289 3361 ille
1312 3302 1439 3360 Diodori
1465 3321 1564 3362 nume·

207 3408 256 3450 rus
285 3408 343 3450 000
373 3388 490 3465 longius
513 3410 531 3449 a
553 3390 678 3450 Philone
703 3397 764 3450 000
788 3394 872 3450 anuis
896 3391 1061 3466 discrepare
1084 3410 1102 3449 0
1125 3389 1239 3448 Bodino
1263 3388 1491 3450 animadversus
1514 3402 1563 3450 est

314 3479 348 3551 3)
371 3478 516 3553 Imprimis
541 3480 613 3537 bene
630 3477 858 3553 ponderandum,
884 3478 962 3554 quod
978 3477 1110 3537 Bodinus
1126 3495 1162 3535 ex
1177 3476 1328 3551 Simplicio
1343 3479 1458 3551 recitat,
1484 3495 1563 3538 acer·

207 3566 280 3623 rimo
304 3574 334 3623 et
355 3564 538 3624 ludaeorum
561 3574 591 3625 et
613 3566 842 3624 Christianorum
865 3565 959 3624 hoste.
1006 3566 1034 3623 Is
1059 3568 1087 3622 in
1103 3565 1216 3623 Corum.
1239 3564 1290 3624 lih.
1312 3563 1348 3622 de
1364 3565 1460 3624 Coelo
1477 3567 1561 3625 Arist.

208 3659 348 3710 testatum
364 3651 489 3728 reliquit,
516 3652 702 3711 Aristotelem
725 3653 825 3711 literas
849 3653 886 3710 ud
903 3651 1111 3712 Callisthenem
1133 3651 1257 3723 dedisse,
1282 3658 1315 3709 ut
1336 3656 1484 3726 tantisper
1499 3652 1563 3711 dnm

207 3736 256 3797 alii
289 3738 414 3815 praedae
445 3742 546 3797 intenti
570 3739 755 3816 Babylonem
784 3740 951 3814 diriperent,
985 3741 1048 3815 ipse
1072 3739 1287 3799 Chaldaeorum
1314 3741 1510 3815 antiqnitates
1536 3750 1562 3798 et

205 3833 393 3884 monumenta
417 3829 607 3901 conquireret.
653 3827 729 3886 Tum
753 3827 961 3887 Callisthenem
984 3829 1183 3903 rescripsisse,
1206 3828 1374 3901 conquisita
1395 3845 1415 3885 a
1438 3845 1473 3886 00
1497 3827 1561 3886 dili·

206 3922 309 3989 genter
327 3912 541 3973 Chaldaeorum
564 3922 752 3974 monnmeuta
776 3932 866 3989 seque
888 3917 1030 3990 reperisse
1054 3915 1205 3974 historiam
1227 3930 1369 3972 annorum
1396 3920 1492 3986 1900,
1516 3915 1560 3989 qni

206 4017 342 4058 numems
365 4001 402 4059 ad
426 4018 552 4076 unguem
577 4005 710 4077 congruit
732 4018 797 4061 cum
821 4002 944 4060 historia
966 4019 1049 4060 sacra
1071 4001 1165 4061 Musis
1188 4009 1218 4060 et
1239 4000 1383 4060 Philonis.
1428 4001 1506 4060 Nam
1528 4001 1562 4060 ah

207 4087 366 4146 Alexandri
391 4090 511 4164 imperio
534 4097 609 4147 retro
633 4092 745 4149 extensi
772 4095 853 4148 1900
878 4091 947 4148 anni
971 4089 1103 4148 incidunt
1125 4092 1153 4146 in
1177 4087 1205 4146 id
1229 4097 1362 4164 tempus,
1387 4105 1449 4164 quo
1474 4098 1563 4150 terra·

204 4192 268 4233 rum
293 4176 371 4234 orbis
395 4178 468 4234 inter
490 4186 623 4252 posteros
645 4177 728 4235 Noae
753 4176 865 4235 divisus
889 4184 941 4237 est.

311 4262 342 4338 4)
366 4261 432 4321 Ηο0
454 4264 525 4321 lacit
545 4263 745 4340 probatiorum
761 4265 962 4322 historicorum
979 4281 1043 4322 cnm
1060 4263 1144 4322 Mose
1161 4261 1326 4334 eoncordia,
1351 4279 1387 4321 ex
1402 4279 1464 4338 qna
1481 4266 1562 4323 evin·

148 4373 152 4382 ·
205 4350 288 4423 citur,
312 4366 402 4424 penes
425 4350 535 4408 nullam
558 4358 673 4423 gentem
698 4350 734 4410 de
758 4351 844 4410 rebus
861 4361 929 4410 aute
946 4351 1088 4409 diluvium
1106 4350 1197 4409 ullum
1213 4357 1328 4409 exstare
1343 4351 1471 4427 apicem.
1509 4351 1562 4409 Hic

205 4439 281 4497 enim
313 4436 439 4495 vidimus
472 4436 656 4496 concordiam
680 4437 895 4497 Chaldaeorum
926 4447 955 4498 et
977 4438 1140 4496 Bibliorum
1172 4445 1200 4497 et
1230 4453 1319 4513 snpra
1350 4437 1562 4515 Aegyptiorum

204 4526 351 4582 saniorum
376 4542 411 4582 ex
434 4524 574 4583 Diodoro.
621 4525 669 4583 Sic
690 4524 860 4600 Xenophon
884 4525 932 4604 (00
955 4523 1136 4603 aequivocis)
1160 4532 1190 4585 ct
1213 4523 1382 4582 Archilochi
1405 4525 1563 4603 fragmenta

203 4627 263 4669 una
287 4628 353 4669 cum
375 4611 459 4671 Mose
482 4615 511 4669 in
534 4612 626 4684 Nino,
651 4615 743 4687 primo
767 4630 834 4688 rege
860 4613 1060 4689 Assyriorum,
1086 4615 1288 4671 consentiunt:
1312 4602 1477 4688 imperasse
1500 4624 1563 4689 post

204 4694 347 4756 diluvium
377 4700 460 4757 annis
486 4704 563 4772 2503
596 4708 685 4775 atque
715 4699 782 4759 inde
812 4699 938 4760 deductu
967 4718 1080 4761 summa
1102 4717 1243 4759 annornm
1266 4698 1371 4760 eadem
1395 4708 1459 4777 est,
1491 4716 1563 4778 qnae

202 4800 294 4860 penes
317 4784 472 4846 Philonem
493 4793 523 4847 et
544 4785 708 4848 Hebraeos.
