3284 5520
648 356 802 426 Responsio
821 356 941 428 llepleri.
1216 400 1221 410 ·
1415 357 1480 426 677

122 552 268 613 coquere,
293 533 373 613 quod
394 534 497 613 Tycha
520 532 618 594 Brabe
641 533 814 595 diametrum
836 534 938 596 Lunae
962 537 990 595 in
1013 535 1172 595 noviluniis
1196 535 1316 597 exhibet
1338 537 1480 596 minorem

121 640 214 701 quam
236 625 269 683 15
289 622 472 701 pleniluniis,
502 623 673 698 praesertim
701 639 767 681 cum
788 623 925 700 Maginus
949 641 985 683 ex
1007 624 1168 700 appendice
1190 632 1480 702 progymnasmatum

122 710 280 771 adduxerit
310 710 425 786 aliqua,
458 709 565 787 quihus
596 709 686 768 dubia
709 710 832 769 efficitur
852 711 927 771 haec
949 710 1113 773 diversitas.
1159 711 1290 770 Habebit
1312 728 1381 801 ergo
1405 711 1479 771 Tab.

121 797 175 858 iol.
201 803 241 858 98
273 797 446 857 diametrum
476 797 579 857 Lunae
610 804 800 857 constantem.
845 797 1010 858 1115551115
1039 817 1059 857 5
1091 798 1194 858 Tmo.
1241 797 1298 857 Pro
1333 798 1480 858 distantiis

121 894 193 946 suut
214 884 380 963 parallaxes
403 887 432 943 in
455 883 565 945 tabella
588 883 699 944 eadem.

228 973 270 1032 Et
297 973 422 1048 reliquis
451 972 493 1030 ad
518 979 694 1048 computum
723 972 878 1047 eclipticam
907 974 1089 1032 necessariis.
1134 970 1225 1032 Recte
1249 979 1357 1031 monet.
1404 971 1479 1031 Sunt

121 1061 212 1119 etiam
235 1065 393 1137 praecepta
415 1061 590 1130 necessaria,
612 1061 783 1135 praesertim
800 1077 864 1137 cap.
881 1059 1006 1120 XXXI.
1023 1076 1119 1134 praec.
1138 1059 1187 1122 iol.
1204 1066 1244 1119 99
1262 1066 1366 1134 etseq.
1391 1076 1479 1135 prac-

121 1155 211 1223 cepta
232 1165 251 1206 a
276 1152 336 1207 145
361 1145 398 1205 ad
425 1151 495 1206 153.
542 1143 636 1206 Forte
664 1150 755 1206 etiam
785 1147 912 1207 exuobtt
933 1166 1016 1208 nova
1039 1147 1147 1223 aliqua
1169 1147 1337 1223 hypolitesis
1359 1145 1478 1208 Lunae.

121 1231 263 1295 Offensus
287 1233 498 1310 multiplicibus
513 1231 663 1312 Typhonis
679 1233 819 1312 epicyclis
842 1242 925 1311 optat
940 1233 1120 1312 hypotheses
1136 1235 1337 1310 simpliciores.
1376 1232 1479 1293 Habes

121 1338 192 1397 ergo
215 1324 243 1379 in
268 1321 343 1381 Tab.
359 1323 551 1380 ecccntricum
574 1320 829 1398 simplicissimum,
855 1321 941 1400 plane
963 1321 1087 1381 similem
1110 1324 1279 1381 eceeutricis
1300 1328 1477 1396 ceterorum3

121 1407 227 1468 dooere
257 1410 366 1484 poterit
392 1424 461 1467 suos
490 1407 628 1468 Siuenscs
659 1410 836 1468 eccentricos
864 1409 954 1469 hosce
983 1407 1049 1489 (etsi
1078 1411 1108 1466 in
1131 1408 1217 1468 Luna
1246 1408 1319 1466 nihil
1349 1409 1477 1482 interest,

121 1498 291 1573 praesertim
314 1494 352 1554 ad
376 1495 508 1572 eclipses,
532 1512 621 1570 quam
643 1497 702 1554 sint
724 1498 744 1553 ii
767 1496 909 1573 perlecti),
934 1504 1030 1556 tamen
1054 1497 1078 1554 si
1101 1512 1195 1554 rerum
1211 1505 1346 1555 naturam
1361 1503 1478 1572 specte-

121 1600 196 1654 mus,
220 1599 278 1641 non
302 1599 365 1642 esse
387 1583 541 1658 perlectos,
566 1583 616 1642 sed
641 1581 816 1658 degenerare
838 1585 867 1641 iu
890 1586 968 1642 viam
991 1584 1149 1661 ellipticam
1165 1586 1193 1642 in
1210 1583 1396 1659 proportione
1412 1580 1476 1656 hac,

121 1677 154 1729 ut
177 1671 393 1743 eceeutricitas,
426 1677 567 1746 usurpata
594 1677 627 1729 ut
657 1672 755 1742 51555,
788 1670 923 1729 ostendat
945 1687 1059 1743 arcum,
1094 1671 1177 1745 cujus
1200 1687 1284 1729 arcus
1307 1670 1416 1745 sagitta
1438 1671 1479 1728 eit

121 1756 258 1816 modulus
289 1759 438 1834 ingressus
467 1756 603 1832 planetae
631 1759 659 1813 in
689 1756 871 1833 longitudine
893 1757 991 1817 media
1013 1776 1031 1816 a
1054 1756 1152 1816 circuli
1176 1758 1352 1834 perfectione
1377 1773 1478 1815 versus

121 1851 266 1904 centrum:
299 1853 333 1902 nt
360 1845 431 1919 quia
458 1846 657 1903 eceeutricitas
685 1847 712 1902 in
737 1844 822 1903 Luna
850 1853 895 1904 est
919 1851 1019 1916 4362,
1050 1844 1138 1919 hujus
1167 1854 1200 1903 ut
1222 1848 1302 1902 sinus
1326 1859 1410 1902 arcus
1434 1851 1479 1903 est

121 1926 158 1991 2⁰
182 1931 243 2006 30‘,
273 1930 516 2007 complementum
540 1927 598 1990 81ο
621 1930 682 2005 30¹,
704 1931 793 2008 hujus
815 1933 895 1990 sinus
920 1938 1041 2003 99905,
1067 1948 1137 2006 ergo
1159 1931 1306 1991 residuum
1329 1930 1417 2006 hujus
1441 1930 1479 1989 ad

121 2021 217 2078 sinum
240 2025 335 2077 totum
358 2023 494 2091 100000,
518 2017 630 2078 scilicet
653 2024 703 2091 95,
728 2026 773 2077 est
794 2021 902 2095 sagitta
924 2037 1009 2079 arcus
1026 2016 1061 2078 2⁰
1076 2019 1128 2078 30¹
1152 2028 1182 2078 et
1204 2018 1319 2077 tantula
1342 2026 1385 2077 est
1407 2017 1478 2076 lati-

121 2105 194 2165 tudo
226 2107 361 2179 menisci,
392 2107 444 2181 qui
475 2123 525 2183 per
557 2124 654 2166 veram
683 2108 763 2164 viam
786 2105 888 2165 Lunae
910 2124 929 2165 a
950 2106 1079 2183 perlecto
1108 2109 1267 2165 eceeutrico
1296 2103 1478 2166 rescinditur.

121 2191 235 2271 Quodsi
266 2195 355 2253 ctiam
384 2193 457 2252 scire
481 2201 589 2252 aveant
611 2193 765 2265 Sineuses,
795 2192 866 2268 quid
889 2210 995 2252 causae
1018 2194 1072 2264 sit,
1104 2210 1154 2252 cur
1177 2193 1262 2251 Luna
1285 2192 1477 2253 eceeutricum

121 2297 209 2340 suum
232 2280 401 2357 perlectum,
425 2297 511 2356 quem
533 2280 642 2338 insistit
664 2281 693 2336 in
717 2282 795 2338 omni
818 2297 872 2338 suo
896 2282 953 2339 situ
977 2296 1110 2357 apogaeo
1128 2279 1174 2339 vel
1190 2282 1338 2356 perigaeo,
1362 2277 1479 2338 deserat

121 2370 151 2427 lu
174 2368 280 2427 sitibus
303 2367 422 2443 reliquis
444 2366 632 2439 intermediis,
657 2365 760 2426 docere
782 2368 889 2443 poterit
909 2369 990 2444 ipsos
1012 2367 1046 2424 P.
1069 2366 1238 2426 Terrentius
1262 2384 1297 2425 ex
1321 2366 1477 2426 Commen-

121 2457 206 2514 tariis
226 2457 299 2513 meis
322 2455 426 2514 Martis
449 2472 544 2530 exque
566 2455 701 2531 Epitome
725 2455 929 2514 Astronomiae
953 2454 1185 2532 Coperuicanae,
1212 2453 1310 2512 nullos
1333 2470 1397 2513 5555
1420 2455 1478 2511 cir·

121 2541 203 2602 culos
231 2543 261 2598 in
290 2543 452 2601 intentione
481 2544 602 2600 motoris
626 2541 777 2615 coelestis,
807 2542 858 2601 sed
882 2542 944 2602 fieri
966 2543 1140 2602 necessitate
1162 2541 1323 2616 materiali,
1354 2540 1411 2600 hoc
1434 2547 1479 2600 est

121 2631 313 2707 geometrica,
344 2636 376 2687 ut
404 2647 438 2688 ex
462 2645 604 2688 concursu
629 2628 752 2687 duarum
773 2645 927 2689 causarum
950 2630 1145 2703 moventium,
1177 2645 1300 2705 quarum
1324 2628 1417 2688 altera
1438 2629 1477 2686 ab

121 2718 281 2777 55555515
306 2724 400 2775 ortum
423 2718 452 2772 in
476 2733 580 2793 gyrum
602 2718 688 2792 rapit,
712 2716 805 2775 altera
826 2720 912 2776 rectis
935 2716 1020 2776 lincis
1044 2716 1157 2775 Lunam
1181 2733 1282 2775 versus
1306 2715 1425 2774 Terram
1449 2721 1479 2774 et

121 2822 139 2865 5
160 2802 253 2863 Terra
275 2802 370 2875 librat,
394 2803 446 2862 fiat
468 2807 518 2862 via
539 2804 678 2878 ellipticc.
724 2803 836 2863 Harum
859 2821 1012 2864 cansarum
1035 2805 1128 2880 prima
1150 2805 1225 2863 inest
1247 2804 1276 2861 in
1299 2804 1397 2882 specie
1419 2805 1477 2861 im·

121 2894 275 2951 materiate
288 2889 423 2950 Telluris.
461 2890 592 2970 (Loquar
614 2899 711 2951 autem
735 2909 770 2950 ex
792 2893 994 2968 suppositione
1009 2891 1117 2950 Terrae
1141 2892 1317 2967 quiescentis
1339 2892 1477 2966 inprime

121 2984 212 3038 motu.
257 2976 389 3037 Clariora
411 2985 509 3037 esseut
532 2981 630 3037 omnia
652 2978 757 3050 lutura,
781 2981 807 3036 si
826 2986 946 3052 motum,
970 2996 1057 3056 quem
1074 2977 1196 3037 dicimus
1211 2980 1345 3054 primum,
1369 2977 1476 3036 Terrae

121 3081 198 3124 nuuc
220 3064 327 3123 vellem
350 3065 525 3138 adscribere,
549 3067 717 3140 quiescente
740 3064 849 3124 mundo
871 3065 1008 3143 reliquo.)
1049 3065 1124 3125 Nam
1148 3065 1219 3142 quia
1240 3080 1292 3141 per
1314 3064 1477 3124 revolutio-

121 3169 189 3213 nem
210 3154 296 3228 primi
318 3151 436 3212 mobilis
459 3152 592 3211 diurnam
614 3152 647 3210 ot
669 3153 770 3228 aliqua
785 3171 803 3212 a
819 3152 926 3213 Terrae
942 3153 1094 3230 superficie
1109 3154 1255 3230 separatio
1271 3153 1362 3211 totius
1376 3150 1478 3210 mundi

121 3239 235 3316 reliqui,
259 3238 307 3298 vel
330 3240 368 3298 ab
392 3238 559 3314 egrediente
581 3241 679 3315 specie
702 3242 897 3300 immaterieta
919 3239 1057 3320 Telluris,
1079 3239 1165 3298 Luna
1186 3256 1258 3298 varo
1280 3255 1338 3297 non
1362 3248 1406 3298 est
1429 3241 1476 3296 iu-

121 3344 199 3387 5555
222 3325 314 3385 claris
338 3329 366 3384 iu
389 3326 510 3409 mundo,
533 3326 586 3386 sed
608 3334 690 3386 natat
712 3330 741 3385 io
765 3345 800 3387 co
824 3329 908 3404 quasi
923 3326 1024 3401 libera,
1047 3328 1080 3386 fit
1091 3328 1155 3403 jam
1171 3335 1203 3386 ut
1218 3326 1270 3386 illa
1285 3326 1477 3386 adhaerescat

121 3413 158 3476 sd
182 3412 308 3473 Telluris
331 3417 457 3490 speciem
480 3413 701 3491 quadamtenus.
742 3414 841 3475 Vellet
862 3417 938 3474 euim
961 3417 1065 3476 inertia
1079 3434 1134 3475 555
1148 3415 1185 3475 ed
1201 3422 1313 3475 motum
1326 3414 1477 3490 proprium

121 3503 273 3580 quiescere
295 3502 324 3558 iu
349 3500 401 3560 illo
424 3517 478 3559 suo
500 3501 581 3575 nido,
604 3519 691 3577 quem
713 3502 804 3564 habet
826 3503 856 3560 in
879 3502 997 3574 mundo,
1022 3506 1107 3578 cique
1122 3520 1187 3562 sese
1204 3512 1295 3562 totam
1310 3503 1476 3579 permittere

121 3587 301 3666 rapiendam.
348 3587 394 3646 lta
416 3588 506 3661 fieret,
530 3596 563 3647 ut
585 3590 678 3664 primo
700 3590 801 3649 mobili
824 3591 1029 3663 circumeunte,
1053 3591 1117 3665 ipsa
1139 3590 1204 3648 fixis
1219 3589 1323 3648 iisdem
1339 3590 1477 3649 substans

121 3676 318 3750 immobiliter,
340 3675 582 3752 perfectissimum
605 3677 745 3736 circulum
768 3681 920 3752 aequaturi
943 3675 1115 3755 parallelum
1138 3677 1176 3735 ab
1200 3683 1264 3735 ortu
1287 3677 1317 3734 iu
1340 3693 1476 3735 occasum

121 3763 247 3825 scribere
270 3771 437 3823 censeretur
458 3765 535 3822 circa
549 3762 677 3822 Terram.
715 3763 814 3823 Vellet
829 3763 893 3838 hoo,
918 3765 1046 3839 inquam,
1072 3764 1164 3837 Luna,
1188 3761 1391 3823 obsecundans
1405 3780 1476 3822 suae

121 3851 242 3911 inertiae
271 3849 308 3909 ad
338 3849 515 3928 eripiendam
544 3867 576 3909 se
604 3852 696 3910 motui
719 3853 811 3929 primo
834 3868 886 3928 per
908 3858 1019 3910 motum
1041 3852 1204 3927 proprium,
1235 3849 1287 3910 sed
1310 3852 1381 3925 quia
1404 3852 1476 3908 irre·

121 3938 193 3998 titur
214 3937 340 3998 vinculis
363 3939 447 4013 quasi
470 3934 642 4014 magneticis
664 3937 790 3998 Telluris
812 3954 864 3997 seu
887 3938 995 4015 speciei
1018 3937 1159 4011 Telluris,
1184 3936 1358 4014 egredientis
1381 3953 1475 4011 usque

121 4023 160 4085 sd
182 4041 216 4083 55
238 4024 337 4100 (55155
359 4026 468 4101 speciei
491 4042 625 4101 egressus
648 4033 851 4102 argumentum
873 4033 919 4087 cst
940 4028 1028 4086 etiam
1051 4028 1080 4084 iu
1103 4032 1198 4085 tractu
1221 4042 1372 4101 aquarum,
1398 4023 1475 4082 unde
1516 4022 1520 4029 “

121 4111 219 4171 115555
239 4118 270 4171 et
291 4110 418 4170 refluxus
441 4106 562 4192 maris),
593 4111 660 4171 idco
688 4111 735 4184 nt,
768 4119 800 4171 ut
828 4115 932 4173 inertia
962 4113 1026 4188 ejus
1047 4129 1101 4172 scu
1122 4115 1220 4189 potius
1244 4113 1289 4171 vis
1311 4110 1363 4170 illa
1386 4111 1476 4168 totius

121 4197 223 4258 mundi
245 4200 373 4258 retinens
395 4197 475 4257 illam
498 4206 650 4274 superetur
665 4217 683 4257 a
698 4201 728 4258 vi
744 4199 870 4259 Telluris
893 4218 928 4258 ex
945 4201 1079 4277 portione
1095 4201 1249 4281 tricesimu.
1288 4198 1371 4257 Haec
1386 4213 1476 4257 causa

121 4292 176 4360 est,
202 4301 260 4361 quo
282 4288 379 4344 minus
395 4285 480 4344 Luna
503 4292 612 4345 motum
635 4287 720 4363 primi
743 4285 859 4346 mobilis
883 4296 984 4347 exacte
1007 4289 1179 4362 insequatur
1200 4289 1230 4344 in
1254 4301 1400 4358 occasum,
1424 4283 1476 4344 sed

121 4374 236 4433 restitet
263 4379 293 4430 et
322 4372 501 4449 relinquatur
528 4372 628 4431 dietim
650 4375 796 4433 tricesimu
819 4375 953 4450 partein
977 4374 1147 4434 orientalem
1172 4373 1298 4452 plagam.
1344 4372 1382 4431 m
1403 4371 1477 4431 haec

121 4458 234 4520 relictio
257 4460 385 4535 speciem
407 4459 502 4519 induit
524 4459 649 4534 alicujus
671 4468 768 4519 motus
791 4462 828 4521 ab
852 4478 958 4522 occasu
978 4464 1118 4521 inertum
1144 4461 1198 4520 suh
1214 4461 1346 4522 zodiaco.
1385 4457 1476 4517 Porro

121 4547 170 4608 bic
190 4554 288 4606 motus
310 4553 388 4608 esset
409 4549 514 4607 iterum
537 4547 662 4607 circulus
684 4548 919 4626 perfectissimus,
943 4551 968 4608 si
990 4566 1050 4608 uon
1065 4546 1216 4608 accederet
1232 4565 1322 4607 causa
1336 4544 1474 4619 secunda,

121 4634 233 4694 iaciens
255 4632 371 4694 Lunam
393 4635 479 4694 aliter
499 4641 589 4710 atque
611 4634 696 4695 aliter
718 4655 736 4696 a
757 4635 847 4695 Terra
871 4636 987 4696 distare.
1032 4636 1115 4696 Haec
1138 4652 1228 4695 causa
1250 4633 1379 4695 secunda
1401 4634 1478 4692 inest

121 4723 152 4779 in
175 4722 242 4798 ipsa
264 4720 364 4795 Luna,
395 4723 425 4778 in
448 4721 529 4782 fibris
551 4723 685 4781 nimirum
707 4724 879 4799 magnetieis
901 4723 1058 4784 rectilincis
1080 4725 1209 4800 corporis
1231 4722 1371 4797 Lunaris,
1399 4737 1476 4799 quae

121 4806 215 4870 altero
238 4810 362 4869 termino
381 4816 485 4887 petunt
507 4809 645 4885 Terram,
676 4809 767 4870 altero
790 4811 906 4887 lugiunt
928 4829 946 4870 a
967 4810 1073 4886 Terra,
1105 4808 1174 4869 dum
1197 4812 1311 4871 interim
1333 4810 1397 4871 axis
1418 4810 1475 4873 iste
