3284 5520
10 4854 13 5043 l

716 357 759 412 De
777 355 905 413 Cometb.
1442 350 1487 420 1⁷

82 531 198 591 tione
227 530 323 593 inisse
345 531 588 609 septentrionale,
614 535 677 611 jam
701 552 820 595 oausam
843 534 919 594 banc
941 542 1039 597 tecum
1061 530 1157 590 babeo
1182 546 1379 604 communem
1409 546 1486 607 quo·

75 617 207 678 modo
242 622 336 697 igitur
363 619 587 680 succedentibus
619 621 723 682 diebus
753 634 820 701 post
846 625 970 701 primum
1000 620 1214 696 apparitionem
1244 620 1371 695 potuerit
1394 613 1486 700 (voce

70 704 244 779 Italica,
272 718 306 767 ut
329 702 467 790 apparet)
490 712 678 769 ouufflnorsr'
700 729 721 769 a
743 712 775 769 ln
796 714 897 785 spieo;
915 724 1019 768 aunon
1042 705 1198 783 legendum
1223 706 1361 779 Arcturo,
1385 713 1438 765 aut
1459 706 1487 765 sl

69 794 285 870 legendum
308 794 431 872 Spicea,
455 812 515 872 quo
540 799 628 873 igitur
651 815 739 857 sensu
762 797 841 857 hoc?
872 798 935 858 Nec
958 797 1049 867 enirn,
1080 812 1145 853 cum
1170 802 1312 870 peterem,
1346 802 1378 852 ut
1401 793 1486 853 dares

67 899 187 962 quae
217 886 322 959 posui,
346 882 403 944 hoc
425 900 472 943 mc
494 887 629 961 posuisse
650 887 769 945 innuere
796 885 886 959 volui,
910 884 1067 961 legendum
1085 900 1150 942 esse
1167 882 1291 942 Arcturo
1318 899 1371 957 pro
1388 881 1485 958 Spica,

65 969 150 1035 sed
184 969 321 1030 locutus
345 988 409 1029 sum
433 971 469 1030 de
492 973 687 1047 positionibus
709 976 766 1032 mei
790 972 978 1032 theorematis
1003 974 1057 1044 21,
1083 987 1159 1045 quae
1182 978 1250 1028 sunt
1273 972 1391 1029 omuino
1414 985 1486 1044 pos·

63 1056 239 1132 sibiles,
276 1057 381 1118 saltem
411 1063 605 1135 geometrice,
638 1061 736 1136 quoad
763 1059 860 1120 lineae
888 1064 977 1119 situm
1006 1069 1035 1118 et
1065 1058 1245 1134 trajectionis
1272 1056 1485 1117 lentitudinem.

68 1148 197 1223 Quae
227 1153 305 1203 sunt
327 1148 416 1221 igitur
437 1156 609 1222 argumenta
631 1166 707 1221 mea,
732 1149 839 1224 quibus
863 1148 1005 1208 initialem
1030 1156 1161 1205 cometae
1179 1145 1366 1205 latitudinem
1381 1147 1485 1204 evinco

64 1234 386 1307 septentrionalem
407 1234 523 1293 luiasei
555 1235 643 1307 Erat,
673 1237 769 1311 inquit
797 1238 986 1306 observator,
1018 1234 1073 1293 sub
1098 1232 1187 1292 Libra
1210 1251 1275 1293 eum
1298 1233 1392 1292 stellis
1414 1231 1485 1290 Vir-

68 1320 197 1404 ginis,
228 1320 332 1380 donec
354 1321 535 1381 adeieinaret
557 1321 673 1397 Spicae.
711 1322 886 1399 Priusquam
907 1322 1013 1398 Spioae
1037 1338 1213 1396 quoeunque
1236 1338 1323 1380 sensu
1347 1323 1486 1396 approxi-

71 1415 220 1479 maret,
248 1424 319 1467 cura
342 1408 435 1468 stellis
458 1418 519 1468 erat
534 1409 675 1486 Virginis.
713 1408 784 1470 Jam
806 1427 876 1470 vero
900 1428 1001 1469 omues
1023 1410 1140 1468 omniuo
1156 1408 1260 1468 sideris
1276 1407 1364 1483 hujus
1381 1408 1484 1467 stellae

77 1505 176 1563 sunt
208 1495 364 1569 boreales,
389 1509 512 1575 excepta
534 1495 624 1573 Spica
646 1506 676 1557 et
697 1515 756 1558 una
779 1501 877 1558 vicina
898 1515 995 1575 magn.
1016 1500 1049 1569 6,
1074 1495 1152 1573 apud
1176 1513 1249 1572 quas
1272 1495 1401 1555 nondum
1424 1503 1487 1555 erat

81 1590 237 1649 cometa
262 1585 358 1641 initio.
396 1583 467 1644 Erat
489 1586 578 1660 igitur
597 1587 680 1644 initio
695 1603 760 1644 cum
777 1585 868 1646 stellis
886 1581 1063 1658 borealibus,
1089 1582 1215 1642 borealis
1232 1592 1260 1643 et
1275 1586 1346 1659 ipsc.
1385 1582 1485 1642 Haec·

88 1675 173 1736 cine
214 1670 300 1730 sedit
328 1669 437 1747 plaga?
470 1672 581 1749 Accipe
610 1674 785 1750 graviorem.
831 1675 904 1733 Cum
929 1673 980 1733 Sol
1006 1676 1036 1731 in
1066 1670 1200 1747 ecliptica
1229 1671 1360 1741 incedat,
1390 1669 1485 1729 cauda

96 1765 258 1823 cometae
284 1761 313 1816 iu
330 1756 408 1818 Solis
431 1758 567 1819 tendatur
590 1764 772 1836 oppositum:
796 1778 855 1821 non
878 1763 978 1837 utique
1001 1762 1108 1838 poterit
1128 1760 1183 1817 nisi
1201 1760 1230 1817 in
1248 1767 1379 1817 austrum
1395 1758 1485 1830 tendi,

102 1850 133 1908 si
160 1854 266 1922 eaput
291 1845 427 1919 australe,
451 1864 505 1906 nec
528 1849 584 1906 uisi
608 1850 638 1905 in
662 1850 791 1923 boreum,
815 1852 840 1908 si
863 1849 990 1909 boreale.
1036 1848 1106 1908 dam
1129 1864 1199 1905 rero
1222 1847 1317 1905 cauda
1341 1846 1486 1905 ferebatur

109 1934 148 1995 ad
186 1936 296 2012 capita
327 1932 532 2008 Geminorum,
565 1952 641 2012 quae
671 1944 739 1994 sunt
769 1936 899 1997 borealia
926 1937 1064 2009 multum,
1098 1945 1186 2011 eaput
1215 1935 1304 2011 igitur
1332 1944 1361 1993 et
1390 1935 1485 2009 ipsum

112 2020 244 2082 boreale
269 2023 299 2078 in
322 2023 466 2098 principio
489 2025 691 2099 apparitionis.
730 2023 808 2084 Sane
831 2042 925 2099 neqrre
949 2025 1065 2083 videtur
1088 2025 1248 2081 emissurus
1271 2022 1360 2080 luisse
1384 2022 1486 2080 obser-

119 2120 208 2168 rator
233 2111 457 2170 annotationem
481 2109 572 2184 banc,
596 2128 655 2188 quo
678 2110 745 2171 loco
767 2114 846 2188 signi
867 2112 973 2171 Librae
997 2121 1110 2172 cometa
1132 2110 1286 2169 zodiacum
1309 2109 1487 2181 transiverit,

123 2200 144 2255 ai
165 2199 363 2256 transivisset
384 2214 420 2258 ac
442 2214 500 2257 nen
524 2200 624 2274 potius
645 2201 728 2259 initio
751 2203 850 2258 statim
866 2201 895 2257 in
911 2200 1030 2259 boream
1047 2200 1230 2259 declinasset.
1266 2196 1373 2255 Mirum
1389 2200 1486 2271 etiam,

128 2285 345 2344 observatorem
373 2288 542 2346 meminisse
565 2304 679 2346 crorum
702 2286 822 2361 Bootis,
855 2288 929 2347 inter
959 2305 1036 2363 qrrae
1069 2290 1243 2347 transiverat
1270 2295 1401 2358 cometa,
1432 2301 1486 2343 nec

132 2374 294 2431 neminisse
317 2373 450 2446 Arcturi,
475 2373 578 2433 eodem
602 2382 697 2434 tractu
721 2376 909 2434 occurrentis.
954 2375 1013 2435 Sed
1036 2376 1092 2435 hoe
1115 2374 1211 2434 levius
1235 2382 1280 2432 est
1302 2374 1486 2448 pertinetque

135 2458 312 2519 solummodo
335 2460 373 2519 ad
396 2461 594 2538 conjecturam
615 2461 652 2521 de
669 2462 898 2522 hallucinatione
914 2472 966 2520 aut
981 2464 1147 2540 sphalmate
1165 2461 1374 2522 ventilandam.
1413 2458 1487 2518 Cum

137 2546 212 2618 igitur
240 2548 450 2608 uec·aliirrnet
479 2551 666 2623 observator,
701 2559 846 2611 cometam
874 2568 909 2609 ex
933 2550 1053 2608 australi
1078 2549 1293 2624 hemisphaerio
1316 2550 1427 2616 ruisse,
1458 2554 1487 2605 et

139 2637 308 2709 argumentis
332 2635 519 2697 evidentibus
542 2638 758 2716 comprobetur,
781 2639 872 2697 luisse
889 2640 987 2696 statim
1005 2640 1088 2696 initio
1105 2632 1264 2707 borealem,
1286 2635 1368 2693 nulia
1383 2650 1487 2692 neces-

141 2721 198 2781 sitas
220 2739 275 2782 nos
298 2732 398 2799 urget,
422 2723 488 2803 plus
512 2724 576 2801 ejus
600 2727 692 2783 motui
718 2727 844 2785 tribuere
868 2727 897 2782 in
921 2727 1015 2784 orbita
1039 2726 1093 2785 sub
1117 2725 1182 2783 fixis
1206 2742 1293 2800 qnam
1317 2724 1487 2783 semicircu-

141 2804 197 2868 lum.
239 2809 379 2871 Nondum
401 2812 491 2888 igitur
513 2822 681 2889 expugnata
704 2822 749 2873 est
772 2814 939 2890 trajectoria
962 2823 1054 2885 recta,
1079 2814 1132 2873 sed
1153 2804 1341 2871 horrfirnrutur
1363 2809 1488 2870 eviden-

142 2896 237 2957 tissimo
259 2906 341 2958 motu
365 2906 425 2958 tem
447 2901 522 2958 initii
546 2917 635 2975 quam
656 2899 723 2959 tinio
746 2902 929 2973 tardissimo,
954 2900 1051 2961 medio
1075 2918 1144 2960 vero
1168 2899 1368 2967 velocissime,
1392 2895 1488 2957 cauda

230 3776 275 3839 Sit
298 3779 326 3840 A
348 3780 449 3851 Terra,
473 3782 524 3843 BC
539 3784 660 3861 pianum
680 3781 841 3856 ecliptloae,
866 3781 915 3841 rt:
932 3783 1108 3857 trajectoria,
1132 3801 1236 3844 secana
1252 3783 1376 3864 planum
1393 3786 1486 3864 eclip-

130 3861 200 3923 ticae
222 3866 252 3925 iu
276 3868 303 3927 D
327 3876 357 3929 et
381 3869 477 3929 diuisa
499 3873 529 3929 iu
552 3874 739 3949 traJectiones
763 3867 882 3928 diurnas
905 3866 1087 3953 longitudine
1110 3871 1260 3946 aequales.

227 3969 286 4031 Sed
311 3975 409 4033 missis
432 3978 561 4036 erraticis
581 3976 661 4036 hisce
677 3973 831 4043 sideribus,
856 3991 931 4048 quae
948 3974 1059 4034 dudum
1074 3974 1287 4054 disparuerunt,
1312 3978 1349 4036 ad
1366 3985 1485 4038 aeterna

126 4064 224 4115 iiosli'a
253 4068 445 4120 revertamur.
490 4070 540 4135 Er,
559 4085 625 4135 quas
644 4071 704 4119 haec
723 4073 875 4131 sequnntur:
900 4066 1012 4117 calculus
1032 4068 1154 4132 eclipseos
1173 4085 1196 4120 a.
1216 4073 1298 4135 1621,
1324 4072 1485 4130 Lougnmon·

126 4144 177 4190 tani
196 4145 362 4195 Astrenemle
383 4136 481 4196 Danics
500 4154 596 4205 taxata,
614 4148 762 4211 hypothesis
782 4147 866 4193 Lunae
884 4145 1027 4208 reformata,
1047 4146 1160 4197 sationes
1173 4149 1285 4197 Pueriles
1304 4155 1350 4197 ete.
1369 4145 1487 4208 leguntur

125 4212 150 4259 ln
170 4215 326 4273 praelatione
344 4216 378 4265 sd
390 4216 524 4281 Epitomen
540 4220 713 4267 Astrunomlao
733 4212 1001 4283 (voi.v1.p.33ss.)
1021 4224 1046 4266 et
1064 4220 1089 4266 in
1108 4220 1263 4280 praelatione
1280 4219 1312 4267 ad
1331 4218 1394 4267 Can.
1413 4217 1485 4269 Puer.

125 4291 185 4352 (rol.
204 4291 251 4344 tv,
274 4308 300 4357 p.
321 4295 398 4352 its).
442 4295 504 4345 Fine
530 4292 660 4344 literarum
687 4294 753 4344 redit
779 4292 903 4356 Keplerus
931 4295 964 4342 ad
991 4303 1113 4345 cometam
1140 4298 1180 4347 his
1208 4299 1306 4349 verbis:
1336 4289 1486 4349 Comeiica

125 4373 241 4441 (erugari
260 4380 325 4429 dicit
343 4377 473 4447 libellum)
500 4393 624 4436 censura
652 4394 718 4436 mea
739 4391 797 4433 uon
821 4374 962 4449 indigent.
1009 4376 1104 4435 Video
1128 4378 1234 4437 sudum
1258 4378 1486 4436 demonstratio·
1557 4408 1561 4415 ·

123 4473 192 4515 num
216 4457 490 4523 mathematicorum
506 4462 605 4523 Solem
628 4465 691 4524 sine
715 4461 839 4533 nebulis,
865 4461 951 4520 video
975 4470 1004 4521 et
1026 4463 1153 4524 hominis
1177 4474 1206 4525 et
1221 4467 1319 4542 scripti
1336 4467 1485 4540 ingenium

125 4544 351 4609 mathematicae
375 4550 556 4610 certitudinis
580 4567 684 4626 capax.
724 4549 827 4627 Spicas
851 4556 947 4609 tamen
964 4550 1078 4627 aliquas
1094 4554 1204 4628 passim
1220 4560 1249 4613 et
1266 4553 1332 4612 inde
1349 4551 1485 4626 legerem,

123 4634 148 4691 si
172 4639 290 4711 ternpus
311 4637 408 4698 lerret.
445 4637 512 4698 Hoc
536 4655 626 4698 unum
650 4637 768 4698 incidit:
793 4637 829 4696 de
851 4635 951 4713 lapide
974 4639 1012 4697 ad
1036 4638 1113 4718 ‹ri-soe
1136 4663 1283 4711 ποτιιμους
1305 4642 1396 4700 rerba
1418 4646 1487 4699 sunt

121 4720 299 4797 Aristotelis,
321 4726 352 4781 ni
366 4724 463 4797 fallor,
487 4728 558 4787 leia:
583 4722 640 4786 ὑπο
664 4746 827 4799 πνευματος
850 4722 985 4801 efferrens
1000 4748 1152 4805 προτερον,
1177 4744 1253 4803 quae
1270 4729 1362 4787 verba
1377 4736 1407 4788 ei
1422 4730 1486 4803 ipse

124 4806 194 4867 sitm
218 4808 255 4869 de
277 4818 367 4872 rento
390 4812 522 4875 intellexi
545 4815 656 4875 ctrisi.
703 4812 776 4888 Quia
800 4830 930 4887 unquam
954 4823 1076 4890 ventus,
1110 4831 1168 4874 non
1190 4832 1295 4876 saxum
1319 4815 1400 4892 dieo,
1433 4813 1486 4874 sed

201 4914 297 4971 &uun
308 4927 393 4983 om
414 4930 467 4975 nr.
559 4942 561 4947 ·
1256 4924 1274 4980 2
