3284 5520
310 1631 675 1748 liutitittllt
714 1628 1003 1746 ottollini
1038 1627 1466 1744 luditilltttltbtl

790 1914 999 1928 ΜΜΛΜ

322 2090 566 2152 Postulatum
589 2093 614 2154 l.
660 2091 769 2154 Omnes
800 2093 1004 2171 proportiones
1037 2092 1112 2149 inter
1141 2105 1174 2148 ss
1207 2087 1362 2164 aequales,
1396 2104 1577 2165 quacunque

217 2180 361 2239 varietate
394 2181 528 2240 binorum
560 2183 646 2240 unius
676 2188 705 2242 et
732 2181 866 2242 binorum
895 2179 1015 2239 alterius
1043 2177 1248 2251 terminorum,
1281 2174 1384 2236 eadem
1407 2178 1577 2252 quantitate

215 2267 312 2327 metiri
335 2285 388 2328 seu
411 2269 582 2344 exprimere.

321 2379 487 2441 Axloma
510 2381 534 2442 I.
580 2379 613 2441 Si
636 2381 744 2442 tuerint
766 2382 945 2458 quantitates
968 2387 1156 2455 quotcunque
1180 2376 1311 2453 ejusdem
1333 2378 1462 2454 generis,
1496 2393 1580 2453 qno«

217 2483 332 2544 cunque
349 2467 450 2528 ordine
472 2469 529 2528 sibi
546 2469 672 2529 invicem
695 2469 894 2542 succedentes,
919 2475 951 2526 ut
965 2469 989 2525 si
1015 2466 1114 2526 ordine
1135 2464 1344 2541 magnitudinis
1366 2465 1421 2523 sibi
1444 2466 1576 2525 invicem

215 2553 391 2627 succedant,
423 2558 573 2633 proportio
603 2565 794 2616 extremarum
818 2556 981 2632 composita
1004 2571 1068 2613 esse
1090 2553 1262 2628 intelligitur
1284 2571 1319 2613 ex
1344 2552 1479 2612 omnibus
1503 2569 1576 2629 pro-

215 2643 401 2719 portionibus
430 2642 608 2704 intermediis
636 2644 770 2703 binarum
801 2653 831 2705 et
863 2635 996 2703 binarum
1030 2643 1103 2700 inter
1133 2658 1165 2699 se
1195 2641 1374 2712 vicinarum,
1407 2656 1460 2699 seu
1492 2637 1577 2715 quod

216 2728 319 2790 eodem
348 2729 440 2804 redit,
476 2733 624 2808 proportio
655 2733 795 2792 minuitur
821 2739 908 2792 aucto
938 2731 1040 2788 minori
1071 2730 1193 2788 termino
1218 2727 1266 2790 vel
1289 2727 1431 2786 diminuto
1454 2727 1574 2803 majori,

216 2824 341 2894 augetur
363 2819 525 2878 rationibus
548 2821 707 2880 contrariis.

319 2929 344 2989 P
351 2933 547 3008 ropositio
575 2931 599 2989 l.
646 2930 782 2990 Medium
810 2930 1039 3007 proportionale
1070 2931 1151 2987 iuter
1183 2929 1259 2989 duos
1288 2930 1431 2987 immines
1460 2925 1577 2986 diuidit

214 3020 442 3096 proportionem
466 3022 668 3078 terminorum
690 3022 724 3077 in
746 3017 824 3076 duos
842 3020 1055 3093 proportiones
1076 3019 1157 3074 inter
1177 3033 1207 3074 se
1230 3016 1379 3091 aequales.

321 3104 397 3163 Nam
427 3107 451 3164 si
484 3115 552 3165 sunt
583 3105 640 3165 duo
670 3107 784 3165 termini
815 3122 973 3182 eorumque
1004 3103 1132 3163 medium
1163 3102 1397 3179 proportionale,
1432 3108 1478 3161 est
1503 3118 1575 3178 ergo

216 3191 292 3250 inter
323 3200 382 3251 tres
415 3197 594 3268 quantitates
628 3193 765 3270 analogia
799 3210 850 3252 seu
885 3191 1151 3269 proportionalitas.
1205 3193 1243 3249 At
1272 3190 1409 3266 analogia
1435 3189 1576 3248 definitur
1625 3214 1630 3224 ·

216 3278 395 3354 aequalitate
418 3303 476 3340 ron
499 3284 603 3361 λογων,
631 3283 868 3358 proportionum,
893 3297 983 3357 quare
1005 3281 1209 3356 proportiones
1232 3280 1361 3337 sectione
1386 3278 1579 3350 constitutae,

216 3373 319 3443 utpote
342 3376 440 3444 partes
462 3370 658 3445 proportionis
681 3371 771 3428 totius
794 3370 970 3444 propositae,
993 3377 1062 3426 sunt
1084 3370 1160 3426 inter
1180 3383 1213 3425 se
1236 3365 1386 3440 aequales.

322 3480 490 3540 Axioma
518 3481 557 3539 Il.
603 3481 633 3540 Si
669 3482 775 3541 luerint
808 3483 987 3556 quantitates
1022 3487 1226 3556 quotcunque,
1265 3485 1429 3538 crescentes
1463 3475 1578 3549 ordine,

217 3568 367 3643 proportio
396 3575 589 3627 extremarum
613 3568 709 3628 divisa
732 3577 776 3627 est
798 3586 850 3645 per
872 3567 1059 3628 intermedias
1082 3570 1111 3624 in
1134 3575 1232 3644 partes
1255 3583 1315 3625 uua
1336 3565 1453 3642 plures,
1487 3580 1580 3640 quarn

219 3660 287 3712 sunt
310 3654 507 3729 intermediae,
533 3655 706 3715 divisionem
729 3656 880 3716 iacientes.

322 3756 367 3810 Sic
385 3764 501 3824 quatuor
519 3756 664 3812 interstitia
682 3756 826 3823 digitorum
845 3762 963 3823 arguunt
982 3756 1100 3824 quinque
1118 3753 1227 3823 digitos.
1261 3752 1305 3806 Sic
1322 3751 1443 3820 quinque
1460 3766 1580 3820 corpora

216 3832 365 3903 regularia,
397 3834 447 3889 sibi
470 3835 583 3890 invicem
602 3836 705 3890 inserta
727 3834 821 3888 ordine
840 3835 1007 3904 interpositis
1027 3833 1137 3888 orbibus
1156 3831 1292 3900 inscriptis
1312 3840 1339 3885 et
1357 3830 1579 3900 circumscriptis,

216 3919 343 3982 arguunt,
363 3912 468 3968 orbium
487 3914 579 3969 talium
599 3930 648 3969 sex
667 3928 736 3967 esse.

322 4002 560 4063 Postulatum
584 4005 623 4064 ll.
670 4005 891 4082 Proportionem
916 4007 993 4064 inter
1016 4003 1100 4063 datos
1125 4003 1199 4063 duos
1224 4005 1360 4062 terminos
1384 4020 1579 4081 quoscunque

217 4088 348 4149 dividere
377 4093 405 4148 in
433 4101 530 4167 partes
559 4101 746 4169 quotcunque
776 4088 825 4175 (ut
847 4095 876 4151 in
900 4102 998 4170 partes
1021 4108 1140 4151 numero
1165 4094 1303 4150 continue
1327 4089 1483 4169 multiplici
1507 4109 1578 4171 pro·

216 4178 374 4255 gressionis
397 4176 544 4264 binarius)
575 4188 605 4240 et
635 4198 669 4241 eo
702 4198 811 4258 usque,
844 4180 938 4240 donec
969 4186 1065 4256 partes
1096 4181 1225 4238 oriantur
1256 4186 1381 4237 minores
1411 4183 1578 4256 quantitate

217 4267 378 4344 proposita.

322 4363 467 4434 Proportio
485 4365 557 4421 enim
576 4371 619 4421 est
637 4364 719 4420 etiam
736 4379 791 4420 una
810 4380 844 4419 ex
863 4365 1061 4435 quantitatibus
1080 4364 1230 4433 continuis,
1249 4365 1276 4420 in
1295 4363 1430 4421 infinitum
1449 4365 1578 4422 dividuis.

218 4438 287 4498 Vide
305 4441 350 4498 hio
367 4451 464 4515 typum
481 4442 582 4500 diuisae
601 4444 785 4515 proportionis
803 4444 873 4499 inter
892 4447 932 4514 10,
951 4445 968 4499 i
986 4460 1037 4515 per
1054 4445 1088 4500 30
1106 4443 1324 4515 proportionales
1342 4443 1455 4499 medias.
