3284 5520
585 340 747 411 liphsmeris
766 342 801 399 11
819 356 920 398 annum
941 342 1016 397 1617.
1414 343 1479 414 483
1602 300 1607 309 Ι

121 514 153 573 iu
176 512 258 574 Salis
289 524 318 575 et
347 516 456 579 Terrae
484 518 669 579 intervalium
693 529 837 589 (Progymn.
856 529 877 577 1.
896 526 1280 593 11111110011111411).
1327 518 1378 580 Me
1408 538 1479 581 vero

122 603 224 677 coegit
246 606 353 679 partim
375 606 591 682 contemplatio
606 607 799 683 parallaxium
822 605 935 679 Martis,
960 614 991 664 ut
1014 603 1113 665 videre
1136 608 1233 664 estin
1257 606 1479 668 Commentariis

121 686 238 767 plsrtis,
262 693 367 766 partim
381 692 546 767 methodus,
569 695 727 770 eclipsibus
749 694 894 753 solaribus
918 700 947 752 et
968 692 1120 752 lunaribus
1143 695 1250 766 innixa,
1274 702 1307 752 ut
1321 697 1479 756 minuerem

121 772 203 835 80111
226 777 401 854 parallaxes.
446 780 508 840 Nec
531 781 811 841 demonstrationum
833 779 1077 840 Ptolemaiearum
1100 784 1251 840 11111111
1274 789 1330 854 eet,
1355 791 1387 842 ut
1409 782 1478 842 reli·

121 864 235 939 110ιί11
258 867 410 926 tractanda
432 868 518 927 luerit
540 871 689 944 quantitas
711 869 798 944 hujus
821 867 1005 944 parallaxeos
1028 867 1106 926 Solis
1128 869 1166 927 ah
1189 869 1240 927 illo
1263 869 1388 945 prodita,
1412 888 1477 930 cum

121 948 172 1011 ills
194 967 256 1011 una
277 953 411 1013 involvat
433 957 605 1016 inconcessa
628 955 664 1015 de
686 955 765 1015 Solis
789 955 938 1027 diametro,
962 963 1093 1014 assumat
1113 958 1201 1014 etiam
1215 973 1267 1015 seu
1284 959 1381 1034 potius
1397 968 1478 1033 aptet

121 1040 358 1100 aestimationem
381 1041 537 1118 digitorum
561 1043 762 1120 eclipticurum
785 1046 814 1100 io
837 1042 935 1115 11111,
959 1060 1017 1102 rem
1041 1042 1120 1118 quod
1144 1042 1216 1102 haee
1239 1045 1351 1103 minuta
1374 1050 1478 1105 attinet

121 1122 208 1185 rslde
232 1126 384 1188 lubricam.
421 1129 526 1205 ltaque
549 1130 602 1189 Sol
624 1131 694 1190 mihi
719 1130 756 1190 ad
778 1136 858 1189 1600
882 1129 1149 1189 semidiametorum
1163 1130 1270 1191 Terrae
1293 1131 1476 1191 altitudinem

121 1212 270 1287 ascendit,
293 1214 428 1292 Tychoui
450 1221 545 1276 miuus
569 1236 658 1293 quam
684 1224 776 1277 1200.
822 1216 939 1276 Placuit
961 1226 1059 1276 autem
1081 1216 1151 1274 mihi
1175 1218 1317 1277 rotundus
1339 1236 1477 1279 numerus

122 1304 225 1373 1600,
250 1310 282 1359 11
304 1312 382 1362 esset
405 1303 583 1380 trigecuplus
605 1306 718 1364 circiter
738 1305 895 1364 distantiae
918 1305 1020 1365 Lunae
1044 1322 1063 1363 a
1085 1303 1191 1380 Terra,
1222 1322 1299 1381 qaae
1323 1314 1368 1365 est
1390 1309 1475 1383 quasi

121 1392 162 1447 60
185 1387 468 1450 semidiametrorum
497 1391 621 1466 Terrae,
649 1401 737 1467 atque
766 1395 809 1452 sic
837 1391 940 1452 eadam
970 1401 1049 1451 esset
1077 1393 1225 1467 proportio
1256 1393 1475 1454 intervallorum

121 1472 198 1535 Solis
222 1485 252 1535 et
267 1474 384 1549 Terrae,
407 1477 569 1554 Lunaeque
592 1487 621 1538 et
636 1479 754 1553 Terrae,
777 1497 853 1555 quae
876 1488 920 1538 est
943 1478 1157 1539 revolutionum
1174 1479 1299 1540 Telluris
1323 1489 1352 1540 et
1374 1481 1476 1543 Lunae

121 1563 198 1621 cirea
222 1561 298 1621 idem
323 1565 412 1623 veluti
437 1574 566 1625 centrum
589 1565 725 1627 Telluris.

227 1655 256 1709 8.
296 1651 493 1712 Diametrum
516 1653 594 1712 Solis
622 1660 823 1728 apparentem
850 1654 989 1711 constitui
1017 1669 1075 1710 uon
1104 1669 1170 1711 eum
1191 1652 1363 1713 Ptolemaeo
1387 1672 1476 1730 prae-

121 1744 240 1812 postera
266 1739 405 1799 methodo
430 1758 465 1799 ex
487 1743 697 1816 posterioribus
719 1743 747 1798 in
770 1742 875 1799 notitia
898 1741 1052 1815 minusque
1074 1737 1155 1813 fidis,
1188 1740 1240 1799 aed
1269 1758 1335 1801 eum
1358 1741 1474 1802 Braheo

121 1840 157 1883 ax
186 1825 280 1900 ipsius
302 1825 381 1886 Solis
410 1829 615 1888 observatione
643 1830 775 1904 propria,
805 1828 842 1887 da
865 1845 924 1903 qua
947 1825 1014 1886 vide
1037 1824 1174 1903 Optieam
1196 1844 1260 1905 cap.
1287 1836 1336 1887 11.
1382 1829 1476 1904 Igitur

121 1911 152 1969 ia
174 1928 310 1990 apogaeo
332 1914 419 1990 plane
442 1914 563 1975 eandem
587 1915 679 1991 prodo
703 1932 792 1990 quam
807 1913 918 1991 Tyoho,
944 1916 972 1972 in
995 1916 1131 1990 perigaeo
1155 1919 1252 1989 coligit
1266 1918 1361 1991 ipsum
1378 1916 1474 1994 hypo·

121 1996 240 2060 theseos
262 2018 333 2060 suae
355 2001 457 2076 iorma,
480 2012 513 2061 ut
535 2002 675 2078 majorem
699 2021 787 2078 quam
809 2019 865 2076 ago
888 2018 946 2059 unu
968 2001 1106 2077 scrupulo
1130 2001 1275 2077 proderet.

229 2093 257 2146 9.
297 2088 358 2147 Etsi
383 2107 451 2149 vero
474 2098 587 2149 mutata
609 2089 751 2165 paraliari
774 2088 853 2148 Solis
875 2088 1035 2163 obliquitas
1057 2088 1210 2162 eclipticas
1231 2089 1381 2149 aBraheo
1405 2106 1477 2149 cun·

121 2173 226 2233 artua
256 2174 382 2250 indeque
413 2176 580 2253 dependens
611 2177 820 2237 demonstratio
851 2176 1074 2234 eccentrieitatis
1102 2179 1370 2253 aequationumque
1398 2177 1477 2237 Solis

121 2258 193 2319 lima
215 2260 373 2338 indigeret,
405 2263 476 2322 nihil
500 2276 596 2324 tamen
621 2267 650 2321 in
674 2265 729 2323 hac
751 2262 904 2337 eclipticas
927 2262 1101 2337 obliquitate
1124 2266 1250 2336 mutavi,
1280 2263 1376 2340 quod,
1400 2281 1477 2340 quae

122 2348 152 2405 in
174 2364 212 2408 aa
234 2351 339 2409 mutari
364 2350 510 2425 deberent,
533 2353 646 2410 minimi
669 2352 788 2409 effeetus
811 2357 917 2409 essent

230 2442 280 2497 10.
321 2435 390 2496 Jam
413 2437 492 2513 qaod
514 2437 640 2497 Lunam
663 2440 757 2513 ipsam
778 2440 897 2515 propius
911 2438 1026 2513 attinet,
1048 2436 1270 2511 longitudinem
1292 2440 1358 2509 eius
1372 2454 1393 2495 a
1408 2436 1477 2496 Sole

121 2519 160 2579 ad
188 2528 323 2599 tempora
351 2523 463 2597 media,
493 2524 595 2600 qualia
624 2527 683 2586 iere
714 2534 783 2585 sunt
812 2526 840 2582 in
868 2525 1017 2600 principiis
1047 2523 1150 2582 Cancri
1181 2533 1210 2583 et
1233 2524 1400 2601 Capricorni
1423 2520 1476 2605 (er

121 2606 230 2668 Brahei
254 2619 330 2670 certe
353 2613 499 2672 sententia
520 2612 705 2689 simpliciter,
736 2630 772 2672 ex
794 2611 918 2671 aliorum
942 2626 1010 2670 vero
1034 2611 1100 2670 loeo
1124 2613 1197 2669 inter
1219 2620 1359 2687 punctum
1381 2614 1475 2688 tropi-

122 2710 188 2753 cam
212 2704 242 2755 et
266 2699 392 2757 vicinum
407 2717 571 2776 apogaeum
587 2699 665 2758 Solis
680 2693 868 2778 intermedio)
892 2700 998 2757 retinui
1021 2697 1153 2767 eandem,
1178 2716 1265 2773 quam
1288 2699 1390 2776 Tycha
1414 2706 1476 2757 tra·

122 2779 196 2841 didit
225 2782 264 2843 ad
291 2802 345 2843 sna
373 2793 522 2866 tempora3
551 2786 604 2845 sed
632 2789 673 2845 aie
703 2788 802 2863 aptavi
826 2793 936 2845 motum
959 2784 1165 2860 longitudinis,
1196 2793 1229 2844 ut
1251 2785 1423 2861 quantulum
1446 2788 1475 2842 in

124 2866 201 2928 Solis
227 2870 324 2930 medio
348 2884 427 2931 motu
445 2876 596 2933 varietatis
613 2873 752 2933 incideret
766 2880 883 2949 propter
897 2877 1073 2949 praemissas
1088 2888 1201 2944 causas,
1226 2872 1370 2931 tantulum
1388 2875 1476 2932 etiam

122 2958 306 3033 muongeret
327 2962 356 3017 iu
380 2960 477 3019 medio
502 2960 603 3019 Lunae
624 2970 706 3019 motu
728 2961 767 3020 ab
789 2962 985 3035 aequinoctio,
1009 2958 1089 3035 quod
1107 2944 1204 3018 tamen
1221 2960 1276 3020 bac
1290 2969 1388 3020 aetate
1404 2977 1476 3019 eon-

123 3047 328 3104 temtissimum
350 3048 422 3123 quid
444 3046 618 3107 accumulat.

230 3138 281 3192 11.
319 3136 516 3195 Anomaliam
541 3135 651 3193 Lunae
678 3130 817 3214 (ejusque
845 3133 911 3192 loco
942 3140 1053 3192 motum
1083 3138 1208 3210 apogaei
1237 3136 1293 3193 sub
1324 3130 1475 3215 ecliptica)

124 3218 258 3296 relinquo
280 3220 451 3297 simpliciter
474 3222 564 3294 iilam,
588 3239 675 3297 quam
691 3220 793 3297 Tycha
809 3220 906 3278 Brahe
929 3220 1033 3278 tradit:
1057 3220 1128 3278 nihil
1152 3223 1228 3279 enim
1252 3222 1393 3281 hacteuus
1410 3230 1475 3280 teu·

125 3309 185 3365 tavi
209 3309 239 3365 in
263 3306 351 3383 hujus
373 3309 538 3369 anomaliae
561 3309 851 3379 demonstrationem,
883 3328 901 3364 a
922 3307 1078 3366 Braheauo
1101 3315 1301 3383 computatore
1324 3309 1365 3366 11.
1390 3308 1476 3368 Chri-

124 3394 220 3454 stiauo
243 3393 387 3469 Severini,
410 3397 572 3472 professore
595 3413 671 3453 uuue
694 3394 865 3467 Hailnieusi,
890 3393 991 3453 ultimo
1015 3397 1204 3469 recognitam.

232 3484 281 3540 ta.
312 3482 422 3542 Lunae
436 3487 470 3541 in
485 3485 599 3558 copulis
614 3485 827 3558 aequationem
842 3484 1013 3541 maximam
1028 3484 1164 3540 constitui
1182 3480 1217 3539 50
1228 3485 1266 3553 0‘,
1290 3498 1355 3541 cum
1372 3480 1475 3559 Tycha

125 3569 364 3645 sssqaiscrupulo
386 3570 495 3630 habeat
517 3573 667 3629 minorem.
712 3569 787 3628 Nam
814 3586 902 3644 quarn
926 3572 1171 3646 opportunitatem
1199 3568 1248 3628 ille
1276 3572 1424 3644 quaesivit
1445 3571 1475 3625 in

125 3670 245 3714 11111010
274 3657 400 3716 rotundo
425 3658 523 3729 8100,
556 3664 693 3732 tangente
725 3655 826 3731 anguli
850 3652 885 3713 40
908 3655 959 3715 580
985 3655 1058 3727 210,
1091 3654 1212 3715 eandem
1242 3672 1297 3732 ego
1325 3655 1417 3716 habui
1446 3657 1475 3713 in

124 3741 251 3803 rotundo
279 3761 399 3803 numero
430 3745 572 3819 graduum
601 3745 785 3818 aequationis
816 3746 960 3801 maximae
988 3742 1127 3819 simplicis
1152 3742 1186 3801 50
1209 3740 1254 3815 0¹,
1288 3753 1426 3819 acceptae
1456 3762 1476 3803 a

125 3830 285 3889 veteribus.
330 3831 368 3890 Et
390 3832 458 3906 quid
483 3831 667 3890 tribuendum
690 3830 738 3888 hic
760 3840 838 3889 esset
860 3830 1025 3902 veteribus,
1049 3829 1182 3905 exemplo
1204 3829 1305 3889 docuit
1328 3830 1474 3889 Braheus:

125 3931 187 3975 1111
213 3919 290 3977 enim
313 3916 355 3975 illi
379 3918 591 3994 longitudinem
615 3925 645 3977 et
667 3916 851 3975 latitudinem
875 3916 976 3975 Lunae
998 3920 1169 3975 statuissent
1191 3918 1340 3993 aequales,
1363 3925 1475 3976 utram·

124 4020 180 4079 qus
206 4001 257 4077 50,
288 4004 391 4081 Tycha
414 4006 509 4065 Brahe
533 4006 562 4063 id
586 4004 660 4064 adeo
684 4003 830 4062 mordicus
854 4006 987 4076 retinuit,
1020 4013 1052 4061 ut
1080 4022 1138 4062 ono
1167 4001 1284 4064 illorum
1306 4014 1419 4064 11111110
1442 4008 1473 4063 in

125 4086 158 4149 40
180 4090 236 4149 580
261 4093 334 4162 220,
359 4095 446 4153 etiam
470 4093 593 4152 aiterum
618 4093 647 4149 in
670 4090 790 4150 eandem
815 4093 1009 4165 quantitatem
1032 4093 1206 4152 transferret.

229 4177 283 4238 Sic
309 4186 408 4239 antem
438 4181 527 4240 habet
554 4197 600 4239 res
629 4195 694 4237 eum
725 4178 781 4236 hac
802 4180 973 4237 mutatione.
1018 4178 1061 4235 Ex
1083 4178 1246 4239 Ptolemaei
1269 4179 1473 4239 demonstratis

124 4267 326 4325 eecentricitas
348 4267 451 4326 Lunae
477 4266 551 4347 (ipse
574 4265 819 4326 semidiametrum
842 4264 973 4342 appellat
995 4265 1130 4341 epicycli)
1153 4268 1284 4340 sequitur
1305 4284 1359 4325 scr.
1385 4268 1413 4324 5.
1433 4268 1472 4326 tt

124 4350 161 4411 de
182 4368 239 4413 sar.
265 4360 316 4429 60,
338 4353 396 4415 boo
417 4363 462 4413 est
485 4357 569 4413 8100
593 4353 630 4414 de
652 4352 868 4412 semidiametro
896 4358 1031 4425 100000,
1055 4370 1132 4427 quae
1146 4352 1325 4412 subtendent
1346 4355 1376 4410 in
1398 4370 1473 4412 auo·

122 4437 296 4513 1111111900,
320 4438 356 4500 40
368 4441 418 4500 590
432 4441 510 4515 27‘⁴;
533 4443 563 4499 11
579 4440 726 4501 anomalia
741 4456 810 4499 vero
826 4438 882 4498 960
904 4440 937 4498 iit
951 4439 1122 4499 Ptolemaeo
1138 4442 1275 4514 aequatio
1293 4437 1327 4498 5⁰
1344 4438 1381 4512 1‘,
1396 4448 1428 4498 ut
1444 4443 1474 4499 in

121 4525 232 4587 11111111
255 4526 418 4589 Ptolemaei
443 4528 542 4588 videre
565 4536 619 4587 est.
656 4527 850 4587 Retinuerunt
872 4528 959 4584 istam
982 4528 1174 4601 quantitatem
1189 4526 1393 4603 Albategnius,
1418 4525 1472 4585 Al-

121 4612 264 4693 lrsgsaus
285 4615 388 4675 etalii
412 4633 505 4692 usque
528 4614 566 4674 ad
584 4615 791 4690 Alphcnsinoa,
815 4617 865 4689 qui
888 4616 1101 4672 constituerunt
1122 4632 1187 4672 earn
1209 4616 1349 4674 minorem
1371 4614 1470 4690 paulo,

121 4708 154 4761 ut
175 4710 257 4762 esset
279 4705 418 4779 aequatio
441 4706 470 4761 in
493 4703 642 4764 anomalia
666 4696 741 4774 900,
767 4696 806 4759 40
830 4703 888 4760 54’
912 4702 952 4759 54
962 4700 991 4772 0,
1021 4702 1050 4758 11
1073 4699 1220 4760 anomalia
1243 4700 1322 4776 060,
1344 4700 1387 4759 40
1409 4702 1472 4760 560.

121 4788 160 4851 tit
181 4786 364 4869 Ocpemloas
386 4807 441 4851 sua
463 4796 583 4853 inventa
604 4791 779 4867 pronunciat
800 4786 990 4866 hlphonsiuia
1012 4796 1220 4863 consentanea,
1243 4791 1344 4865 itaque
1365 4787 1472 4849 Prote·

1193 4892 1265 4953 010
