3284 5520
564 340 717 399 admonitio
735 338 769 399 ad
788 342 975 398 Astronomos.
1013 342 1089 398 teet.
1435 341 1498 411 589

146 521 285 583 munatio
307 521 453 581 radiorum
476 519 614 581 solarium
637 519 719 580 nulla
740 522 886 597 pertingit,
910 530 962 580 ant
975 523 1092 598 penitus
1108 528 1273 589 evanescet,
1295 528 1348 582 aut
1364 522 1413 580 rix
1428 539 1499 582 con·

143 612 219 687 spici
243 612 358 670 cinereo
381 607 478 667 colore
501 611 615 686 poterit,
639 611 808 685 praesertim
831 611 908 668 circa
930 608 1068 670 medium.

194 771 246 826 De
268 768 346 827 aliis
368 769 456 826 solis
478 768 794 837 interceptionibus,
816 779 906 839 quas
928 768 995 824 hoc
1017 781 1107 826 anno
1130 769 1214 824 teet.
1237 768 1445 838 contingent.

249 878 427 955 Scripseram
461 874 706 938 Admonitionem
736 875 775 936 ad
796 880 926 937 curiosos
948 895 1042 938 rerum
1065 878 1235 939 coelestium
1258 881 1330 939 satis
1352 880 1496 955 prolixam

141 965 181 1025 de
213 967 329 1025 incursu
352 965 475 1025 Veneris
505 971 536 1025 et
557 962 693 1023 Mercurii
721 968 749 1022 in
782 962 895 1025 discum
917 964 995 1025 Solis
1022 967 1170 1025 mensibus
1193 966 1353 1027 Novembri
1382 976 1411 1026 ct
1433 966 1497 1027 De-

142 1053 263 1125 cembri,
289 1061 408 1129 cratque
431 1053 555 1125 animus,
579 1069 643 1111 eam
667 1051 894 1111 admonitionem
916 1052 985 1113 huic
1000 1052 1184 1129 Ephemeridi
1201 1056 1231 1112 in
1248 1053 1393 1114 vestibulo
1408 1072 1495 1129 prae-

142 1141 272 1200 mittere.
318 1140 391 1199 (lum
414 1157 483 1199 vero
507 1138 690 1211 Bartschius,
723 1138 837 1216 collega
864 1158 945 1199 ruens
976 1143 1006 1197 iu
1029 1140 1231 1218 computandis
1254 1140 1497 1217 Eplremeridibus

143 1236 177 1288 et
206 1243 298 1301 nune,
328 1226 407 1303 quod
435 1226 505 1286 ielix
534 1226 720 1302 faustumque
748 1230 801 1294 sit,
833 1230 919 1285 etiam
942 1245 1043 1303 gener,
1074 1231 1120 1287 cui
1143 1228 1338 1304 Ephemerida
1360 1227 1496 1288 dederam

141 1314 370 1374 Franlroiurtum
394 1313 612 1391 deportandam,
636 1331 701 1373 eum
725 1316 749 1371 is
772 1317 890 1389 inquam
914 1332 1009 1374 moras
1031 1315 1088 1373 sibi
1109 1315 1222 1375 videret
1237 1316 1368 1391 objectas
1385 1318 1414 1372 in
1429 1333 1495 1392 per-

142 1401 271 1461 ficiendo
299 1404 401 1462 itinere
430 1400 598 1477 deleretque
620 1400 815 1477 premerida
838 1419 896 1477 quo
920 1418 974 1477 ego
998 1410 1126 1478 tempore
1148 1405 1336 1478 promiseram
1360 1420 1418 1460 uon
1441 1421 1495 1462 ex-

142 1488 240 1548 hiberi
263 1505 350 1565 posse
373 1488 497 1566 publice,
523 1487 674 1547 eonsilium
698 1489 775 1565 cepit
795 1504 852 1546 non
880 1491 1034 1565 ingratum,
1057 1488 1295 1550 Admonitionem
1312 1489 1391 1549 illam
1415 1507 1497 1550 seor-

140 1578 199 1635 sim
237 1577 315 1654 typis
351 1578 524 1651 exscriptam
562 1576 699 1635 nundinis
734 1575 951 1635 autumnalibus
983 1576 1173 1653 Lipsensibus
1206 1577 1297 1653 vulgo
1333 1579 1495 1637 eommuni-

142 1662 232 1721 candi
256 1680 348 1740 caque
372 1680 461 1739 opera
483 1665 620 1738 temporis
643 1661 780 1721 damnum
802 1663 954 1738 pensandi.
992 1663 1055 1741 Ego
1078 1666 1186 1740 itaque,
1209 1667 1332 1741 receptis
1346 1665 1406 1742 jam
1422 1682 1496 1741 quas

143 1749 188 1809 illi
212 1750 346 1810 serendas
369 1749 505 1832 dederam
528 1749 786 1826 Ephemeridibus‚
810 1759 907 1810 actum
931 1768 1017 1826 agere
1040 1750 1215 1827 dedignatus
1237 1770 1319 1826 sum,
1343 1759 1495 1813 contentus

141 1837 344 1896 admonitione
367 1838 423 1896 hac
446 1839 577 1910 emtoris,
602 1844 633 1895 ut
655 1840 793 1914 paginam
815 1837 922 1897 dietam
946 1837 1025 1914 apud
1048 1837 1224 1916 bibliopolas
1247 1841 1376 1916 requirat
1398 1841 1495 1916 operi-

140 1943 201 2000 que
226 1924 450 2001 Ephemeridum
482 1920 577 2005 (quod
609 1924 726 2000 quidem
755 1942 806 2001 per
837 1925 900 2001 ejus
930 1927 1055 2002 paginae
1083 1927 1246 1986 absentiam
1277 1926 1349 1985 nihil
1378 1926 1413 1986 de
1441 1944 1494 1985 sua

138 2011 240 2089 perdit
262 2006 445 2091 integritate)
468 2015 492 2070 si
516 2011 662 2071 ridebitur
684 2013 852 2090 conjungat.

248 2145 318 2199 Haec
338 2149 515 2208 „Admonitio“
535 2151 575 2198 bis
593 2151 661 2213 typis
679 2164 773 2199 excuse
791 2155 840 2210 est,
860 2152 929 2212 prius
948 2147 1037 2214 (1629)
1057 2151 1158 2212 Lipsiae
1176 2149 1403 2212 („Joan·Albertns
1423 2150 1491 2199 Mlu-

139 2218 225 2269 1elins
244 2218 424 2285 exenterare),
443 2228 533 2285 postea
550 2221 638 2283 (1630)
659 2219 812 2269 Francoiurti
830 2221 916 2284 „apud
935 2221 1099 2271 (iodeirldum
1117 2220 1319 2284 Tampachium.“
1356 2221 1492 2286 inscriptio

139 2290 265 2339 editionis
283 2290 422 2353 Lipsiensis
440 2288 500 2339 tells
518 2298 568 2339 est:

650 2393 807 2476 loannis
834 2393 985 2496 llcplori

510 2522 811 2580 Mathematici
842 2524 1048 2579 Caesarei
1076 2531 1127 2578 etc.

271 2630 343 2693 De
366 2633 486 2694 raris
509 2633 732 2712 mirisque
755 2634 865 2696 anni
887 2632 992 2695 1631
1018 2633 1368 2706 Phaenomenis

199 2744 323 2806 Veneris
346 2756 419 2823 puta
442 2756 470 2807 et
494 2746 628 2808 Mercurii
652 2750 679 2805 in
704 2747 803 2808 Solem
825 2750 957 2823 incursu,
980 2749 1158 2808 Admonitio
1181 2746 1219 2807 ad
1243 2749 1434 2808 Asuonomos

558 2853 711 2911 rerumque
726 2835 895 2896 coelestium
910 2836 1066 2897 studiosos.

138 2950 282 3020 Excerpta
300 2966 334 3006 ex
346 2950 525 3019 Ephemeride
543 2953 606 3006 anni
622 2952 695 3007 tesi.
714 2957 742 3006 et
760 2960 834 3008 certo
847 2952 976 3009 Aetheris
995 2953 1108 3008 consilio
1129 2953 1193 3008 huic
1212 2952 1360 3024 praemissa
1380 2958 1408 3007 et
1420 2951 1493 3006 edite

808 3070 822 3101 8

519 3145 566 3202 M·
586 3145 735 3202 Jacobs
753 3147 966 3215 Bartselrlo,
984 3147 1116 3203 Laubano

688 3238 763 3286 Math.
783 3244 808 3285 et
825 3237 891 3287 Med.
909 3238 940 3287 D.
1021 3312 1024 3319 Ι
1087 3252 1100 3267 ·

247 3374 373 3423 Editlonis
391 3375 605 3425 Francoiurtensis
624 3379 754 3443 inscriptio
774 3379 821 3426 hoc
839 3384 936 3425 tantum
955 3377 1038 3424 diflert
1056 3391 1071 3423 a
1089 3378 1179 3438 priore,
1198 3377 1265 3439 quod
1285 3378 1431 3438 impressum
1453 3366 1490 3424 est

143 3442 330 3508 „lieppleri¹‘
348 3459 393 3506 pro
414 3444 578 3510 „Kepleri“
599 3454 623 3496 et
641 3449 691 3494 tale
711 3450 787 3497 habat
805 3450 918 3496 initium:
948 3448 1092 3494 admonitio
1113 3446 1144 3493 ad
1163 3453 1318 3494 astronomos
1337 3454 1382 3494 etc.
1402 3447 1431 3493 de
1451 3461 1488 3494 ra·

142 3517 177 3562 ris
197 3524 237 3562 etc
238 3550 405 3566 .......
425 3517 482 3563 huic
500 3521 637 3577 praemissa
655 3516 805 3585 iterumque
824 3519 891 3566 edita
909 3524 954 3565 etc.
992 3518 1125 3578 Utramque
1144 3516 1279 3567 editionem
1299 3515 1398 3564 dedicat
1417 3517 1489 3563 Bart-

142 3586 229 3632 schius
242 3584 360 3648 Philippo
375 3584 489 3648 Mullero,
507 3587 535 3633 ln
553 3590 630 3651 priori
649 3591 686 3637 sic
699 3591 822 3639 scribens:
843 3585 953 3647 „Excell
968 3588 1128 3651 Liprsnsium
1140 3587 1323 3647 mathematico,
1342 3587 1402 3633 Viro
1416 3601 1490 3648 prae-

142 3653 282 3703 clarissimo
302 3656 333 3705 l).
354 3655 502 3719 Philippo
521 3656 673 3719 Muliero,
693 3658 760 3708 bled.
772 3659 826 3709 Lic.
840 3665 865 3705 et
876 3658 902 3705 P.
916 3657 954 3716 P„
973 3657 1004 3707 D.
1025 3657 1116 3704 tantari
1135 3662 1160 3702 et
1172 3658 1324 3717 praeceptori
1338 3654 1407 3717 olim,
1426 3670 1491 3704 nuuc

141 3725 239 3787 hospiti
261 3726 452 3773 honoratissimo
478 3728 583 3774 salntem
608 3735 631 3775 et
654 3726 849 3776 incolumitatem
875 3723 1068 3787 omnimodum,“
1096 3729 1122 3772 in
1147 3728 1278 3789 posteriori
1303 3727 1342 3773 his
1366 3725 1491 3776 allocutus

140 3794 290 3842 Mullorum:
318 3793 476 3855 „Clarissima
500 3803 573 3860 atque
592 3797 801 3847 excellentissime
819 3799 876 3858 Vir,
903 3798 934 3846 Ι).
954 3795 1018 3844 Phil.
1037 3794 1153 3855 Mollem,
1173 3795 1239 3847 Med.
1260 3797 1312 3846 Lio.
1333 3803 1357 3844 et
1375 3799 1491 3847 matbem.

141 3868 168 3913 in
189 3864 319 3913 academia
337 3866 462 3927 Lipsieusi
480 3867 606 3926 professor
624 3868 652 3918 P.
672 3869 855 3917 celeberrime.“
894 3868 964 3914 Prior
982 3866 1105 3914 dedicatio
1125 3866 1187 3913 haec
1206 3866 1294 3914 habet:
1320 3865 1386 3916 Cum
1405 3865 1431 3918 iu
1449 3864 1492 3917 iti·

141 3955 208 3994 nere
224 3940 281 4007 jam
300 3955 368 4006 meo,
386 3939 426 3991 sir
443 3938 587 4008 fautorque
606 3951 744 3995 aetemum
763 3940 928 4004 honorande,
948 3947 975 3995 et
993 3941 1056 3994 hinc
1075 3955 1161 4008 nuper
1174 3939 1367 4007 digredientem
1381 3950 1409 3996 et
1421 3958 1492 3996 nunc

141 4021 242 4075 iterum
261 4025 445 4073 transeuntem
464 4034 506 4074 me
524 4021 634 4090 Lipsiae
651 4022 750 4075 morari
768 4036 884 4076 noverca
903 4028 1013 4089 cogeret
1031 4018 1151 4082 occasio,
1170 4020 1282 4086 aequior
1300 4018 1385 4073 altera
1403 4029 1492 4074 tecum

140 4099 232 4153 virere
258 4097 345 4167 deque
365 4098 494 4165 jucundis
519 4099 599 4154 rebus
618 4101 807 4155 astronomicis
826 4100 959 4154 disserere
977 4114 1010 4153 ac
1028 4099 1055 4152 in
1074 4112 1215 4152 commune
1233 4096 1332 4151 bonum
1351 4100 1492 4155 consulere

141 4176 236 4233 voluit.
272 4177 388 4231 Factum
406 4177 477 4232 enim
495 4178 558 4233 inde
576 4181 657 4247 nosti,
676 4189 778 4234 utnon
797 4189 901 4234 tanum
920 4179 953 4233 dc
973 4179 1010 4233 Cl.
1029 4181 1063 4234 Ι).
1083 4175 1206 4244 impleri,
1225 4190 1305 4243 quem
1324 4193 1492 4232 communem

139 4256 300 4323 magistrum
325 4257 444 4324 parentis
467 4256 527 4311 loco
550 4258 645 4312 merito
668 4274 794 4327 veneror,
822 4258 961 4327 proposito
986 4256 1138 4324 studiisque
1162 4256 1366 4324 praesentibus,
1389 4264 1416 4310 et
1439 4258 1493 4312 mei

139 4334 354 4390 Francoinrtum
372 4344 400 4390 et
411 4337 586 4404 Argentinam
606 4338 694 4392 denuo
714 4339 863 4407 spectantis
879 4337 985 4391 itineris
1003 4351 1086 4390 causa
1104 4333 1160 4389 iere
1174 4333 1281 4403 triplici,
1301 4350 1390 4388 coram
1404 4335 1491 4390 insius

139 4414 262 4482 colloqui
281 4414 365 4468 ouum
384 4422 554 4486 suppeteret,
580 4416 628 4469 sed
647 4415 689 4469 rel
708 4417 823 4471 maxime
841 4430 926 4469 novus
945 4414 1070 4482 idemque
1089 4413 1236 4467 correctior
1253 4413 1418 4468 Tabularum
1437 4416 1491 4468 Ru·

140 4493 238 4563 delphi
257 4494 498 4550 asnonomicerum
518 4495 637 4550 calculus
656 4496 860 4565 logarithmicus
879 4495 1030 4562 exindeque
1045 4493 1102 4560 jam
1114 4501 1195 4547 natus
1208 4489 1386 4545 vicennalium
1398 4492 1491 4562 Ephe·

138 4573 274 4627 meridum
291 4579 446 4629 nostrarum
464 4582 553 4628 tomus
572 4574 683 4643 primm,
703 4574 767 4628 dum
785 4573 889 4642 prelum
905 4572 963 4640 jam
982 4580 1124 4641 exspectat
1142 4578 1169 4626 et
1187 4570 1244 4624 iere
1256 4585 1312 4623 non
1324 4579 1410 4640 urget,
1430 4587 1491 4625 cnm

139 4653 270 4709 nundinis
287 4653 409 4721 utrisque
427 4656 647 4723 exspectantibus
666 4654 834 4723 praeludium
857 4669 949 4707 earum
968 4652 1078 4720 aliquod
1097 4659 1199 4706 certum
1218 4651 1326 4719 exigere
1345 4651 1490 4706 videretur.

247 4733 333 4795 Quam
353 4734 387 4788 ob
406 4750 463 4791 rem
481 4740 519 4803 ut,
538 4733 648 4803 Lipsiae
667 4736 731 4789 dnm
743 4750 841 4800 moror,
859 4748 961 4786 moram
974 4731 1044 4785 hanc
1057 4729 1255 4799 quodammodo
1269 4740 1491 4799 compensaturus

138 4811 293 4880 astrophilo
313 4811 538 4879 lieplerianarnm
555 4827 644 4868 rerum
662 4812 740 4867 arido
753 4811 860 4867 interim
871 4810 1045 4873 satisfaciam,
1064 4816 1110 4861 tuo
1123 4808 1204 4863 etiam
1216 4822 1299 4862 suasu
1311 4824 1361 4864 nec
1373 4809 1492 4865 auctoris
