3284 5520
658 370 783 443 ilclipses
799 372 865 429 suoi
881 372 961 431 162³.
1173 440 1179 453 ,
1416 370 1482 441 539

130 550 261 626 orleutc;
285 547 426 611 defecisse
448 566 519 611 rere
534 549 635 612 Solem
657 552 822 613 ceubaliter
837 552 948 631 inipso
963 552 1155 629 nonagesimo
1169 550 1380 626 navigantibus
1393 566 1483 611 ocea-

127 654 200 697 num
223 635 352 698 medium
374 638 449 699 inter
468 638 608 713 Africam,
629 636 859 717 Megellanicam
882 647 912 700 et
930 638 1095 703 Perusnsm
1119 638 1197 698 ultra
1218 638 1344 697 insulam
1366 638 1484 698 Tristan

129 724 303 799 d’lincuna,
335 740 394 802 quo
423 731 554 803 tempore
585 724 717 787 delectus
746 727 959 789 extenuabatur
985 729 1015 785 in
1044 724 1262 787 meridionalem
1285 724 1363 785 Solis
1393 741 1483 799 oram,

127 830 227 890 55555
248 812 305 872 555
326 820 515 889 aequatorem
538 813 616 874 ultra
637 816 866 891 promontorium
882 814 913 878 S.
930 814 1088 892 Augustini
1109 820 1139 875 et
1151 810 1223 873 litus
1236 812 1355 873 boreale
1370 812 1484 873 Perna·

126 916 202 976 5555
225 900 369 961 occidisse
391 898 490 961 Solem
513 902 679 962 neutraliter
701 900 883 964 deiicientem
900 902 1056 981 Abyssmis
1078 903 1109 961 in
1132 899 1242 975 hince,
1264 906 1296 960 at
1317 898 1386 960 hinc
1407 906 1483 961 retro

128 1004 226 1065 usque
249 986 288 1047 ad
309 987 435 1047 insulam
458 987 488 1049 S.
512 988 645 1050 'l'bomae
668 987 810 1050 occidisse
834 1006 900 1051 cum
922 988 1105 1066 aliquantulo
1128 986 1252 1050 deiectu.

235 1073 326 1134 Porro
347 1074 397 1135 hic
418 1083 499 1151 5515,
521 1079 593 1153 5515
614 1076 757 1154 ampliata
777 1076 903 1137 latitudo
926 1075 1062 1137 australis
1085 1082 1129 1137 est
1153 1072 1205 1137 450
1226 1074 1301 1147 5800,
1322 1074 1484 1153 pennmbra

128 1176 202 1221 sero
227 1160 280 1222 9οο
302 1163 375 1233 9800,
397 1164 492 1222 minor
513 1163 575 1238 illa,
598 1180 651 1244 pro
672 1164 738 1226 loco
760 1166 849 1241 igitur
869 1164 1034 1238 Terrenum,
1057 1165 1088 1222 in
1110 1179 1170 1240 quo
1192 1161 1244 1225 Sol
1266 1162 1425 1238 stnngatur
1446 1162 1484 1222 ab

128 1264 182 1310 ora
202 1266 260 1310 sua
281 1249 415 1331 australi,
438 1250 552 1329 scilicet
574 1268 593 1311 a
614 1251 706 1331 plaga
726 1251 890 1313 latitudiuis
905 1253 1078 1330 cognomine
1094 1250 1140 1329 (51
1154 1256 1402 1329 estpraeceptum
1416 1258 1483 1311 cbr-

127 1342 242 1398 rectnm
265 1338 296 1397 15
319 1336 514 1416 ,aperturum
540 1338 713 1417 appendice)
736 1339 867 1401 ablatam
890 1357 954 1401 5555
976 1338 1223 1401 semidiametrum
1245 1337 1433 1417 penumbrae,
1456 1344 1486 1398 et

130 1440 213 1501 quae
236 1425 387 1485 restabant
412 1424 463 1485 160
485 1442 551 1487 5555
572 1426 679 1506 plagae
704 1428 792 1488 eiiam
809 1424 955 1502 55555115,
979 1443 1056 1504 5555
1072 1441 1214 1511 55555155
1227 1426 1257 1484 15
1272 1442 1371 1486 mcum
1386 1423 1486 1486 circuli

129 1513 234 1589 magni
256 1511 399 1573 dederunt
423 1508 480 1574 150
502 1512 562 1589 590,
586 1514 670 1592 quns
692 1514 936 1592 complementum
960 1510 1017 1575 740
1036 1516 1066 1573 70
1089 1520 1135 1574 551
1156 1511 1282 1573 altitudo
1304 1513 1486 1589 nonagesimi

128 1602 280 1675 vergentis
308 1601 339 1659 in
367 1601 608 1680 septentrionem,
640 1602 711 1679 quia
741 1602 824 1663 locus
853 1603 891 1664 ab
919 1602 1071 1681 eclipticas
1093 1601 1227 1678 subiecto
1249 1600 1316 1660 loco
1339 1602 1434 1677 vergit
1455 1602 1484 1659 in

127 1696 277 1767 austrum,
305 1693 338 1749 ut
360 1689 402 1748 115
422 1690 462 1748 511
483 1690 692 1767 nonagesimus
714 1686 822 1768 plagae
845 1691 1007 1751 contrariae
1029 1706 1117 1767 quam
1139 1688 1214 1749 haec
1237 1686 1390 1765 scrupula,
1414 1689 1487 1765 5515

128 1772 227 1835 selom
250 1774 372 1835 uitimns
393 1779 542 1853 praecepti
564 1792 651 1837 caena
675 1779 830 1854 excipitur,
853 1785 885 1838 51
908 1777 998 1838 55551
1021 1776 1161 1838 comestio
1183 1777 1342 1854 praecepti.

237 1862 276 1922 Et
298 1864 369 1939 5515
391 1867 482 1923 oritur
504 1860 539 1924 90
560 1858 619 1949 82,
651 1867 801 1940 quaesitus
830 1864 879 1925 hic
900 1867 930 1923 in
953 1863 1056 1926 tabule
1078 1863 1180 1940 anguli
1203 1864 1322 1924 orientis
1344 1863 1486 1940 principio

128 1950 258 2011 occurrit
278 1950 335 2010 snb
357 1949 453 2024 scala,
485 1950 557 2011 dans
580 1950 698 2029 quidem
720 1954 942 2029 nonagesimum
965 1954 996 2010 in
1017 1951 1138 2012 boream
1159 1957 1344 2027 vergentem,
1367 1957 1399 2010 at
1413 1967 1487 2011 cum

128 2036 300 2112 altitudine,
324 2054 401 2114 quae
422 2040 523 2098 statim
544 2040 628 2098 initio
650 2039 705 2099 sub
728 2041 809 2101 borel
832 2040 894 2118 poli
917 2037 1073 2100 altitudine
1097 2034 1131 2098 10
1151 2038 1247 2114 maj0r
1269 2044 1313 2098 est
1335 2055 1388 2111 ea,
1411 2055 1487 2114 quae

128 2125 218 2186 nobis
242 2125 376 2199 odertm,
399 2125 511 2186 scilicet
535 2122 590 2187 750
614 2123 676 2200 450,
701 2144 766 2187 cum
789 2126 908 2188 deberet
930 2143 996 2188 esse
1021 2122 1077 2187 740
1101 2128 1140 2188 70.
1185 2125 1252 2201 Quo
1274 2123 1392 2200 longius
1415 2142 1486 2187 vero

126 2213 281 2292 pergimus
309 2214 339 2271 in
367 2211 461 2286 linea,
490 2212 548 2274 hoc
569 2214 664 2291 maJor
685 2214 760 2275 haec
783 2216 908 2274 occurrit
928 2212 1071 2287 altitudo,
1101 2211 1195 2273 donec
1216 2212 1295 2272 linea
1312 2213 1375 2289 jam
1398 2229 1488 2289 supra

127 2299 244 2361 sealam
267 2316 417 2375 emergens
441 2300 612 2361 altitudines
634 2319 748 2361 rursum
772 2300 892 2362 exhibet
913 2304 1048 2375 minores,
1070 2298 1124 2360 sed
1143 2300 1205 2376 Jam
1227 2302 1257 2358 in
1272 2306 1403 2359 5551555]
1419 2317 1488 2359 rer-

127 2386 270 2465 gontibns
292 2389 507 2463 nonagesimis,
538 2405 605 2449 cum
629 2389 714 2449 nobis
737 2392 767 2448 in
790 2390 909 2450 boream
931 2406 1051 2464 vergere
1074 2387 1191 2448 debeat.
1236 2384 1299 2447 Etsi
1321 2388 1411 2464 igitur
1432 2388 1488 2447 sub

128 2474 195 2555 poli
225 2474 306 2536 berei
328 2474 483 2535 altitudine
508 2472 564 2536 990
588 2478 712 2536 occurrit
734 2478 916 2554 nonagesimi
938 2475 1063 2535 altitudo
1086 2474 1171 2535 nobie
1194 2475 1364 2553 proposita,
1395 2480 1427 2535 51
1449 2475 1488 2535 55

128 2562 251 2641 plagam
275 2562 401 2622 alienam
424 2562 583 2639 rejicienda
606 2570 659 2623 est.
702 2564 808 2639 itaque
831 2582 897 2625 cum
918 2564 1053 2642 nuspiam
1075 2564 1260 2623 inveniamus
1283 2579 1371 2637 quam
1394 2579 1488 2640 quae·

129 2652 224 2709 rimus
245 2666 297 2727 per
318 2656 411 2710 totam
434 2646 662 2735 115551159οΩ,
686 2658 889 2729 argumentum
911 2649 942 2710 id
965 2656 1018 2724 esi,
1041 2665 1100 2710 non
1124 2650 1235 2711 elevari
1257 2649 1359 2727 polum
1382 2649 1489 2710 borea·

128 2736 201 2798 lem.
246 2737 324 2813 Ergo
347 2739 542 2798 convertimur
565 2737 604 2798 55
625 2736 748 2814 gradum
772 2741 939 2818 oppositum
956 2734 1073 2812 9⁰27,
1096 2737 1144 2797 cui
1162 2736 1226 2815 jam
1248 2734 1372 2797 altitudo
1394 2753 1489 2797 nona·

130 2826 238 2903 gesimi
257 2821 313 2885 740
330 2828 369 2897 70,
393 2824 499 2902 plagae
521 2827 693 2897 contrariae,
715 2826 828 2887 scilicet
850 2824 997 2900 australis,
1020 2823 1205 2886 concilianda
1226 2830 1280 2885 est.
1316 2824 1412 2902 Atqui
1434 2827 1489 2885 5151

131 2919 198 2973 1515
224 2911 303 2973 11555
318 2908 353 2972 90
365 2921 427 2977 x
448 2919 492 2973 est
513 2929 603 2990 supra
625 2913 745 2988 scalam,
768 2916 798 2972 in
821 2922 952 2975 austrum
968 2930 1040 2974 sane
1055 2914 1277 2990 nonagesimum
1292 2910 1404 2972 habens
1419 2929 1489 2990 pro-

131 2999 323 3078 pendentem,
345 3000 480 3076 nuspiam
503 3008 600 3061 tamen
624 3001 688 3077 ejus
711 3000 895 3063 altitudinem
918 3001 1037 3061 invenio
1060 3007 1106 3060 sat
1120 3017 1267 3078 magnam,
1289 3006 1362 3076 puta
1378 2997 1434 3059 740
1450 3001 1489 3061 70.

132 3088 212 3149 Nem
235 3087 292 3146 sub
315 3084 470 3148 altitudine
492 3087 552 3166 poli
575 3089 711 3148 55555115
736 3085 777 3164 10,
802 3090 854 3150 551
876 3091 1020 3161 maxima,
1053 3090 1177 3149 occurrit
1200 3082 1256 3149 790
1280 3087 1350 3165 490.Ι
1384 3087 1489 3163 115555

132 3174 251 3235 ridetur
272 3180 430 3252 praecepto
453 3182 553 3235 nosne
575 3175 659 3235 locus
683 3192 749 3236 esse
771 3175 878 3237 nullus.
925 3176 966 3235 nt
988 3181 1033 3237 est
1055 3177 1173 3234 omnino
1196 3176 1223 3235 ei
1245 3173 1340 3248 locus,
1363 3176 1389 3234 si
1411 3180 1489 3235 recte

132 3279 196 3323 rem
219 3263 357 3339 pensitas.
403 3260 513 3322 Verum
537 3264 613 3324 enim
637 3269 682 3323 est
705 3270 873 3340 utrumque,
903 3280 1000 3340 neque
1029 3263 1157 3323 borealis
1179 3261 1265 3339 polus
1289 3260 1422 3322 elevatur
1446 3258 1488 3333 1⁰,
1508 3280 1512 3287 ·

131 3366 230 3425 neque
253 3348 400 3409 55555115.
437 3347 495 3410 Sed
519 3367 585 3410 cum
608 3348 668 3410 illic
688 3350 861 3412 exhibeatur
883 3349 1009 3411 altitudo
1028 3346 1084 3411 750
1101 3348 1152 3411 450
1173 3350 1274 3422 nimia,
1298 3349 1347 3408 515
1364 3345 1420 3409 790
1437 3349 1488 3409 400

131 3454 236 3515 parva,
260 3442 290 3497 51
312 3435 466 3497 discrimen
489 3434 635 3511 5111050,
658 3437 791 3500 debuerit
814 3454 884 3500 vero
901 3455 965 3499 esse
983 3432 1040 3497 740
1057 3439 1096 3512 70,
1118 3453 1171 3515 per
1188 3439 1240 3496 970
1262 3434 1398 3513 emplius,
1421 3435 1490 3496 binc

132 3526 177 3585 sic
200 3523 325 3600 colliges
357 3523 509 3584 discrimen
534 3527 586 3587 650
609 3524 661 3585 551
683 3522 719 3585 90
740 3525 939 3587 inclinationis
961 3526 1104 3603 sphaerae
1125 3541 1179 3584 sen
1204 3522 1286 3596 1900,
1317 3523 1388 3601 5515
1411 3522 1490 3583 9701

133 3612 274 3688 Sequitur
297 3616 348 3671 50.
392 3610 459 3671 1155
480 3613 570 3689 igitur
590 3628 650 3673 nno
672 3612 780 3691 55555,
811 3613 863 3674 555
885 3612 991 3674 saitem
1016 3619 1056 3673 10
1079 3611 1224 3689 scrupulis
1247 3610 1383 3673 elevatus
1403 3610 1490 3689 polus

133 3697 283 3760 55555115.

239 3785 288 3846 Dc
310 3786 412 3864 eclipsi
430 3789 605 3862 posteriorc.
651 3785 792 3847 Deiectus
821 3788 852 3845 in
875 3785 945 3847 Sole
972 3786 1084 3847 5515515
1114 3787 1216 3847 sentiri
1237 3786 1340 3863 incipit
1362 3782 1400 3844 ed
1421 3784 1493 3844 litus

132 3870 290 3949 Quivirae,
321 3873 372 3933 ubi
395 3881 497 3951 portus
520 3873 550 3933 S.
572 3873 728 3934 Michaelis
751 3881 781 3935 et
803 3871 833 3933 S.
858 3873 938 3934 Petri
961 3880 990 3934 et
1012 3873 1045 3932 0.
1067 3871 1254 3934 Mandonion.
1300 3872 1343 3932 At
1363 3870 1493 3932 totaliter

132 3958 277 4021 delicians
291 3959 343 4020 Sol
366 3963 457 4021 oritur
478 3978 554 4038 pene
576 3962 632 4022 555
654 3962 749 4039 poiari
773 3960 811 4021 55
833 3963 974 4022 orientem
997 3961 1071 4021 irato
1089 3961 1197 4023 Anisa.
1234 3959 1342 4023 Deficit
1363 3959 1493 4021 totaliter

130 4047 166 4105 iu
196 4048 262 4125 ipso
293 4051 485 4124 nonagesimo
513 4050 542 4105 in
570 4052 636 4108 sinu
666 4048 783 4110 Gevolo
806 4048 991 4109 Galilormiae
1022 4047 1061 4108 ad
1082 4048 1278 4109 Teutonicae.
1321 4046 1394 4106 Inde
1421 4063 1492 4107 rere

130 4132 241 4197 eodem
264 4143 414 4198 momento
437 4137 582 4213 spargitur
606 4136 736 4196 55155155
758 4138 787 4194 15
809 4144 893 4213 parte
909 4136 987 4197 Solis
1011 4134 1234 4212 septentrionali
1257 4151 1351 4212 55555
1366 4131 1404 4193 55
1420 4149 1493 4193 con-

130 4222 207 4283 11515
231 4224 409 4298 aequaberis,
433 4223 489 4283 sub
512 4222 682 4293 meridiano,
707 4225 756 4299 551
772 4240 824 4300 per
838 4222 979 4299 anguium
993 4222 1087 4282 litoris
1103 4222 1245 4298 Quirites
1260 4221 1377 4281 incedit
1413 4220 1493 4279 Rur-

131 4326 201 4371 sum
225 4308 357 4370 totaiiter
379 4310 517 4371 delicians
540 4310 647 4371 occidit
669 4310 822 4387 Virginiae
844 4310 970 4387 indeque
992 4326 1085 4386 55555
1107 4311 1137 4368 15
1159 4313 1254 4371 sinum
1277 4310 1351 4369 inter
1365 4306 1493 4368 ducato·

130 4412 204 4457 uam
230 4403 260 4456 51
280 4396 478 4475 Nicaraguam
502 4396 609 4457 occidit
631 4397 769 4458 deficiens
791 4414 826 4458 er
850 4404 951 4475 perte,
981 4413 1036 4457 nec
1056 4412 1115 4456 non
1139 4404 1169 4457 et
1191 4397 1229 4456 ab
1252 4403 1377 4473 5155555
1400 4395 1493 4455 latere

131 4482 226 4560 liujus
249 4490 368 4546 tractus.
406 4485 442 4545 In
464 4484 537 4545 locis
559 4501 631 4544 vero
649 4484 784 4559 Virginis
808 4482 1044 4544 orientalioribns
1066 4500 1169 4543 versus
1193 4483 1321 4544 Africam
1345 4489 1375 4543 et
1396 4482 1493 4541 Euro·

132 4588 206 4649 pam
229 4568 283 4629 Sol
305 4572 392 4632 etiam
416 4589 481 4632 cum
505 4571 619 4632 deiectu
643 4571 758 4642 occidit,
782 4577 814 4631 at
835 4587 892 4631 uon
916 4573 945 4629 in
960 4572 1033 4649 ipsis
1049 4572 1280 4631 extremitatibus
1296 4571 1491 4641 durationem,

132 4656 189 4721 aad
213 4663 310 4733 antee,
334 4666 363 4719 51
386 4659 494 4720 5551511
516 4660 553 4719 iia
568 4657 686 4735 quidem
701 4658 763 4733 Sol,
786 4666 934 4721 crescente
949 4658 1046 4721 55555
1061 4656 1187 4731 5515515,
1209 4666 1244 4719 51
1258 4676 1295 4721 ex
1310 4659 1491 4735 inspectione

131 4744 293 4807 schematis
314 4754 404 4825 patet

683 4880 944 4893 m
