3284 5520
572 276 583 297 s
654 334 697 390 Da
714 332 825 402 Origine
844 333 980 390 (laudm
1423 334 1489 404 791

139 515 286 592 Regiones
301 514 389 591 igitur
403 519 481 572 tres:
505 511 704 573 scandinavia
719 511 962 590 septentrionalis,
978 513 1092 587 Finnla,
1109 513 1236 572 hirouia
1251 511 1409 586 orientalis,
1433 512 1491 572 Sa-

138 604 236 676 xnuia,
262 602 367 674 Dania,
389 600 525 676 Belgium
547 599 754 660 meridionalis.
793 599 923 661 Aseenas
946 608 1017 660 natu
1040 603 1166 660 maximo
1191 602 1261 660 data
1283 598 1490 674 scandinavia,

139 689 251 769 Riphat
272 687 395 759 Flauia,
427 687 567 761 hironia,
599 686 766 763 Thogorma
790 684 949 747 Germania
975 689 1028 747 illa
1050 689 1283 766 septentrionalis
1306 697 1335 748 et
1356 689 1491 764 inlerior3

141 793 243 836 omnes
265 784 362 836 umen
387 775 496 834 Cimbri
520 774 597 847 dieti,
622 775 757 833 omnihus
779 773 881 832 eadem
904 774 1013 852 lingua.
1057 782 1061 789 '

244 864 291 922 lta
314 870 421 922 sortem
436 860 535 921 Javan
560 860 638 938 quod
661 864 773 932 attinet,
798 860 914 920 videtur
935 865 961 921 is
983 862 1086 923 eodem
1109 863 1280 940 respexisse,
1305 861 1402 922 Elissa
1426 879 1491 921 ma·

138 953 219 1010 ximo
242 950 353 1009 insulas
378 949 537 1009 occidentis
560 951 733 1025 assignavit,
758 948 900 1021 Siciliam,
922 949 1096 1027 Hispaniam
1120 957 1149 1009 et
1164 953 1326 1028 propiorem
1342 949 1493 1026 Pelopon·

138 1040 201 1098 nesi
224 1047 346 1116 partem,
370 1036 475 1096 'l'harsi
499 1037 579 1096 dedit
601 1035 713 1094 insulas
733 1034 889 1095 orientales
912 1052 1022 1110 omnes,
1046 1038 1207 1099 minorihus
1229 1046 1299 1096 natu
1315 1040 1493 1114 septentrio-

140 1126 262 1198 naliora,
287 1124 404 1184 Cethlm
420 1124 608 1196 occidentem,
632 1121 846 1192 Macedoniarn,
870 1123 1018 1198 illiricum,
1042 1125 1146 1185 ltaliae
1160 1128 1320 1202 superiora,
1346 1123 1490 1184 Dedaulm

140 1214 284 1272 Thraciae
307 1210 504 1283 orientalium,
528 1210 721 1283 Thessaliam,
746 1210 865 1288 Epirum
890 1218 945 1271 eto.

244 1299 317 1359 Sors
335 1298 454 1358 dham.
485 1299 577 1358 Filios
593 1298 696 1357 habuit
711 1306 853 1374 quatuor:
870 1297 958 1373 chus,
974 1297 1115 1370 Misralm,
1133 1297 1239 1373 Phuth,
1257 1298 1387 1359 canaan.
1419 1297 1491 1373 Ejus

139 1404 225 1465 porro
248 1403 311 1446 sors
336 1385 402 1445 talis
425 1394 478 1457 est,
502 1394 534 1444 ut
558 1387 668 1444 Arabia
690 1387 719 1442 in
743 1386 884 1444 orientem
906 1403 939 1445 se
962 1384 1117 1463 extendat,
1139 1383 1209 1445 litus
1235 1386 1349 1446 Alrleae
1371 1392 1492 1463 septen-

140 1472 264 1533 trionale
280 1477 308 1531 in
324 1472 514 1545 occidentem,
534 1473 602 1531 litus
618 1473 682 1548 ejus
699 1471 840 1532 orientale
856 1475 885 1529 iu
901 1472 1060 1545 meridiem,
1078 1480 1108 1531 at
1123 1472 1192 1531 litus
1208 1473 1312 1550 Syriae
1327 1476 1356 1531 in
1371 1480 1491 1550 septen-

139 1565 272 1621 trionem.
312 1561 409 1636 Quare
432 1560 531 1619 Chusa
549 1562 688 1618 Arabiam
711 1558 799 1631 dedit,
823 1562 874 1635 qui
898 1559 998 1638 prooul
1021 1559 1112 1618 dubio
1134 1563 1242 1637 primos
1264 1562 1304 1619 ihi
1329 1560 1491 1636 Aethiopas

138 1648 312 1728 procreavit,
337 1650 387 1723 qui
410 1647 478 1706 inde
501 1656 579 1706 trans
602 1665 683 1706 mare
706 1647 824 1705 rubrum
847 1649 876 1705 in
900 1649 1027 1707 Alrieam
1050 1649 1235 1723 navigarunt,
1259 1665 1325 1707 oum
1349 1654 1492 1723 angustus

138 1740 177 1795 sit
208 1735 363 1810 trajectus,
393 1734 525 1795 Misraim
549 1735 665 1794 Africae
692 1731 905 1809 longitudinem
931 1737 1051 1797 sortitus
1080 1743 1125 1795 est
1151 1753 1245 1811 usque
1273 1735 1311 1794 ad
1340 1735 1491 1794 columnas

138 1823 291 1894 Herculis,
322 1821 421 1881 Phuth
445 1823 579 1882 existimo
603 1839 667 1881 esse
691 1831 840 1880 auetorem
863 1819 1074 1899 Abyaslnorum
1099 1832 1129 1881 et
1150 1822 1338 1900 plurimarum
1360 1823 1491 1898 gentium

139 1911 434 1982 mediterraneorum,
468 1912 637 1987 praesertim
665 1908 825 1968 seeundum
852 1907 939 1968 litora
960 1910 1019 1969 Nili
1042 1911 1072 1965 in
1096 1909 1203 1968 Alrioa.
1249 1910 1369 1970 canaan
1392 1916 1491 1968 antem

140 1997 382 2077 septentrionalia
404 2001 498 2055 tenuit
521 2000 596 2056 inter
618 1996 768 2067 Arabiam,
792 1996 972 2073 Euphratem
996 2005 1024 2056 et
1047 1996 1186 2055 Taurum.

242 2084 311 2143 Filii
327 2083 421 2143 Chus:
445 2084 535 2163 Saba,
559 2083 694 2151 Haerlla,
719 2082 880 2157 Sabbatha,
903 2083 1025 2160 Regma,
1049 2083 1226 2159 Sabathma3
1249 2091 1278 2143 ot
1300 2082 1352 2142 filii
1368 2082 1492 2159 Regma,

139 2172 221 2233 Saba
244 2179 274 2232 et
296 2169 418 2245 Dedan,
447 2188 521 2247 quos
551 2170 687 2230 Ezechiel
719 2180 805 2229 voeat
832 2173 1029 2245 negotiatores
1057 2173 1154 2231 maris.
1198 2171 1383 2230 Sabarum2
1414 2177 1491 2244 sunt,
1574 2204 1577 2209 >
1635 2160 1638 2165 ’

141 2277 200 2319 una
222 2261 252 2317 in
268 2258 378 2332 Airita,
401 2258 493 2318 altera
516 2262 545 2316 iu
561 2259 686 2330 Arabia;
710 2273 780 2332 ergo
803 2256 899 2317 Sabae
922 2257 990 2317 huio
1013 2260 1105 2335 primo
1128 2257 1188 2316 lilio
1205 2257 1283 2317 Chus
1307 2256 1408 2318 demus
1423 2257 1492 2318 Me·

140 2345 239 2406 lindae
267 2362 405 2422 regnum3
436 2345 563 2405 seeundo
586 2343 731 2404 Haevilae
753 2361 875 2420 regnum
899 2344 1120 2421 Mosambique,
1145 2362 1209 2404 oum
1232 2348 1320 2404 etiarn
1344 2344 1493 2404 ludlarurn

138 2435 195 2494 hoe
217 2436 334 2491 nomine
356 2436 509 2511 provincia
531 2436 584 2508 slt3
617 2433 718 2492 tertius
740 2430 892 2503 Sabbatha
919 2432 1028 2492 habeat
1049 2449 1168 2505 reguum
1192 2431 1421 2509 Monomotapae
1444 2429 1492 2511 (i),

139 2529 259 2598 quartus
275 2520 388 2597 Regma
404 2520 512 2580 habeat
527 2519 744 2579 meridionalem
761 2519 909 2593 Arabiam,
933 2528 964 2579 ut
979 2520 1043 2594 ejus
1058 2519 1183 2579 liliorum
1199 2518 1272 2580 alter
1288 2520 1368 2579 Sabe
1383 2519 1492 2579 habeat

138 2610 207 2670 litus
232 2609 360 2666 Arabiae
384 2607 580 2675 occidentale,
604 2608 655 2667 uhi
678 2606 758 2666 Saba
780 2607 866 2679 urbs,
889 2606 963 2666 alter
988 2606 1092 2666 Dedan
1114 2607 1184 2666 litus
1208 2605 1419 2682 meridionale,
1443 2607 1493 2666 ubi

142 2697 226 2756 Aden
248 2695 334 2768 urbs,
358 2697 474 2772 sintque
497 2697 695 2772 negotiatores
717 2696 815 2753 maris.
861 2693 987 2769 Quintus
1010 2695 1087 2753 lilius
1109 2693 1270 2757 Sabathma
1292 2694 1401 2755 habeat
1422 2694 1493 2754 litus

144 2784 272 2843 Arabiae
295 2780 521 2859 septentrionale
544 2781 697 2857 usquead
720 2780 906 2858 Euphratem.

243 2868 301 2928 Hie
321 2870 383 2945 jam
410 2870 550 2942 ridemus,
575 2869 722 2945 quomodo
737 2867 867 2940 Nimrod,
888 2887 921 2928 er
937 2871 1108 2946 posteritate
1123 2867 1203 2927 Chus
1218 2867 1366 2940 oriundus,
1388 2867 1493 2945 Baby-

140 2958 238 3018 lonem
262 2956 460 3017 aedificaverit
483 2966 511 3017 et
534 2960 666 3034 pervim
689 2959 718 3013 in
742 2954 821 3014 Semi
844 2963 952 3016 sortem
966 2956 1163 3035 penetraverit
1177 2973 1269 3031 usque
1285 2958 1314 3012 iu
1331 2956 1492 3033 Assyriam.

140 3046 215 3105 Nam
243 3044 349 3104 lalsum
377 3053 436 3117 ost,
471 3045 562 3110 Assur
590 3060 738 3119 egressum
767 3060 831 3102 esse
859 3043 897 3103 ad
919 3045 1045 3105 Ninivan
1073 3040 1301 3119 aedificandam,
1332 3043 1414 3102 deest
1436 3059 1495 3102 uua

141 3133 247 3193 vocula
272 3132 353 3207 ,in“.
398 3131 519 3192 Nimrod
542 3146 595 3204 est,
620 3133 668 3206 qui
690 3130 827 3189 Ninivem
851 3129 1032 3205 aedilioavit,
1055 3147 1189 3206 egressus
1212 3147 1247 3190 er
1266 3129 1417 3190 Chaldaea
1440 3128 1494 3188 de·

140 3223 219 3281 vieta
239 3215 270 3280 in
294 3218 418 3296 Syriam.

245 3306 376 3365 ldisraim
400 3305 503 3365 habult
527 3303 646 3366 ifilios.
683 3302 812 3363 Maximo
837 3301 941 3362 Ludim
964 3302 1049 3362 Atlas
1071 3306 1265 3364 remotissima
1286 3321 1354 3381 pars
1377 3303 1493 3379 obtigit,

139 3395 244 3454 falsum
267 3396 354 3465 enim,
379 3394 416 3452 ab
439 3392 496 3452 hoe
511 3392 612 3469 Lydos
634 3408 709 3452 ossa.
750 3391 775 3449 A
797 3390 925 3451 seeundo
941 3392 1077 3450 Anamim
1100 3399 1167 3451 suot
1188 3391 1342 3463 Numidae,
1366 3409 1384 3450 a
1407 3392 1492 3450 tertio

140 3482 294 3553 Lahabim,
312 3481 408 3558 Lyhli,
426 3487 558 3555 aquarto
570 3478 717 3557 Nephtim,
732 3479 877 3538 Tunetum
894 3487 924 3538 et
938 3496 1007 3537 arae
1021 3478 1159 3555 Neptuni,
1175 3478 1223 3538 lrio
1236 3496 1340 3556 nempe
1357 3476 1494 3554 estNep·

141 3578 238 3641 tunna,
261 3569 358 3627 forsan
381 3576 411 3626 et
432 3567 539 3626 Nabla.
585 3567 611 3624 A
643 3567 787 3627 Patruslm
811 3570 912 3642 quinto
935 3565 1092 3625 verisimile
1115 3574 1174 3639 est,
1198 3568 1298 3625 venire
1328 3564 1493 3643 Aegyptios

141 3666 258 3735 propter
273 3655 447 3728 ordinem,a
462 3662 544 3714 sexto
557 3653 728 3713 Ohasluhlm
741 3652 952 3723 descenderunt
962 3653 1122 3725 Phillstaei,
1140 3655 1246 3728 quibus
1261 3653 1423 3730 Cyrenaica
1438 3652 1493 3712 ob·

142 3747 216 3819 tigit,
241 3745 290 3820 qui
314 3745 403 3803 etiam
425 3743 551 3801 vicinam
570 3741 766 3800 Palaestinam
791 3752 893 3818 postea
915 3743 1106 3818 subegeruut3
1130 3743 1287 3817 aseptimo
1304 3739 1493 3816 Caphthorlm

141 3831 308 3907 adjacentes
323 3831 397 3890 lorte
409 3828 510 3906 populi
525 3837 578 3887 aut
593 3828 835 3888 mediterraneum
849 3830 1007 3904 quippiam,
1025 3828 1099 3887 sorte
1111 3828 1210 3888 Meroe
1226 3835 1256 3887 et
1270 3827 1389 3887 aeeolae
1405 3828 1493 3886 maris

142 3918 234 3989 rubri,
267 3917 345 3992 quod
376 3924 421 3976 est
446 3917 516 3975 litus
545 3916 686 3974 orientale
711 3916 826 3974 Alrleae
850 3932 866 3974 e
889 3917 1007 3991 regione
1032 3916 1171 3976 Arabiae.
1217 3916 1293 3974 Fieri
1317 3921 1429 3990 potest,
1462 3919 1495 3972 ut

142 4005 327 4083 expeditione
349 4012 486 4082 suscepta
501 4003 630 4080 Cyprum
651 4003 800 4077 subegerit
819 4005 953 4075 vicinam,
977 4002 1054 4064 unde
1077 4004 1119 4061 llll
1144 4019 1250 4061 nornen
1274 4001 1414 4061 exhihuit.
1454 4003 1494 4058 At

144 4093 324 4153 occidentale
346 4090 416 4150 litus
441 4093 555 4150 Alrioae
578 4097 648 4150 tuno
669 4091 756 4148 uirula
779 4097 921 4148 remotum
944 4099 974 4148 et
996 4092 1176 4165 incognitum
1200 4095 1270 4162 arat,
1294 4105 1385 4163 quare
1406 4086 1495 4164 longa

143 4188 211 4259 post
233 4180 386 4256 repletum.
432 4178 552 4237 canaan
576 4177 697 4237 ultimus
719 4176 859 4253 plurimos
882 4177 985 4236 habuit
1006 4176 1128 4249 llberos,
1160 4195 1201 4239 se.
1227 4181 1280 4249 113
1314 4175 1418 4236 horum
1440 4175 1496 4233 luit

143 4268 235 4328 Gerar
249 4269 331 4343 regio
345 4274 449 4343 postea
464 4265 700 4338 Philistaeorum,
717 4273 747 4324 et
758 4263 841 4324 Gaza
856 4272 885 4324 at
900 4264 1038 4337 Sodoma,
1056 4263 1210 4341 Gomorra,
1226 4263 1349 4336 Adama,
1366 4263 1495 4333 Sebalm,

143 4357 238 4428 Lusa,
271 4372 324 4414 nee
346 4361 443 4413 tamar
467 4352 618 4412 habebant
640 4352 730 4411 latam
752 4355 914 4427 regionem,
938 4350 992 4411 sed
1014 4351 1153 4412 lartilem:
1190 4349 1218 4428 1)
1241 4350 1331 4408 Sidon
1356 4349 1507 4409 Sidonem·

144 4441 292 4515 condidit3
328 4438 364 4522 2)
388 4440 467 4500 Hath
490 4441 699 4516 patrimonium
722 4439 919 4499 Israelitarum
943 4440 1052 4513 tenuit,
1087 4441 1120 4512 3)
1143 4438 1239 4498 Jebus
1262 4437 1496 4514 Jerosnlymam3

145 4528 182 4613 4)
199 4529 334 4589 Amorrhi
357 4546 458 4588 versus
475 4529 642 4604 Aegyptum
664 4529 803 4605 propiora
825 4528 968 4601 Arabiae3
993 4521 1029 4608 5)
1045 4525 1167 4602 Gergesi
1190 4527 1328 4600 contigua
1351 4524 1496 4599 Judaeae,

145 4620 215 4694 quia
238 4616 341 4675 horum
365 4625 394 4674 et
418 4614 610 4690 Evangelium
633 4617 779 4688 meminit3
805 4614 836 4685 6)
854 4613 948 4687 Hevi3
975 4614 1006 4689 7)
1031 4615 1133 4687 Araol3
1158 4616 1191 4687 8)
1214 4612 1286 4683 Siai,
1312 4612 1389 4672 unde
1412 4628 1496 4671 mons

146 4706 217 4764 Sina
246 4707 276 4761 lu
299 4703 425 4764 Petraea
449 4703 559 4762 Arabia
587 4718 690 4761 versus
720 4719 799 4762 mare
821 4703 955 4774 rubrum3
991 4701 1023 4777 9)
1047 4700 1154 4776 Aradi,
1192 4703 1245 4775 11))
1268 4699 1381 4759 Samari
1403 4716 1495 4776 prope

147 4793 280 4870 Syriam3
315 4791 368 4868 11)
390 4789 549 4865 Hamathi,
579 4788 742 4865 Haemath,
772 4790 944 4870 campestria
971 4790 1051 4866 ragio
1074 4788 1292 4850 transeuntibus
1314 4804 1351 4848 ax
1373 4788 1498 4868 Assyria
