3284 5520
185 336 253 403 444
562 338 706 409 Epistulae
724 338 836 410 liepleri
852 338 1020 408 aliorumque
1037 341 1149 393 mutuae

186 516 271 576 Hace
300 533 336 576 eo
367 532 576 592 commemoro,
611 526 643 577 ut
670 525 700 579 te
729 518 918 589 admoneam,
952 518 1004 577 tibi
1033 522 1144 591 tuoque
1173 513 1358 594 typographo
1388 528 1533 574 eaveaaa

187 603 307 676 damno,
339 604 418 679 quod
447 606 555 665 rideris
585 609 768 681 incursurus,
799 608 823 666 si
855 606 1036 665 exstantibus
1060 603 1124 679 jam
1152 600 1273 679 Origani
1298 600 1534 679 Ephemeridibus

187 698 249 752 tum
272 693 390 768 insuper
412 691 482 752 edas
505 692 620 767 eadem,
649 697 721 754 meis
744 695 866 754 tortasse
889 693 972 753 breul
994 691 1195 768 sequentibus.
1240 688 1364 766 Origani
1388 687 1534 749 consilium

187 795 335 855 uunquam
359 780 482 855 probavi
506 790 535 840 et
556 781 694 841 admonui
718 781 800 840 illum
823 780 976 858 diligenter
997 785 1065 838 ante
1087 776 1195 836 multos
1217 793 1321 850 annos,
1344 793 1384 836 ue
1406 777 1536 834 miseeret

185 864 340 925 luminaria
363 866 533 944 Tyohoniea
562 867 687 945 planetis
710 869 882 927 Prutenicis.
928 867 964 927 Et
992 883 1043 944 per
1070 882 1102 925 se
1131 864 1205 924 liber
1234 873 1264 925 et
1290 872 1382 942 typus
1404 862 1536 921 informes

184 960 269 1027 sunt3
292 953 376 1012 multi
399 958 616 1031 exspectatione
633 956 856 1034 Epheureridurn
878 955 1080 1033 perfectarum,
1103 969 1177 1027 quas
1192 953 1341 1029 promitto,
1365 966 1425 1010 uon
1442 956 1537 1009 emunt

185 1042 299 1100 interim
323 1038 460 1117 origani,
493 1059 528 1101 co
559 1043 591 1102 fit
622 1054 654 1103 ut
684 1043 736 1102 vili
764 1045 858 1120 pretio
888 1051 988 1119 putem
1012 1038 1181 1100 vendendas
1203 1041 1299 1116 magis
1322 1046 1414 1115 atque
1437 1037 1536 1113 magis

184 1126 261 1187 Nam
291 1135 320 1187 et
351 1129 381 1185 iu
413 1127 518 1188 Galliis
548 1131 631 1205 ajunt
661 1150 712 1191 eas
742 1130 858 1204 recudi,
892 1136 924 1189 ut
957 1127 1091 1204 exempla
1121 1128 1151 1184 iu
1184 1126 1346 1204 Hispanias
1379 1134 1412 1185 et
1442 1123 1536 1182 ludius

185 1213 337 1275 vehantur.

288 1303 370 1364 Petis
392 1304 446 1362 tibi
469 1305 677 1363 communicem
693 1303 810 1364 tabulas
825 1303 939 1364 Martis.
979 1303 1042 1378 Ego
1059 1300 1187 1378 quidem,
1200 1301 1249 1385 ¹mi
1265 1299 1396 1377 Magire,
1420 1304 1537 1376 paratus

185 1405 250 1448 sum
272 1406 330 1448 nou
354 1389 421 1449 illas
443 1399 566 1464 tautum,
589 1391 640 1450 sed
666 1400 695 1452 et
717 1409 817 1452 omnes
840 1392 968 1468 reliquas
991 1390 1203 1451 communicare
1226 1390 1404 1449 successive.

286 1496 320 1551 In
337 1499 521 1568 manuscripto
540 1500 695 1568 praemissis
713 1501 782 1555 haec
800 1499 941 1555 addiderat
958 1497 1107 1568 Keplsrus,
1134 1503 1232 1566 postea
1249 1510 1313 1551 rero
1331 1494 1536 1550 obliterarent:

184 1616 279 1632 .....
299 1577 467 1646 successivo,
486 1578 536 1632 sed
553 1595 615 1633 cum
633 1579 788 1634 conditione
806 1584 890 1633 certa

286 1656 371 1711 Vides
395 1673 439 1712 ms
462 1671 512 1726 per
535 1656 589 1711 hoe
612 1656 772 1711 decennium
796 1657 940 1711 immanem
963 1654 1090 1710 haushso
1112 1651 1233 1708 laborem
1250 1654 1278 1707 in
1296 1649 1425 1707 mendis
1443 1648 1537 1705 funda·

182 1733 279 1790 mentis
299 1741 326 1789 et
344 1737 534 1792 construendis
552 1737 662 1795 tabulis.
694 1740 737 1793 Ex
757 1740 789 1793 iis
804 1740 863 1807 Jam
882 1737 1087 1806 Ephemerides,
1106 1737 1187 1805 longo
1205 1735 1291 1805 magis
1304 1750 1386 1804 quarn
1398 1731 1537 1801 ingenioso

181 1812 284 1883 labore,
303 1813 401 1868 confici
419 1822 544 1882 possunt.
581 1817 644 1870 Etsi
660 1818 743 1886 igitur
760 1818 827 1872 mihi
846 1818 946 1871 desrrnt
964 1816 1103 1885 adjutores
1122 1815 1227 1883 Pragae
1245 1830 1280 1868 ex
1298 1812 1459 1881 Germanis,
1477 1810 1539 1880 quia

180 1897 272 1946 tamen
293 1891 350 1958 jam
377 1893 481 1960 pridem
508 1895 610 1962 placuit
628 1896 840 1966 typographiam
858 1898 992 1951 Venatum
1010 1902 1038 1951 et
1056 1894 1120 1963 quia
1137 1901 1169 1947 tu
1187 1893 1353 1949 exercitatus
1371 1907 1416 1947 es:
1441 1906 1492 1959 age
1509 1896 1538 1943 ιιι

181 1970 273 2039 capias
296 1970 350 2025 hoc
374 1970 475 2027 laboris
499 1972 637 2028 residuum
662 1984 690 2029 et
707 1976 904 2044 premerides
928 1992 962 2030 ex
986 1975 1052 2030 meis
1076 1974 1177 2030 tabulis
1196 1980 1352 2040 construes,
1378 1979 1411 2027 ut
1428 1968 1539 2039 Origaui

183 2047 380 2117 Ephemerides
399 2050 586 2107 miscellaneae
603 2069 673 2123 pure
685 2054 848 2125 Tychonicis
867 2062 895 2111 et
913 2054 1044 2121 perfectis
1056 2052 1231 2109 offuscemus.
1260 2050 1304 2106 Ad
1316 2050 1387 2107 hauc
1398 2062 1460 2105 rom
1471 2062 1538 2117 opus

182 2128 261 2184 nobis
280 2129 332 2184 erit
350 2129 488 2199 societate,
508 2134 671 2188 auctoritate
690 2136 895 2202 magistratuum
912 2133 1039 2203 ineunda,
1057 2131 1163 2203 legibus
1181 2138 1208 2187 et
1220 2127 1391 2185 cautionibus
1404 2124 1539 2181 sufficieu-

182 2204 257 2261 tibus
280 2208 458 2275 stabilienda,
482 2214 514 2263 ut
530 2217 560 2262 tu
579 2210 643 2264 mihi
661 2210 767 2265 idoneis
785 2211 933 2281 praedibus
952 2226 1048 2267 careas
1066 2211 1095 2266 iu
1114 2208 1258 2264 Germanis
1274 2205 1465 2275 versantibus,
1491 2218 1539 2273 ego

184 2283 235 2338 tibi
253 2283 345 2340 itidem
363 2286 511 2355 praedibus
528 2287 556 2340 in
574 2288 653 2342 ltalia
671 2290 852 2346 versantibus.
890 2290 1001 2345 Sumtus
1020 2289 1055 2345 sd
1072 2286 1280 2359 imprimendum
1297 2284 1351 2357 ipsi
1368 2283 1539 2340 conferamur

183 2361 219 2417 ad
237 2363 366 2432 aequales
385 2365 539 2434 portiones,
559 2366 723 2436 exemplaria
740 2368 767 2422 iu
787 2383 929 2422 commune
947 2366 1107 2435 vendamus,
1126 2373 1156 2422 tu
1176 2364 1315 2422 dimidium
1331 2362 1470 2431 venetiis,
1490 2375 1539 2430 ego
1567 2408 1588 2415 ,.

184 2438 323 2494 dimidium
347 2442 533 2497 Fraueolurdi.
570 2445 705 2500 vecturae
728 2446 845 2514 pretium
870 2447 897 2500 iu
922 2462 1063 2501 commune
1081 2444 1231 2514 solvamus,
1256 2443 1346 2515 pretia
1367 2441 1492 2497 Venedis
1513 2445 1540 2492 et

180 2517 361 2574 Franeofurdi
380 2521 508 2587 collecta,
538 2528 568 2575 ut
586 2534 668 2577 unam
684 2538 790 2578 cassem
808 2522 843 2578 ad
861 2523 988 2593 aequalia
1006 2523 1164 2578 dividamus.
1200 2519 1402 2591 Typographus
1420 2517 1540 2574 Veneriis

183 2596 333 2652 Germanos
351 2605 380 2654 et
395 2600 481 2654 Italos
499 2598 600 2654 habeat
619 2601 769 2670 ministros,
795 2602 857 2657 illos
875 2618 962 2656 meam
981 2601 1062 2657 fidem
1081 2608 1205 2671 secutos,
1229 2602 1282 2657 hos
1300 2606 1388 2668 tuam,
1412 2604 1446 2654 ut
1462 2597 1540 2653 nobis

181 2682 289 2731 constet
312 2676 346 2731 de
368 2693 482 2734 numero
506 2678 712 2747 exemplarium.
748 2681 870 2735 Societas
894 2688 1017 2735 transeut
1041 2680 1077 2735 ad
1095 2681 1238 2750 utrimque
1256 2687 1379 2735 nostrum
1397 2676 1538 2733 hamedea

181 2752 211 2810 Si
233 2754 329 2811 minori
353 2758 442 2825 pretio
466 2757 583 2825 imprimi
606 2765 736 2827 poterunt
754 2758 934 2814 Freneolurdi
959 2774 1041 2828 quam
1060 2759 1195 2829 venetiis,
1221 2766 1287 2828 typo
1305 2771 1395 2827 aeque
1413 2755 1538 2827 eleganti,

179 2832 361 2889 Francolurdi
377 2834 577 2904 imprimantur.

285 2913 450 2983 liujusmodi
467 2913 542 2982 leges
561 2912 584 2968 si
602 2913 651 2969 tibi
670 2911 798 2982 placeant
816 2920 843 2968 st
862 2913 960 2983 quihus
979 2914 1041 2971 aliis
1060 2914 1111 2969 erit
1129 2931 1211 2985 opus,
1234 2914 1367 2984 rescribe,
1394 2922 1427 2970 ιιι
1444 2928 1538 2970 couru-

179 2991 267 3049 lamus
287 3000 401 3063 uterque
418 2992 562 3059 peritiores
580 2991 744 3060 tandemque
762 2990 797 3045 ad
816 3007 885 3061 opus
905 2994 1084 3063 accingamur.

285 3072 347 3125 llue
371 3085 460 3137 usque
485 3085 518 3122 ex
544 3068 636 3124 codice
655 3069 839 3123 Pulkoriensi.
876 3070 938 3124 Jarn
957 3076 1050 3126 textus
1068 3070 1173 3140 Magini
1192 3030 1430 3142 (Sssplementum
1448 3072 1538 3145 Ephe·

179 3149 324 3215 maridum)
342 3150 411 3204 haec
429 3148 510 3203 affert
528 3148 639 3217 Kepleri
659 3149 741 3202 verbe
758 3148 895 3216 ipsissima
912 3150 1023 3219 Magiuo
1042 3149 1119 3205 data:

285 3248 318 3310 Si
340 3250 401 3310 fieri
426 3258 525 3328 posset
548 3258 581 3307 ut
603 3253 677 3309 iuter
699 3267 752 3309 nos
774 3249 871 3309 solida
894 3257 923 3310 et
944 3250 1002 3310 lida
1017 3258 1046 3311 et
1060 3259 1125 3311 tuta
1140 3253 1290 3327 societate,
1314 3254 1538 3329 magistratuum

180 3338 353 3397 auctoritate
376 3337 522 3408 stabilita,
547 3336 753 3413 Ephemerides
777 3340 922 3396 communi
947 3341 1077 3412 nomine,
1102 3357 1167 3398 meo
1189 3347 1288 3398 tamen
1311 3340 1444 3416 arbitrio,
1469 3341 1537 3400 ede·

180 3442 276 3484 remus
301 3432 330 3484 et
351 3435 465 3484 sumtus
488 3427 545 3501 ipsi
569 3427 597 3481 in
621 3441 773 3483 commuue
796 3424 957 3484 laceremus
980 3424 1206 3505 (exemplaribus
1228 3427 1265 3486 ad
1282 3426 1425 3487 haeredes
1441 3436 1534 3488 hans·

179 3510 304 3591 missis),
336 3529 459 3588 quorum
484 3510 555 3570 illud
579 3510 744 3571 vendibiles
767 3511 875 3571 laceret
897 3514 989 3572 libros
1012 3522 1130 3590 propter
1152 3516 1303 3590 utriusque
1325 3514 1453 3591 lamam,
1483 3516 1537 3576 hec

179 3598 218 3658 ad
248 3616 308 3659 rem
338 3599 505 3677 augendam
536 3598 654 3657 iaceret.
701 3598 741 3656 At
770 3606 802 3657 ut
831 3600 885 3657 tibi
909 3599 945 3659 de
967 3618 1014 3659 me
1037 3602 1222 3660 securitatem
1244 3608 1395 3678 praestare
1417 3606 1536 3680 possim,

179 3688 292 3759 nescio,
325 3689 375 3762 qui
398 3695 428 3745 tu
452 3686 523 3744 mihi
547 3685 582 3743 de
607 3695 634 3743 te
658 3687 774 3761 tuisque
796 3685 974 3746 haeredibus
996 3690 1106 3763 possis,
1136 3689 1193 3746 nisi
1216 3690 1245 3745 iu
1270 3687 1461 3750 Germaniam
1484 3690 1536 3750 ad·

180 3775 282 3833 venias
304 3774 404 3848 ibique
428 3783 543 3850 tempus
566 3773 686 3848 aliquod
710 3772 809 3832 teras?
839 3772 999 3851 Operarum
1022 3776 1140 3851 partitio
1163 3775 1238 3835 haec
1261 3783 1356 3851 esset,
1389 3784 1439 3851 ut,
1470 3779 1537 3854 qnia

179 3876 234 3937 ego
266 3859 407 3919 decennio
437 3868 500 3918 toto
528 3859 610 3918 haesi
640 3862 669 3917 in
699 3859 834 3919 eruendis
863 3860 1057 3921 laudamentis
1081 3879 1116 3921 ex
1140 3864 1398 3924 observationibus
1420 3863 1535 3940 Brahei,

178 3955 209 4006 tu
242 3948 331 4025 igitur
362 3965 397 4006 ex
428 3947 474 4005 his
503 3945 611 4005 tubulis
635 3954 731 4005 metue
753 3954 805 4005 tuo
827 3948 929 4007 labore
952 3958 1150 4026 computares,
1182 3950 1261 4027 quod
1284 3951 1401 4011 lucilius
1424 3969 1533 4029 posses,

178 4051 268 4112 quam
299 4036 455 4111 quisquam
484 4033 569 4093 alius.
615 4033 711 4093 Tuum
740 4036 828 4109 igitur
859 4043 902 4094 est
931 4044 997 4095 tuas
1028 4039 1175 4114 pensitare
1198 4035 1383 4099 conditiones
1406 4038 1535 4118 mihique

179 4139 267 4202 super
289 4121 335 4180 his
359 4129 440 4181 tuam
462 4123 637 4182 senteutiam
661 4122 783 4199 aperire.

278 4234 364 4297 Vale.
411 4238 462 4295 22.
486 4234 585 4296 Martii
613 4237 705 4297 1610.
729 4235 854 4311 Pragae.

699 4346 897 4409 Excellentiae
919 4348 1003 4409 Tuas

880 4461 1120 4524 officiosissimus

1220 4577 1272 4638 Jo.
1296 4576 1450 4657 Keplenrr

1168 4663 1195 4718 S.
1214 4662 1242 4715 0.
1261 4664 1297 4717 Μ.
1315 4663 1512 4719 hommedone
