3284 5520
636 323 771 394 habenis
789 323 1001 394 Hyperaspistes

443 606 484 672 ld
508 606 567 672 lli.
590 607 633 672 ΙΙΙ.
655 603 887 687 lull-frebotis
910 603 981 686 Cap.
1004 603 1029 669 l.
1054 602 1106 669 fol.
1129 604 1195 670 tut.

248 764 394 825 Absolute
424 764 499 824 libro
522 764 566 838 11,
598 767 647 840 qui
678 763 828 840 profitetur
858 762 1080 822 dissolutionem
1103 764 1248 823 rationum
1269 763 1421 841 Tycbonis
1444 781 1499 840 pro

145 859 276 912 cometae
299 852 363 912 loco
387 852 516 927 coelesti,
540 851 631 911 videri
649 859 762 930 poterat
777 851 959 911 satisfactum
974 852 1085 910 muneri
1102 868 1176 924 meo,
1200 854 1254 910 etsi
1270 850 1376 911 librom
1392 850 1498 910 Clara-

143 941 245 998 montii
276 942 407 1013 tertium,
439 957 498 1016 quo
529 938 791 999 demonstraturum
821 956 853 998 se
880 937 1050 1013 pollicetur,
1083 946 1212 997 cometas
1234 940 1289 997 sub
1313 938 1398 998 Luna
1420 956 1497 1012 esse,

142 1028 330 1104 praeterirem
361 1030 516 1099 intactum,
548 1035 581 1086 ut
610 1029 660 1103 qui
688 1027 835 1085 stantibus
858 1025 1007 1102 'I'ycbonis
1036 1024 1346 1098 demonstrationibus,
1379 1033 1498 1085 conba-

144 1114 297 1173 dictoriam
314 1113 542 1193 adstruentibus,
557 1132 658 1174 rerum
673 1116 775 1188 utique
792 1129 848 1171 non
866 1114 994 1171 tuebitur
1010 1129 1104 1188 eoque
1120 1113 1383 1172 demonstrationes
1398 1112 1498 1172 nullas

144 1204 292 1261 continere
314 1209 420 1277 potest.
455 1203 564 1260 Verum
588 1204 659 1277 quia
680 1214 708 1259 et
730 1201 880 1279 Tychonis
896 1200 1092 1259 defensionem
1109 1208 1140 1259 et
1156 1203 1286 1260 veritatis
1302 1202 1497 1260 assertionem

142 1284 226 1347 initio
256 1292 384 1365 suscepi,
417 1306 505 1365 cogor
532 1289 609 1349 banc
639 1305 756 1365 quoque
778 1297 956 1364 postremam
979 1287 1046 1346 libri
1069 1287 1299 1347 claramontfani
1321 1295 1437 1364 partem
1460 1287 1497 1346 ad

143 1378 263 1434 rationis
294 1394 415 1435 examen
445 1394 599 1449 revocare,
633 1386 663 1434 ut
695 1378 744 1451 qui
768 1376 881 1453 etipse
905 1374 1274 1451 avenatione'l'ycbonis
1297 1392 1438 1449 eremus,
1469 1377 1498 1432 in

142 1462 339 1540 oppugnanda
368 1466 491 1523 veritate
519 1482 570 1540 per
598 1469 770 1539 argumenta
797 1481 833 1522 ex
862 1462 936 1521 libro
959 1461 998 1520 11.
1023 1462 1318 1540 Progymnasmatum
1347 1464 1446 1540 petita
1469 1472 1499 1522 et

141 1568 279 1629 perverso
300 1568 374 1627 pene
398 1559 478 1610 totus
500 1553 662 1610 insumitur.

250 1643 275 1699 l.
307 1636 404 1714 Caput
426 1642 551 1714 primum
574 1638 745 1716 syllogismo
768 1637 959 1713 peripatetico
983 1635 1164 1695 absolvitur:
1188 1635 1328 1696 coelestia
1351 1635 1500 1714 regulari·

141 1726 196 1785 bus
219 1728 329 1785 treveri
354 1727 497 1799 motibus,
522 1743 580 1785 non
604 1727 646 1785 sic
668 1732 807 1798 cometae,
830 1740 888 1782 non
913 1725 1000 1800 igitur
1023 1740 1087 1783 esee
1112 1722 1263 1784 coelestes.

246 1816 275 1870 2.
306 1812 338 1871 Si
361 1813 501 1874 coelestia
524 1813 594 1872 dicit
617 1830 738 1889 corpora
754 1813 892 1887 perennia
909 1809 1007 1869 muudi
1024 1811 1152 1884 mobilis,
1176 1810 1284 1869 mundo
1301 1812 1356 1887 ipsi
1373 1827 1499 1884 coaeva,

140 1899 225 1958 facile
248 1899 356 1974 largiar
379 1899 426 1959 vel
449 1904 512 1961 sine
527 1908 707 1976 argumento,
732 1905 860 1959 cometas
876 1897 932 1958 hoc
947 1915 1037 1958 sensu
1053 1897 1197 1958 coelestes
1212 1914 1269 1958 non
1286 1915 1360 1972 csse,
1386 1901 1499 1975 quippe

141 1988 191 2062 qui
215 1989 345 2046 oriuntur
368 1995 397 2046 et
420 1988 565 2047 occidunt.

246 2076 275 2133 3.
313 2072 365 2133 Sin
392 2074 519 2135 coeleste
550 2074 633 2147 dicit,
663 2071 804 2149 quicquid
833 2075 863 2130 in
892 2071 975 2131 coelo
999 2088 1175 2147 quocunque
1198 2080 1327 2149 tempore
1351 2071 1499 2148 discurrit,

141 2160 244 2237 probet
267 2163 355 2236 igitur
377 2171 473 2221 motus
496 2163 697 2241 uniformem,
722 2168 755 2219 ut
776 2162 831 2233 ait,
863 2161 1107 2236 uniformitatem
1130 2159 1167 2220 de
1190 2160 1341 2231 omnibus,
1365 2177 1445 2236 quae
1469 2162 1498 2219 in

141 2246 223 2307 coelo
247 2247 418 2308 discurrunt.
457 2249 532 2309 Nam
555 2249 810 2309 contradictoriam
832 2247 1001 2324 philosophi
1026 2246 1086 2305 veri
1110 2253 1241 2305 tuentur:
1265 2263 1320 2307 nec
1338 2247 1394 2305 sub
1411 2247 1499 2306 Luna

141 2338 239 2394 omnia
262 2352 327 2396 esse
349 2336 499 2407 mortalia,
529 2354 586 2396 non
610 2339 712 2411 utique
735 2337 848 2394 animos
872 2334 1036 2406 hominum,
1068 2349 1126 2392 non
1149 2334 1228 2394 bunc
1249 2337 1344 2410 ipsum
1368 2333 1498 2395 Telluris

140 2422 271 2498 globum,
296 2441 350 2483 nec
372 2442 461 2500 supra
483 2426 596 2484 Lunam
621 2425 718 2483 omnia
741 2429 860 2481 aeterna
884 2429 911 2481 et
935 2421 1142 2497 regularissimi
1165 2430 1271 2481 motos.

245 2517 274 2572 4.
306 2511 351 2570 De
374 2512 499 2589 planetis
521 2513 593 2591 ipsis
617 2511 707 2588 vulgo
727 2511 806 2569 notis
821 2508 1020 2569 demonstravi
1034 2526 1089 2584 ego
1105 2511 1134 2567 in
1151 2509 1375 2569 Commentariis
1390 2508 1498 2569 Martis

139 2607 168 2657 et
190 2599 293 2674 repetii
316 2599 466 2674 Epitomes
490 2601 696 2659 Astronomiae
719 2598 792 2657 libro
808 2596 860 2669 IV,
885 2615 984 2656 eorum
1008 2604 1106 2656 motus
1129 2604 1261 2656 naturam
1283 2597 1384 2673 potius
1408 2596 1499 2657 redo·

140 2685 207 2757 lere,
232 2703 321 2761 quam
343 2695 486 2762 mentem;
517 2705 582 2747 esse
611 2687 724 2746 seilicet
752 2685 947 2757 ruriformiter,
977 2701 1035 2744 non
1068 2684 1225 2745 uniformes
1254 2683 1306 2744 sed
1335 2682 1497 2757 difformes,

139 2772 229 2849 idque
252 2781 353 2832 contra
376 2773 523 2846 Platonis,
555 2774 723 2833 Aristotelis
745 2780 775 2831 et
797 2771 959 2830 Ptolemaei
981 2771 1173 2831 favorabilem
1197 2773 1381 2848 opinionem,
1407 2789 1496 2848 quarn

139 2860 187 2919 lrlc
210 2859 425 2921 claromontius
455 2878 506 2938 pro
535 2863 647 2921 ratione
677 2860 805 2920 adducit.
851 2858 970 2918 Scilicet
992 2864 1089 2918 motus
1112 2876 1213 2919 omnes
1237 2859 1326 2919 tribui
1348 2876 1405 2936 ego
1429 2876 1497 2918 cor-

139 2948 259 3025 poribus
280 2950 352 3024 ipsis
375 2948 550 3022 lucentibus,
573 2966 631 3008 non
655 2948 787 3025 sphaeris
809 2948 986 3020 eecentricis,
1010 2946 1149 3025 epicyclis
1165 2954 1220 3008 etc.
1245 2947 1363 3020 fictitiis,
1387 2948 1497 3022 quibus

138 3052 260 3112 corpora
283 3035 370 3094 affixa
394 3044 424 3096 et
445 3055 497 3113 per
519 3055 603 3095 suam
627 3040 755 3111 quietern
779 3034 962 3093 invehantur.
1002 3033 1042 3092 lis
1069 3037 1144 3093 enirn
1168 3052 1219 3110 per
1242 3034 1415 3111 Tychonem
1439 3035 1497 3093 ob·

139 3125 306 3182 servatione
330 3133 508 3183 cometarum
532 3132 561 3183 et
584 3124 787 3183 refractionem
811 3139 826 3181 e
850 3121 933 3181 coelo
956 3121 1093 3195 sublatis,
1117 3130 1208 3182 restat
1229 3120 1325 3199 globis
1349 3123 1423 3198 ipsis
1446 3120 1498 3180 lu-

140 3210 273 3269 centibus
297 3210 368 3269 nibil
392 3211 472 3270 aliud
497 3211 576 3288 quod
599 3229 649 3270 cos
667 3210 807 3286 impellat,
830 3211 886 3267 nisi
902 3216 1006 3268 natura
1021 3209 1168 3286 (coelestis
1185 3209 1237 3268 illa
1251 3208 1368 3285 quidem
1385 3206 1498 3288 sectae)

140 3314 306 3373 causaeque
329 3300 433 3374 partim
457 3302 561 3359 insitae
584 3299 756 3372 mobilibus,
789 3300 894 3372 partim
917 3314 935 3356 a
957 3304 1069 3357 motore
1091 3297 1179 3373 globo
1204 3301 1384 3357 extrinsecos
1408 3314 1497 3357 acee-

141 3384 262 3458 dentee3
286 3385 435 3446 naturales
458 3396 608 3462 utraeque,
632 3403 755 3463 quarum
779 3387 853 3444 inter
875 3401 907 3443 se
931 3386 1118 3444 contentione
1139 3392 1242 3444 mutua
1264 3384 1296 3443 fit
1319 3385 1497 3444 necessitate

140 3475 334 3548 geometrica,
365 3483 398 3532 ut
420 3476 519 3550 passio
543 3475 609 3546 illa,
640 3491 726 3549 quam
757 3473 1047 3549 circumgyrationom
1076 3472 1214 3546 dicimus,
1246 3472 1417 3548 corporibus
1438 3471 1498 3529 illis

141 3559 323 3635 lucentibus,
347 3568 379 3618 ut
402 3578 524 3638 corpora
547 3569 628 3633 sunt,
654 3561 833 3636 imprimatur
857 3559 1037 3619 uniformiter
1060 3559 1215 3634 difformis,
1246 3577 1361 3635 semper
1383 3558 1497 3619 scilieet

141 3650 168 3704 in
193 3647 309 3723 aphelio
334 3647 425 3722 tarda,
450 3667 564 3725 semper
587 3651 615 3706 in
639 3647 781 3725 peribelio
806 3646 900 3722 velox,
925 3654 1003 3706 certa
1025 3649 1171 3723 utrimque
1194 3665 1338 3707 mensura,

248 3735 275 3792 5.
308 3739 405 3811 Atque
429 3739 540 3795 utinam
564 3737 611 3795 vel
634 3735 690 3795 hoc
712 3734 807 3794 solum
831 3741 894 3792 tuto
908 3732 1008 3793 liceret
1023 3734 1175 3807 affirmare,
1199 3752 1313 3812 seraper
1327 3736 1357 3791 in
1374 3732 1495 3808 aphelio

141 3820 206 3879 illos
230 3838 293 3881 esse
317 3823 461 3882 tarditatis
484 3825 668 3884 exactissime
691 3822 824 3899 aequalis
852 3824 945 3881 etsie
967 3823 1055 3881 etiam
1080 3825 1107 3879 in
1131 3821 1197 3881 aliis
1220 3821 1422 3882 consimilibus
1446 3837 1497 3880 ec·

140 3910 257 3968 centrici
280 3898 484 3987 fortuneque
508 3912 543 3970 de
566 3911 621 3970 hac
644 3928 762 3986 quoque
785 3909 983 3968 uniformitate
1007 3908 1201 3968 difformitatis
1225 3909 1337 3985 aliquid
1356 3909 1497 3985 juberent

140 3995 290 4057 detrahere
321 4001 349 4055 in
380 3997 493 4058 calculo
524 3999 745 4058 observationes
770 3996 912 4055 Waltberi
937 4005 966 4055 et
989 3997 1215 4073 Regiomontani
1245 3999 1317 4056 satis
1346 3997 1497 4073 copiosae,

140 4102 204 4143 cum
225 4084 414 4144 Ptolemaicis
437 4095 465 4144 et
488 4086 665 4163 Tychonicis
689 4091 885 4160 comparatae,
909 4082 988 4160 quod
1011 4084 1113 4161 Tycha
1137 4084 1206 4144 dum
1229 4087 1344 4145 viveret
1366 4082 1496 4144 nondum

140 4172 256 4245 fecerat,
281 4190 340 4249 qua
362 4172 398 4231 de
421 4191 452 4233 re
474 4173 554 4232 alibi.
581 4180 643 4243 (cn.
665 4181 713 4231 vot.
733 4180 776 4230 vl.
796 4181 893 4241 paren
912 4177 957 4244 ss.)

246 4261 273 4320 6.
312 4261 357 4319 lle
380 4262 502 4319 cernetis
525 4261 653 4319 vicissim
678 4260 753 4319 banc
776 4276 831 4337 ego
855 4267 938 4318 tueor
960 4260 1144 4330 sententiam,
1169 4277 1270 4319 eorum
1293 4257 1409 4334 aliquos
1431 4274 1497 4316 rno-

139 4347 209 4415 vcri,
234 4347 374 4422 quamdiu
398 4353 560 4416 moventur,
586 4347 784 4407 uniformitate
808 4347 952 4420 uniformi,
976 4364 1016 4404 se.
1036 4346 1283 4423 aequabilissime,
1307 4344 1423 4422 aliquos
1439 4343 1501 4403 dif-

139 4432 239 4505 formi,
271 4452 311 4499 sc.
335 4433 484 4495 celeritate
516 4436 654 4494 continuo
678 4435 779 4495 ordine
802 4435 848 4495 vel
873 4441 1019 4495 crescente
1042 4434 1090 4493 vel
1115 4434 1307 4495 decrescente.
1354 4433 1400 4492 lta
1423 4449 1499 4508 pene

139 4527 206 4577 sunt
237 4522 447 4596 permutandae
476 4524 551 4582 inter
579 4522 715 4598 planetas
738 4529 767 4582 et
790 4530 919 4582 cometas
950 4522 1108 4599 qualitates
1131 4530 1271 4582 motuum.
1320 4519 1387 4579 Alia
1410 4522 1501 4596 igitur

141 4615 185 4664 est
207 4609 365 4668 statuenda
387 4620 518 4668 motuum
542 4609 713 4684 differentia,
738 4619 770 4669 ut
793 4627 833 4672 sc.
857 4612 997 4687 perennia
1010 4619 1150 4686 gyrentur
1167 4613 1196 4668 in
1212 4611 1320 4683 orbem,
1346 4610 1500 4668 interitura

140 4696 225 4753 rectis
249 4698 398 4773 trajiciant
421 4696 515 4756 lineis.

246 4786 273 4841 7.
314 4784 428 4845 Probet
449 4781 596 4862 igitur-de
619 4800 698 4845 novo
721 4783 951 4858 Claramontius,
983 4786 1098 4861 omnia,
1130 4802 1207 4862 quae
1234 4790 1389 4845 moventur
1407 4800 1503 4863 supra
