3284 5520
589 310 755 382 Epiremeris
773 312 808 367 ad
825 328 927 369 aunum
943 313 1022 371 1617.
1418 312 1483 384 496

128 488 277 567 planetas,
300 491 396 551 uteie
419 489 531 550 oculari
553 492 644 551 etiam
666 491 773 550 intuitu
791 489 1037 566 distinguerentur
1052 493 1217 569 superiores
1237 492 1276 551 ab
1300 489 1483 550 inferioribus

127 577 287 655 interjectu
311 577 389 639 Solis
419 588 554 654 essetque
585 585 617 636 ut
646 581 673 636 in
705 578 915 655 superioribus,
949 581 991 636 eie
1019 586 1049 637 et
1077 581 1106 636 in
1130 580 1331 653 inferioribus,
1363 594 1483 638 numero

125 666 266 741 utrinque
287 667 428 738 ternario,
462 665 575 724 iacilior
599 664 746 724 distinctio
769 663 857 724 medii
885 665 922 724 ab
953 668 1104 739 extremis,
1137 669 1224 726 etiam
1256 683 1314 724 non
1345 666 1483 741 inspectis

127 751 285 823 frontibus,
309 769 402 829 qnae,
431 752 482 812 ubi
506 754 636 829 quinque
659 753 796 830 deinceps
824 754 1022 830 compaginati
1044 761 1126 827 snrrt,
1156 771 1213 813 non
1243 756 1285 813 ita
1311 751 1406 812 iacilis
1430 760 1482 812 est.

128 838 249 899 Deinde
264 839 341 899 Solle
365 849 461 898 motus
483 841 575 898 tribus
591 839 766 917 cypirrarum
788 837 938 898 ordinibus
961 838 1085 899 describi
1109 844 1215 920 coepit,
1239 839 1318 916 quod
1339 856 1397 898 non
1415 838 1483 898 duri

129 925 351 1003 negligendum.
398 927 489 1002 Atqui
513 926 549 985 ad
574 928 690 985 oculum
713 934 807 1003 patet,
830 925 979 1004 pulchrius
1002 927 1032 984 id
1055 928 1116 986 lieri
1141 940 1170 988 et
1193 928 1284 989 veluti
1307 928 1483 987 architecto·

128 1015 207 1085 nice,
232 1015 258 1073 si
273 1013 352 1074 Solis
375 1012 427 1072 ilia
448 1013 552 1089 triplex
568 1031 753 1073 numerorum
768 1015 867 1086 series,
892 1012 984 1073 veluti
999 1015 1155 1090 singularis
1177 1024 1207 1075 et
1220 1019 1322 1075 striata
1339 1014 1482 1088 columna,

127 1099 229 1160 iocum
252 1110 376 1178 oeeupet
398 1100 525 1160 medium
548 1104 623 1160 inter
653 1110 780 1177 ceteras,
812 1099 928 1176 aequali
959 1094 1080 1161 numerd
1111 1102 1187 1162 latus
1216 1112 1370 1179 utrumque
1399 1103 1482 1160 clau-

129 1186 244 1247 dentes.
291 1187 390 1249 Tertio
413 1189 483 1247 iacit
507 1189 627 1263 eodem,
658 1189 737 1265 qnod
760 1187 811 1246 Sol
835 1199 913 1247 earet
935 1186 1103 1262 latitudine,
1134 1207 1200 1249 cum
1222 1190 1327 1266 reliqui
1350 1190 1482 1264 singulas

128 1272 261 1335 babeant
282 1274 444 1334 latitudinis
466 1275 626 1335 columnas.
663 1275 784 1350 Quarto,
808 1284 896 1350 caput
912 1275 1065 1351 Draconis,
1089 1276 1197 1337 lunaris
1221 1276 1352 1337 theoriae
1375 1279 1483 1335 instru-

128 1370 272 1434 mentum,
296 1365 325 1420 ln
348 1362 404 1422 bac
427 1362 617 1440 dispositione
640 1363 779 1421 adimeret
801 1379 872 1420 suae
890 1360 999 1435 Lurree,
1023 1374 1169 1423 ettamen
1194 1373 1226 1424 ut
1248 1364 1388 1423 hactenus
1412 1363 1482 1423 ulti-

128 1466 209 1509 mum
233 1448 416 1528 planetarum
439 1468 544 1525 agmen
568 1450 687 1529 claudit,
710 1451 818 1527 quippe
841 1451 956 1527 spurius
978 1452 1040 1526 ipse
1056 1450 1185 1529 planeta.
1216 1450 1250 1510 Iu
1268 1450 1407 1527 Origene,
1432 1452 1482 1526 qui

128 1535 248 1597 lunares
271 1548 368 1597 motus
392 1555 428 1596 ex
449 1540 565 1613 gemino
589 1536 703 1597 calculo
726 1538 831 1595 struxit
853 1539 1026 1597 necessitate
1042 1540 1177 1613 instituti,
1201 1547 1320 1598 nactum
1336 1550 1381 1597 est
1396 1555 1482 1596 mon·

129 1632 222 1684 abram
244 1623 303 1683 hoc
323 1625 525 1701 retrogradum
548 1624 645 1683 locum
668 1623 754 1683 valde
778 1623 962 1696 invidiosum,
987 1628 1016 1682 in
1040 1626 1104 1703 ipso
1127 1644 1216 1704 prope
1240 1629 1365 1703 paginae
1389 1626 1481 1684 vcsti-

130 1709 209 1772 buio.
257 1710 375 1787 Quinto,
400 1714 494 1788 magis
517 1714 594 1771 seria
617 1713 690 1770 ratio
715 1719 766 1784 est,
791 1710 869 1786 quod
885 1709 1040 1787 plurimum
1061 1713 1197 1772 conducit
1211 1712 1248 1772 ad
1264 1721 1395 1772 mutuum
1411 1730 1483 1772 con·

129 1796 258 1859 ditiones
281 1799 414 1876 quolibet
435 1815 534 1858 mense
550 1797 779 1875 perpendendas,
802 1806 835 1856 ut
850 1808 1016 1874 spectentur
1030 1798 1168 1876 planetae
1183 1809 1394 1877 consequentes
1410 1802 1484 1858 inter

126 1901 155 1947 oe
179 1894 288 1947 mutuo
311 1886 362 1946 ilio
386 1885 504 1960 ordine,
538 1903 596 1963 quo
621 1887 721 1946 ordine
744 1895 776 1943 ut
799 1884 954 1961 plurimum
984 1886 1098 1947 veloces
1122 1898 1150 1947 et
1174 1887 1248 1947 tardi
1271 1897 1347 1946 sunt.
1393 1885 1484 1946 Sexta

122 1975 249 2049 privata
271 1990 338 2034 mea
359 1974 433 2033 ratio
458 1983 517 2049 est,
549 1972 627 2050 quod
659 1991 724 2032 cum
747 1983 828 2031 motu
851 1971 929 2032 Solis
956 1977 1074 2033 veroin
1100 1976 1235 2033 omnibus
1257 1974 1383 2052 planetis
1407 1972 1484 2032 indi·

121 2077 242 2138 genem,
267 2060 381 2121 iaciiius
405 2060 488 2119 illum
511 2078 547 2120 ex
569 2061 667 2121 medio
691 2059 728 2119 ad
751 2059 844 2119 latera
859 2059 1003 2133 transtuli,
1027 2079 1116 2138 qrrnm
1132 2081 1150 2122 a
1165 2064 1289 2121 sinistris
1304 2061 1342 2121 ad
1358 2062 1483 2133 dextras,

121 2154 213 2209 trans
239 2164 340 2208 omnes
363 2147 546 2225 planetarum
571 2147 730 2207 columnas.
778 2144 881 2206 difinio
905 2156 949 2207 est
971 2152 1105 2224 septima,
1129 2148 1207 2226 quod
1232 2159 1383 2226 aspectus,
1413 2150 1483 2207 novi

121 2238 317 2310 messium,
351 2239 381 2294 ln
408 2235 465 2295 hac
495 2234 685 2311 dispositione
717 2235 804 2310 longe
835 2233 949 2293 iacilius
981 2236 1157 2313 indagantur
1180 2254 1267 2313 quam
1291 2237 1321 2293 in
1344 2238 1482 2311 antiqua,

121 2321 210 2402 guod
234 2324 322 2401 igitur
345 2322 416 2382 mihi
439 2320 634 2400 Epiremerida
661 2323 797 2382 scribenti
827 2320 1011 2380 commodum
1043 2323 1111 2396 luit,
1143 2325 1172 2381 id
1195 2326 1224 2380 in
1248 2325 1483 2399 transscriptione

121 2422 208 2472 noro
232 2411 423 2470 cum-labore
447 2410 498 2469 aad
522 2408 616 2468 inutili
640 2412 793 2468 immutare
810 2407 901 2467 nolui.
938 2408 1022 2468 ridde
1038 2413 1114 2469 enim
1131 2422 1247 2483 octavo,
1271 2409 1348 2487 quod
1371 2408 1484 2468 nullum

121 2512 161 2560 ιο
186 2499 340 2556 minimum
364 2496 482 2574 quidem
506 2496 746 2574 impedimentum
770 2514 804 2556 ex
830 2495 885 2555 hac
908 2498 1133 2573 transpositione
1156 2504 1185 2557 et
1202 2496 1373 2558 diremtione
1394 2496 1484 2556 lumi·

121 2588 246 2646 uarium
270 2587 416 2659 oboritur,
445 2587 492 2643 cui
515 2602 572 2644 non
592 2585 654 2661 jam
685 2595 772 2643 antea
795 2583 886 2643 lector
910 2588 1106 2644 astronomiae
1129 2583 1278 2645 studiosus
1301 2587 1330 2643 in
1354 2582 1484 2661 Orlgano

121 2680 158 2732 :t
180 2672 272 2751 louge
296 2671 413 2749 quidem
436 2671 583 2731 diiiiciiius
607 2674 778 2732 assueverit.
1273 2691 1278 2702 ·

484 2818 523 2879 ΙΙ.
560 2824 609 2880 De
631 2822 847 2893 planetarum
869 2819 1124 2880 latitudinibus.

234 2932 305 2994 Jam
328 2931 407 3010 quod
430 2950 565 2993 numeros
588 2935 668 3010 ipsos
684 2936 787 2992 attinet
801 2934 935 2992 sinistrae
952 2935 1087 3009 paginae,
1111 2936 1140 2991 iu
1156 2932 1338 3009 longitudine
1362 2932 1480 3009 quidem

121 3020 202 3081 nibil
224 3039 291 3081 mea
314 3022 406 3079 forma
428 3039 446 3079 a
469 3022 613 3097 prioribus
630 3021 853 3098 Ephemeridum
869 3023 1059 3097 scriptoribus
1078 3023 1187 3095 variat3
1217 3019 1295 3080 Solis
1318 3022 1394 3080 enim
1417 3034 1483 3078 mo·

121 3126 177 3169 -u
198 3125 251 3186 per
273 3107 391 3180 gradus,
415 3110 527 3167 mimate
549 3116 578 3167 et
600 3108 730 3167 secunda
754 3107 915 3184 descriptus
938 3116 991 3178 est,
1015 3108 1121 3183 triplici
1144 3111 1228 3182 serie,
1252 3117 1285 3166 ut
1307 3108 1386 3184 apud
1403 3106 1482 3166 Leo-

121 3199 245 3270 nitinm,
269 3195 430 3272 Maginum,
454 3193 671 3268 Everhardum,
696 3193 873 3271 Origanum,
897 3202 1057 3254 ceterorum
1081 3194 1199 3271 duplici,
1223 3195 1365 3270 graduum
1389 3212 1429 3253 sc.
1453 3201 1483 3253 et

121 3286 326 3358 minutorum,
349 3285 377 3341 iu
400 3281 555 3342 latitudine
579 3300 666 3356 vero,
691 3282 769 3359 quod
792 3282 945 3343 Leoritius
968 3285 1078 3359 eoepit,
1101 3282 1215 3341 ielicius
1238 3281 1306 3355 illo,
1336 3285 1365 3339 ui
1387 3280 1482 3353 fallor,

121 3382 195 3431 snm
219 3373 361 3441 imitatus,
385 3369 549 3446 adiungens
573 3372 679 3445 cuique
701 3368 838 3446 planetae
860 3387 944 3428 suam
967 3367 1014 3428 die
1038 3370 1184 3445 qualibet;
1209 3368 1257 3428 ille
1273 3368 1389 3445 quidem
1412 3367 1482 3426 lati·

121 3459 241 3518 tudinis
264 3467 294 3520 et
318 3456 510 3533 longitudinis
533 3456 696 3516 columellis
718 3459 891 3528 emunitatis,
916 3459 990 3515 inter
1005 3475 1037 3517 se
1052 3474 1104 3533 per
1120 3460 1216 3516 omnia
1232 3456 1384 3527 similibus,
1410 3472 1482 3515 con·

121 3547 261 3607 turbavit
293 3544 446 3619 lectorem,
478 3547 615 3621 imposita
641 3547 816 3605 necessitate
843 3543 1095 3615 fastidiosissime,
1125 3543 1298 3620 respiciendi
1329 3544 1416 3602 toties
1445 3540 1482 3601 ad

121 3632 259 3707 [mntesr
282 3649 337 3708 ego
362 3640 463 3691 eontra
485 3630 655 3690 latitudines
679 3651 696 3689 a
718 3630 949 3707 longitudinibus
972 3633 1075 3690 vicinis
1092 3630 1210 3690 distinxi
1232 3630 1311 3690 linea
1325 3629 1481 3702 subtiliori,

124 3720 301 3783 ehnraemre
322 3721 442 3793 minori,
473 3718 596 3778 celiniae
625 3722 760 3793 angustia
791 3726 820 3777 et
848 3720 1009 3778 notationis
1036 3720 1146 3793 iorma;
1179 3721 1291 3777 minuta
1318 3720 1396 3777 enim
1419 3715 1484 3776 soie

127 3808 214 3870 celiis
236 3810 346 3867 inserta
369 3814 453 3881 sunt,
484 3805 591 3881 gradus
616 3805 681 3882 (qui
711 3806 821 3865 tardius
843 3801 976 3886 varient)
1000 3805 1047 3865 rei
1075 3809 1250 3883 superpositi
1281 3810 1310 3862 iu
1339 3805 1483 3864 frontibus

121 3897 236 3974 majori
258 3894 435 3964 charactere,
461 3895 507 3952 rel
531 3894 704 3970 interpositi,
727 3901 930 3970 praeterquam
953 3895 983 3950 in
1006 3892 1105 3966 iruna,
1130 3911 1206 3969 quae
1228 3891 1392 3952 latitudinis
1414 3909 1483 3967 gra·

126 3983 184 4044 dus
207 3984 305 4043 variat
327 3985 356 4041 iu
380 3981 444 4042 dies
468 3981 527 4040 iere
550 3979 696 4056 singulos3
729 3998 819 4056 quare
841 3979 889 4039 hic
911 3989 971 4039 tam
993 3979 1101 4056 gradus
1124 3983 1153 4037 in
1177 3981 1252 4040 ceila
1279 3987 1361 4051 sunt,
1395 3996 1482 4055 quam

129 4074 257 4144 minuta,
279 4071 469 4145 vicissimque
492 4070 596 4145 eapitis
621 4068 765 4127 Draconis
787 4066 851 4126 sola
873 4070 994 4139 minuta,
1026 4068 1110 4144 eujus
1134 4070 1221 4128 etiam
1245 4066 1402 4127 columella
1424 4082 1482 4124 non

127 4159 190 4220 elia
210 4160 325 4218 ratione
348 4176 367 4217 e
388 4157 492 4215 Lunae
515 4154 679 4215 columellis
702 4164 748 4215 est
769 4153 905 4228 diremte,
938 4171 1025 4231 quem
1055 4154 1129 4214 alias
1152 4154 1326 4214 columellae
1349 4152 1482 4213 latitudi-

128 4264 219 4320 num,
243 4254 276 4304 ut
299 4244 346 4304 vei
370 4261 405 4303 cx
430 4244 589 4302 notationis
612 4244 705 4301 forma
728 4242 921 4319 intelligatur,
945 4258 1003 4302 non
1026 4245 1121 4320 ipsum
1144 4243 1292 4320 planetam
1315 4258 1400 4317 esee,
1430 4239 1482 4301 sed

128 4342 246 4394 tentum
268 4331 307 4391 ad
330 4331 501 4390 latitudines
526 4330 626 4389 Lunae
649 4328 840 4389 referendum.

233 4419 325 4479 Porro
349 4419 432 4494 cujus
454 4418 561 4494 plegae
585 4419 622 4477 sit
645 4417 795 4492 quaelibet
816 4416 950 4489 latitudo,
974 4417 1005 4475 id
1028 4419 1139 4475 usitata
1154 4418 1203 4475 ria
1217 4417 1327 4475 irontes
1342 4415 1480 4488 indicant,

125 4508 222 4569 literis
244 4506 285 4580 Β,
308 4503 351 4578 M,
375 4523 499 4582 quarum
521 4505 574 4565 iiia
596 4503 868 4581 septentrionalem,
890 4504 964 4563 haec
986 4502 1175 4564 meridianam
1198 4503 1380 4562 latitudinem
1404 4501 1483 4561 indi·

126 4604 192 4672 eutr
217 4592 267 4654 rel
288 4595 313 4652 si
336 4600 464 4652 mutatur
487 4593 585 4669 plaga,
608 4594 711 4651 literae
725 4593 787 4650 suis
802 4590 876 4651 locis
896 4593 925 4648 in
940 4590 1085 4651 columnis
1100 4590 1283 4669 planetarum
1300 4593 1483 4669 reperiuntur

126 4685 205 4743 inter
227 4679 323 4742 lineas
343 4681 479 4740 insertae.
517 4679 576 4740 Sed
598 4696 694 4756 neque
717 4678 817 4738 literas
832 4683 870 4754 A,
892 4679 933 4752 D,
957 4696 1080 4755 quarum
1103 4678 1155 4738 iiia
1171 4694 1324 4738 mcensum
1346 4678 1482 4756 planetae

124 4768 262 4832 indicere
285 4767 413 4830 debete
435 4766 555 4829 meridie
579 4768 608 4826 in
630 4768 875 4846 septentrionem,
906 4768 963 4827 ista
993 4765 1165 4828 descensum
1192 4784 1211 4826 e
1232 4766 1431 4845 septentrione
1451 4767 1482 4824 ln
