3284 5520
557 356 620 412 Lib.
639 358 660 412 1.
684 357 798 412 cometa
816 355 880 412 anni
899 357 977 414 1607.

347 532 402 591 Est
423 534 531 610 aliqua
550 535 678 609 prodire
699 542 794 603 tenus,
816 538 843 593 ai
864 553 928 595 nou
950 533 1045 592 detur
1066 536 1160 607 ulmo,

345 621 383 679 Et
404 653 447 665 -
471 655 513 666 -
539 655 578 665 -
602 655 643 666 -
669 622 708 679 ln
729 625 851 697 moenia
874 631 902 681 ct
923 623 1050 680 columae
1073 629 1121 679 sat
1143 629 1193 679 est.

88 705 196 781 Neque
218 708 297 765 enim
319 707 436 782 glorior,
462 726 509 767 ure
531 711 709 786 ipsissimam
732 709 928 784 traJectoriarn
951 715 1083 767 cometae
1107 708 1262 767 detexisse.

198 793 294 852 Altior
318 794 435 869 quidem
459 805 489 855 et
510 815 529 853 a
551 795 669 855 Tellure
692 799 830 855 remotior
852 813 910 855 non
934 796 997 868 luit,
1021 812 1110 871 quant
1133 814 1189 871 ego
1213 795 1297 868 dieo,
1322 812 1359 851 an
1383 811 1454 854 vcro

85 896 148 936 uon
172 880 262 939 suerit
281 883 356 940 inter
378 883 462 940 initia
485 883 574 957 paulo
597 886 732 960 propior,
756 885 906 955 incertum,
931 882 1020 958 idque
1045 883 1121 955 ideo,
1146 885 1216 958 quia
1232 882 1455 941 ohservationes

86 983 149 1024 non
181 975 341 1042 potuemnt
368 969 424 1028 hac
451 972 517 1028 vice
547 973 742 1029 accuratiores
773 988 847 1029 esse.
893 971 1008 1029 Etenim
1032 987 1083 1045 per
1106 969 1189 1026 laxas
1215 970 1453 1027 observationum

84 1053 172 1128 leges
202 1055 322 1114 libertas
351 1056 438 1115 nobis
468 1056 570 1132 aliqua
600 1066 630 1116 et
659 1057 821 1135 amplitudo
855 1060 944 1135 spatii
976 1057 1165 1132 relinquitur,
1200 1059 1229 1112 in
1258 1057 1342 1129 eujus
1370 1065 1453 1132 parte

84 1158 271 1216 quacunque
294 1143 448 1218 traJeetum
472 1152 604 1203 cometae
628 1149 850 1204 constituturus.
896 1143 1010 1220 Quodsi
1032 1144 1203 1219 scrupulose
1226 1144 1329 1201 fuisset
1351 1146 1454 1202 obser-

84 1237 181 1286 vatus
204 1237 328 1303 cometa,
351 1247 410 1288 non
433 1239 547 1290 tantum
569 1231 735 1308 parallaxes
759 1231 880 1289 diurnae
904 1231 1074 1290 definissent
1104 1230 1234 1304 aliquam
1260 1234 1454 1305 quantitatem
1488 1276 1491 1281 .

81 1318 399 1392 circumscriptionem,
430 1335 519 1393 quam
543 1329 675 1379 cometae
698 1318 823 1377 altitudo
847 1329 926 1377 certo
949 1326 1118 1393 superaret,
1150 1318 1238 1392 idque
1262 1319 1311 1375 via
1334 1321 1402 1376 trita
1425 1331 1455 1376 et

81 1405 212 1476 usitata,
236 1403 289 1461 sed
311 1406 377 1480 ipsa
399 1408 488 1463 etiam
511 1405 585 1465 haec
600 1406 765 1479 methodus,
788 1423 844 1463 usa
858 1405 1036 1463 adminiculo
1053 1405 1219 1463 diurnarum
1236 1409 1454 1479 promotionum

80 1497 226 1549 cometae
257 1491 428 1568 scrupulose
461 1494 659 1567 cognitarum,
692 1496 721 1550 in
751 1495 914 1552 arctissimo
943 1509 998 1551 uos
1026 1495 1122 1569 spatio
1146 1495 1336 1550 constitueret
1360 1493 1454 1551 collo-

79 1576 208 1636 candae
228 1578 413 1651 trajeetoriae
436 1579 541 1638 lineae.
586 1580 680 1639 Simul
703 1588 801 1639 cirtem
825 1588 855 1638 et
870 1581 926 1639 hoc
940 1579 1007 1637 iude
1024 1579 1185 1651 eliceretur,
1211 1597 1316 1637 verene
1332 1581 1369 1637 ab
1386 1582 1452 1655 ipso

77 1666 238 1740 principio
259 1665 355 1724 lineae
377 1669 524 1741 tangentis
546 1669 739 1742 quadrantem
763 1667 946 1742 incipiendus
970 1676 1048 1726 esset
1063 1666 1134 1724 ordo
1151 1666 1354 1739 trajectionum
1372 1667 1453 1725 diur-

78 1769 208 1822 narum,
231 1770 268 1810 an
293 1752 340 1812 dia
364 1755 413 1813 23.
438 1752 531 1829 Sept,
555 1771 614 1830 quo
638 1755 684 1815 die
702 1757 829 1831 primum
845 1764 890 1813 est
905 1753 1127 1812 animadversus
1142 1763 1256 1811 cometa
1272 1756 1340 1811 anui
1359 1758 1452 1825 leot,

79 1840 191 1916 portio
213 1837 318 1897 diurna
339 1840 480 1914 traJeetus
500 1842 564 1915 jam
586 1841 700 1917 aliquot
723 1842 862 1918 gradihus
886 1841 1058 1916 quadrantis
1078 1860 1096 1899 a
1116 1850 1253 1899 contactu
1269 1858 1321 1898 seu
1338 1858 1356 1898 a
1371 1843 1452 1917 priu-

78 1926 171 2001 cipio
196 1925 290 1985 lineae
314 1930 462 2002 tangentis
484 1928 634 1989 abluisset.
665 1930 750 1988 Nunc
774 1931 851 1987 enim
867 1930 896 1985 in
914 1946 1014 1987 crassa
1030 1928 1235 1987 observatione
1251 1931 1332 2003 prius
1347 1928 1451 1986 horum

79 2030 146 2090 pro
170 2020 250 2071 certo
272 2013 328 2071 t'uit
351 2015 567 2075 assumendum.

201 2096 354 2176 Utcunque
384 2118 430 2160 res
460 2102 584 2173 habeat,
623 2110 699 2162 certe
729 2103 925 2176 theoremata,
964 2103 1071 2176 quibus
1100 2105 1128 2158 in
1158 2104 1304 2177 praesenti
1338 2110 1453 2161 cometa

79 2203 169 2262 opus
193 2185 298 2260 habui,
320 2188 470 2263 generalia
493 2199 561 2247 sunt
582 2199 780 2265 possuntque,
804 2193 830 2246 si
853 2207 911 2247 non
935 2192 1034 2247 omnia
1056 2190 1201 2261 omuibus,
1225 2191 1331 2266 potiori
1355 2199 1451 2249 tamen

78 2280 176 2351 parte
200 2273 344 2350 plerisque
367 2275 434 2334 aliis
457 2279 578 2336 cometis
601 2277 835 2336 demonstrandis
858 2279 1011 2348 inservire,
1045 2280 1216 2351 praesertim
1239 2276 1313 2348 illis,
1348 2280 1398 2352 qui
1423 2279 1452 2333 in

77 2361 308 2438 hemisphaerio
332 2361 410 2420 Solis
441 2364 558 2438 directi,
591 2374 643 2423 aut
671 2365 699 2421 in
727 2366 870 2422 contrario
894 2363 1054 2439 retrogradi
1078 2373 1160 2436 suut3
1193 2363 1318 2438 denique
1351 2364 1452 2438 aliqua

78 2450 183 2508 etiam
206 2447 244 2505 ad
267 2447 333 2507 illos
356 2457 485 2509 cometas
510 2469 574 2510 sese
598 2450 767 2525 extendunt,
791 2451 912 2527 quival
936 2454 964 2507 iu
989 2451 1204 2526 hemisphaerio
1221 2450 1298 2509 Solis
1321 2463 1389 2507 sunt
1404 2469 1452 2508 re-

81 2534 233 2611 trogradi,
256 2544 289 2593 ut
312 2535 353 2593 illi
377 2544 435 2596 tres
457 2541 526 2595 suni
553 2539 645 2611 1618,
669 2538 718 2596 rel
741 2542 770 2595 in
793 2541 939 2596 contrario
963 2537 1073 2596 directi.
1120 2537 1225 2611 ltaque
1249 2546 1341 2594 totum
1366 2536 1452 2595 libel-

78 2622 153 2681 lum
176 2623 207 2678 in
227 2621 300 2680 duas
314 2630 413 2699 partes
429 2624 532 2682 divisi:
555 2627 670 2701 priori
694 2633 795 2700 parte
819 2625 943 2700 expedio
960 2625 1223 2683 demonstrationes
1239 2624 1451 2683 theorematum

81 2709 285 2785 generalium,
308 2712 357 2767 uhi
375 2710 439 2786 lege
456 2713 564 2770 usitata
581 2711 802 2784 mathematicis,
826 2715 995 2787 praesertim
1014 2711 1138 2785 Euclidi,
1156 2711 1326 2785 Apollonio,
1351 2711 1451 2770 Theo·
1531 2724 1537 2729 ·

81 2797 189 2869 dosio,
212 2795 379 2871 Barlaamo,
403 2798 584 2871 Ptolemaeo,
609 2802 764 2875 praemitto
788 2799 971 2857 definitiones
995 2807 1023 2858 et
1047 2808 1187 2870 assumta,
1212 2815 1289 2873 pono
1313 2801 1450 2875 proposi·
1533 2854 1536 2861 .

79 2887 187 2943 tiones
211 2882 387 2960 easdemque
410 2896 510 2961 repeto
534 2889 562 2944 in
588 2908 842 2964 προπαρασκευαις
863 2887 998 2945 literariis
1014 2886 1051 2944 acl
1069 2887 1186 2945 schema
1202 2885 1449 2959 accommodatis;

81 2982 154 3031 turn
179 2969 354 3029 demonstro.

200 3056 298 3117 Habet
324 3059 398 3118 haec
429 3076 474 3117 res
506 3058 635 3135 aliquam
664 3059 871 3119 obscuritatem
902 3059 981 3136 apud
1011 3060 1148 3119 lectorem
1178 3060 1449 3119 mathematicarum

85 3143 373 3204 demonstrationum
399 3149 577 3221 imperitum,
611 3165 699 3222 quam
730 3157 878 3223 praestare
901 3165 958 3205 non
982 3165 1119 3224 possum:
1150 3147 1221 3205 illud
1247 3159 1355 3207 certum
1380 3149 1450 3205 mihi

86 3238 147 3302 est,
171 3235 222 3307 qui
238 3232 388 3308 Apollonii
406 3229 656 3309 Corriea,'quippe
677 3235 769 3292 multo
785 3234 948 3292 difficiliora
963 3234 1017 3305 his,
1042 3233 1224 3306 intellexerit,
1250 3234 1331 3293 illum
1349 3239 1377 3292 in
1396 3235 1450 3293 buc

85 3320 187 3394 prima
209 3330 292 3395 parte
313 3320 400 3396 plane
423 3320 495 3378 nihil
518 3320 738 3380 haesitatorem.
778 3322 841 3380 Scit
857 3325 932 3381 enirn
950 3322 1008 3394 ille,
1033 3338 1090 3380 nou
1107 3339 1193 3397 posse
1210 3339 1327 3382 sensum
1343 3323 1450 3396 hujus-

87 3405 170 3462 nrodi
202 3410 437 3483 propositionum
467 3407 806 3483 demonstrationumque
835 3411 965 3467 cursoria
992 3410 1117 3468 lectione
1139 3412 1265 3487 percipi,
1299 3409 1349 3467 sed
1376 3426 1450 3484 opus

91 3510 159 3551 esse
182 3494 284 3553 crebra
306 3495 487 3554 schematum
512 3498 699 3571 inspectione,
724 3496 882 3565 literarum,
906 3514 980 3571 quas
1004 3504 1101 3553 textus
1117 3497 1243 3569 exhibet,
1270 3498 1297 3552 in
1314 3496 1450 3554 saltema-

90 3580 170 3638 tibus
193 3582 381 3656 inquisitione
404 3589 560 3656 textusque
582 3584 769 3658 repetitione:
794 3585 895 3657 itaque
918 3584 1111 3658 voluptatem,
1136 3601 1222 3659 quarn
1246 3587 1323 3658 parit
1344 3583 1448 3640 horum

90 3668 265 3743 scriptorum
288 3668 394 3742 lectio,
418 3686 476 3726 non
500 3687 535 3728 ex
560 3671 708 3728 celeritate
732 3672 941 3746 perceptionis,
975 3680 1007 3727 ut
1031 3674 1192 3728 orationum
1218 3682 1247 3729 et
1269 3676 1449 3744 poematum,

92 3753 145 3812 sed
177 3771 212 3812 ex
244 3755 416 3814 certitudine
447 3758 489 3815 rei
519 3762 548 3814 et
576 3759 695 3832 ingenio
727 3762 854 3816 auctoris
884 3776 947 3816 esse
974 3759 1131 3833 petendam
1159 3767 1188 3816 et
1211 3758 1456 3834 exspectandam:

93 3839 180 3900 Haec
202 3843 291 3916 igitur
313 3851 357 3901 est
379 3844 472 3920 prima
493 3842 585 3902 libelli
609 3861 685 3919 pars.

198 3928 375 3987 Secunda
397 3947 485 4006 pars
508 3931 609 3989 eadent
632 3932 690 3990 lere
710 3930 848 3989 methodo
865 3932 1005 3989 instructa
1024 3939 1068 3990 est
1084 3948 1143 4006 qua
1157 3932 1244 4006 prior.
1283 3931 1355 3988 Cum
1372 3933 1448 3989 eninr

93 4017 133 4072 sit
154 4014 383 4075 demonstranda
406 4016 531 4076 altitudo
554 4025 583 4076 et
598 4021 711 4093 integer
726 4019 864 4093 traJeetus
879 4021 964 4076 unius
981 4027 1112 4077 cometae
1129 4017 1293 4092 singularis,
1319 4030 1449 4076 assumta

93 4118 212 4177 quoqne
242 4103 403 4180 singularia
429 4105 643 4179 praemittenda
671 4106 795 4163 luerunt.
841 4105 1037 4164 Theoremata
1068 4104 1185 4181 quidem
1215 4107 1326 4180 primae
1357 4106 1447 4178 partis
1478 4132 1481 4139 ·

92 4192 225 4247 serviunt
248 4191 278 4247 in
300 4200 383 4267 parte
405 4191 535 4250 secunda
558 4209 610 4267 pro
634 4193 847 4265 axiomatibus,
872 4194 970 4267 itaqua
993 4211 1051 4251 non
1076 4210 1150 4269 opus
1172 4193 1226 4250 luit
1242 4192 1294 4249 illa
1310 4194 1338 4248 in
1355 4192 1447 4250 trente

91 4279 200 4353 repeti,
223 4283 288 4336 tota
310 4281 388 4338 enim
410 4296 478 4354 pars
499 4280 578 4355 prior
600 4282 629 4336 in
651 4280 745 4337 fronte
769 4278 913 4337 collocata
936 4289 980 4338 cst
999 4281 1075 4356 parti
1090 4279 1184 4337 alteri.
1225 4280 1363 4336 Assumta
1378 4295 1447 4336 vero

91 4363 263 4440 singularia,
287 4382 364 4440 quae
387 4374 516 4426 cometas
538 4374 654 4425 nostros
677 4368 810 4438 attinent,
834 4376 903 4424 sunt
925 4384 1024 4425 eorum
1041 4364 1271 4426 observationes.
1310 4365 1374 4423 Has
1391 4368 1447 4440 igi-

92 4458 140 4508 tur
162 4451 241 4509 alius
262 4452 357 4511 nudas
379 4454 534 4529 posuisset,
558 4461 590 4511 ut
613 4456 739 4531 speciem
764 4462 959 4512 assumtorum
982 4457 1046 4529 ipsa
1067 4455 1154 4512 etiam
1170 4453 1313 4511 brevitate
1329 4469 1447 4528 reprae-

96 4544 261 4597 sentarent:
285 4555 340 4616 ego
362 4541 393 4597 in
416 4548 531 4598 cometa
545 4543 614 4598 anui
634 4542 725 4599 1607.
750 4539 836 4598 simul
859 4558 954 4600 meam
977 4541 1073 4612 fidem,
1099 4539 1185 4598 simul
1210 4540 1447 4597 observationum
1548 4568 1558 4599 .-

95 4624 292 4684 conditionem
315 4626 524 4700 declaratums,
547 4627 698 4686 historiam
723 4628 960 4686 observationum
981 4638 1009 4687 et
1025 4629 1257 4687 circumstantias
1272 4628 1367 4702 posui,
1392 4628 1447 4685 ad-

95 4710 153 4770 dito
177 4712 307 4786 calculo,
332 4732 391 4789 quo
414 4715 635 4774 observationes
658 4714 695 4772 ad
720 4723 813 4774 certos
837 4714 989 4790 eclipticas
1012 4715 1119 4791 gradus
1142 4713 1361 4787 reducerentur,
1384 4722 1445 4771 turn

99 4797 214 4857 demum
238 4802 323 4876 posui
348 4801 588 4861 observationum
611 4801 776 4878 catalogum
801 4805 829 4858 in
854 4801 971 4861 tabella.
1018 4805 1059 4861 At
1075 4810 1251 4861 cometarum
1266 4804 1334 4860 anni
1355 4801 1444 4859 1618.
1509 4884 1513 4889 Ι

1187 4905 1237 4963 4ὓ
