3284 5520
138 339 205 406 284
616 344 647 399 In
665 343 879 416 Hyperaapistcn
898 342 1011 416 Kepleri

140 515 214 585 (dli,
234 520 303 571 2284
322 515 382 586 etc.)
406 534 460 568 esse
476 520 640 582 legarithmoa
658 523 772 589 sinuum,
798 523 946 586 posteriores
969 535 1027 570 vero
1046 518 1160 586 (rubeta
1178 516 1236 586 etc.)
1255 533 1309 570 esse
1326 516 1493 582 logarithmoa

140 591 239 639 sinuum
259 589 503 653 comprehensorum,
522 605 584 654 quos
603 592 664 642 dicit
682 592 804 656 Keplerus
824 593 1084 653 „antilogarlthmos“.

244 657 290 722 18)
310 662 377 723 [pag.
397 663 468 722 110]Ι
505 660 691 711 claromontius
715 664 856 725 respondit:
880 663 917 711 'l'u
942 663 1004 710 mihi
1028 675 1136 711 mearum
1154 658 1260 708 landum
1275 663 1372 721 justam
1391 669 1494 705 causam

139 731 256 795 praebes;
275 732 335 779 licet
353 733 419 780 enim
438 746 468 780 ex
486 730 618 781 Plutarcho
638 747 664 781 se
682 733 801 782 adversus
820 730 1021 781 calumniatorem
1033 731 1146 780 laudare.
1181 731 1233 791 Ego
1246 743 1301 778 sum
1313 727 1493 777 autodidactoe

141 806 316 865 praeterquam
336 802 361 849 ln
379 804 545 861 grammatica
564 805 589 851 ln
611 804 678 851 omni
697 804 804 852 scientia
822 810 846 851 et
864 803 945 867 credo,
963 817 1002 850 me
1020 801 1205 850 intellecturum
1224 801 1301 848 inisse
1319 798 1495 861 probationem

139 868 274 933 Tychonis,
292 873 313 919 si
326 872 379 919 ulla
392 873 493 938 lirisset;
513 878 540 921 at
558 871 630 922 nulla
648 878 686 921 cst
704 880 728 921 et
746 879 773 921 tu
787 879 832 923 tua
850 872 969 934 indagtm
982 873 1139 921 manifestius
1152 872 1229 920 iacies
1241 883 1291 918 non
1305 883 1367 930 esse,
1387 866 1414 915 ld
1428 865 1495 928 quod

143 953 187 1000 ego
214 941 351 990 modestius
376 942 464 1003 ncgavl
490 957 549 991 esse.
585 943 639 991 lion
663 944 769 991 multum
792 943 886 992 laboris
910 944 1017 991 arbitror
1038 942 1176 991 iusumsisti
1200 943 1226 988 in
1244 941 1293 988 isto
1313 939 1496 1001 Hyperaapiate

141 1011 321 1069 construendo:
350 1026 405 1059 cunr
425 1013 491 1059 eninr
509 1015 536 1061 in
555 1028 583 1062 eo
601 1027 688 1076 parum
707 1014 847 1066 doctrinae.
872 1012 977 1061 multum
996 1010 1124 1076 lailaciae,
1151 1013 1286 1072 plurimum
1304 1008 1497 1058 maledicentiae

139 1083 261 1145 posueris,
281 1081 313 1129 ad
331 1087 462 1146 utramque
480 1082 566 1132 harum
585 1078 749 1146 posteriorum
768 1100 794 1133 es
813 1089 900 1146 tuapte
918 1088 1009 1131 natura
1022 1088 1047 1130 et
1057 1083 1111 1144 jugi
1124 1081 1283 1129 institutione
1296 1079 1386 1143 faetus,
1407 1082 1497 1139 sponte

137 1152 235 1212 jurgia,
255 1156 342 1215 sponte
361 1155 464 1200 technae
482 1151 569 1202 fluunt.
606 1152 674 1202 Nihil
692 1168 722 1204 ex
742 1159 766 1202 to
786 1154 861 1203 didici
882 1153 1006 1202 discamus
1026 1154 1050 1200 ln
1072 1158 1125 1199 toto
1144 1153 1191 1200 hoc
1209 1164 1296 1213 opore,
1320 1150 1370 1197 nisi
1389 1148 1497 1195 multam

139 1222 286 1282 patientiam
309 1223 334 1269 in
358 1221 460 1269 ferendo
482 1223 644 1286 impotentem
667 1225 779 1285 lingnam
802 1229 880 1274 tuam.
916 1223 1048 1289 Nunquam
1066 1222 1120 1270 ridi
1138 1220 1294 1281 Tychonem,
1319 1230 1451 1284 nunquam
1470 1218 1497 1266 ln

141 1289 275 1339 Germania
293 1297 375 1340 restra
393 1293 437 1351 lari,
457 1294 534 1342 multo
552 1296 635 1342 minus
653 1294 679 1341 in
699 1294 789 1345 Dania.
808 1307 854 1342 neo
872 1294 960 1342 litatae
979 1307 1088 1357 uuquam
1100 1293 1166 1340 inter
1178 1304 1224 1339 nos
1236 1291 1408 1338 intercessere.
1438 1286 1498 1336 Ho-

140 1373 202 1408 noro
228 1363 274 1409 viri
294 1361 444 1411 nobilissimi
463 1364 545 1411 strrdia
565 1365 690 1411 literarum
710 1368 735 1411 ct
752 1365 777 1412 in
798 1364 950 1413 astronomia
968 1363 1118 1411 illustranda
1137 1368 1254 1423 conatus,
1277 1364 1303 1408 at
1319 1370 1451 1421 nunquam
1470 1362 1499 1405 nt

142 1430 280 1491 discipulus
297 1433 450 1492 magistrum.
488 1434 549 1493 Ejus
569 1437 647 1482 libros
665 1436 710 1498 qui
729 1439 829 1482 exstant
847 1434 907 1497 vidi,
926 1434 1013 1497 aliqua
1031 1435 1113 1481 minna
1131 1433 1250 1495 probari,
1277 1442 1382 1492 quorum
1401 1435 1500 1490 partem

141 1514 197 1547 sum
215 1501 240 1547 in
260 1503 428 1563 Antitychone
448 1510 631 1568 prosequutus,
655 1511 751 1566 partera
770 1505 797 1552 iu
815 1506 896 1566 primo
916 1510 940 1552 et
958 1503 1066 1551 secundo
1086 1503 1150 1550 libro
1169 1501 1200 1549 de
1218 1501 1298 1549 tribua
1316 1501 1390 1548 noris
1409 1498 1500 1560 stellis,

139 1572 184 1634 qui
202 1568 311 1619 absoluti
328 1575 379 1633 jam
398 1576 549 1638 sesquianno
567 1580 725 1639 premuntur;
755 1576 848 1635 objicio
867 1575 1013 1636 petitionem
1032 1573 1164 1635 principii,
1193 1571 1238 1619 ubi
1257 1585 1285 1618 ea
1303 1570 1414 1634 eruitur,
1433 1581 1500 1633 quo-

143 1641 212 1689 niam
232 1641 258 1689 id
276 1644 389 1703 exposcit
407 1644 499 1692 candor
517 1644 705 1706 philosophicus
724 1644 755 1691 arl
774 1644 941 1693 defensionem
960 1644 1079 1692 veritatis.
1115 1642 1170 1692 Jam
1189 1645 1216 1689 tu
1236 1638 1350 1696 orande.
1375 1653 1417 1688 ma
1434 1636 1500 1686 falso

143 1723 196 1759 eam
215 1710 255 1759 hic
274 1719 358 1761 notam
377 1714 426 1773 ipsi
444 1714 601 1777 imposuisse.

246 1777 292 1846 19)
312 1784 379 1845 [pag.
393 1784 464 1844 2101.
496 1782 692 1832 claromontius:
711 1782 907 1847 Consequentlas
924 1785 1004 1833 nactis
1023 1796 1067 1845 pro
1086 1786 1130 1830 tuo
1143 1782 1256 1842 arbitrio,
1275 1778 1318 1828 sed
1336 1792 1383 1841 pro
1402 1778 1500 1827 mathe-

139 1851 232 1898 matica
249 1854 397 1901 necessitate
415 1867 576 1917 nequaqnam
595 1855 775 1918 consequentia
791 1868 849 1902 vera
868 1858 893 1901 et
910 1855 1047 1903 necessaria
1065 1859 1109 1917 est,
1129 1853 1151 1899 si
1164 1852 1207 1901 00
1221 1852 1301 1910 major
1313 1851 1348 1897 sit
1360 1862 1436 1912 quam
1453 1845 1501 1895 th

141 1926 165 1967 et
182 1924 306 1981 ponantur
325 1922 378 1986 00,
397 1922 440 1969 Lli
456 1924 582 1988 aequales,
600 1924 647 1971 erit
663 1923 710 1970 ΒΜ
730 1925 810 1972 ιιιὶιιοι
828 1937 904 1985 quam
918 1923 967 1981 ini,
985 1938 1034 1971 non
1054 1928 1137 1969 autem
1156 1923 1177 1969 sl
1191 1922 1242 1986 GO,
1261 1919 1304 1968 nn
1317 1926 1376 1968 snut
1392 1917 1502 1983 ailquid,

141 2003 198 2049 ergo
218 1989 261 2037 LN
280 1994 358 2051 major
377 2006 453 2054 quam
473 1993 529 2053 th,
548 1998 607 2041 sunt
625 1993 690 2041 enim
710 1994 761 2056 00,
781 1992 823 2041 Lli
842 1993 940 2058 aliquid
953 1998 977 2042 et
990 1994 1043 2057 GO,
1062 1991 1108 2040 th
1122 1989 1247 2057 aequales,
1267 1989 1435 2038 eruntadhuc
1450 1986 1501 2053 LN,

141 2059 188 2106 ΒΜ
207 2059 327 2124 aequales
346 2065 371 2110 et
383 2068 465 2111 tamur
478 2063 530 2127 GO,
550 2063 592 2111 LN
604 2063 711 2128 aliquid,
731 2063 774 2111 scd
787 2064 863 2127 dices,
883 2069 908 2111 at
921 2063 973 2121 00,
991 2064 1046 2117 Lbl.
1064 2060 1204 2124 parallaxes
1218 2063 1243 2108 in
1256 2060 1386 2124 inaequali
1401 2059 1502 2107 distan-

140 2131 177 2177 tia
194 2130 304 2179 locorum
323 2145 438 2180 verarum
456 2146 470 2180 a
489 2134 580 2182 vertice
599 2148 648 2181 non
668 2140 770 2196 possent
789 2147 841 2181 esso
860 2135 986 2197 aequales.
1023 2134 1116 2184 Omitto
1135 2132 1291 2179 subtiliorem
1310 2130 1502 2191 responsionem

142 2205 167 2247 et
183 2201 277 2262 recipio
295 2201 446 2259 iacillorem3
471 2203 517 2251 Lbl
540 2202 674 2265 peculiaris
698 2206 779 2251 minor
802 2217 861 2251 sane
885 2218 939 2252 esse
964 2203 1064 2251 deberet
1087 2199 1210 2264 parallaxi
1230 2200 1287 2252 00.
1313 2201 1362 2247 nisi
1382 2198 1502 2248 retractio

141 2272 220 2330 major
238 2272 264 2318 in
284 2271 404 2320 distantia
422 2287 437 2320 a
455 2275 547 2321 vertice
565 2277 657 2334 majore
676 2271 725 2337 ZO,
746 2287 821 2333 quam
839 2276 866 2321 in
885 2273 1006 2322 distantia
1025 2275 1118 2321 minore
1137 2269 1294 2336 Zhl,·magis
1313 2269 1451 2319 retraheret
1470 2267 1502 2316 ad

139 2341 258 2388 verticem
283 2340 389 2406 ideoque
414 2349 585 2404 compensaret
603 2357 730 2391 excessum
750 2341 898 2405 parallaxis,
923 2346 984 2407 quin
1005 2344 1054 2391 imo
1072 2341 1135 2390 iacit
1151 2342 1270 2389 minorem
1290 2339 1334 2389 00
1353 2352 1431 2404 quam
1452 2336 1502 2386 alt

141 2424 172 2458 ex
190 2409 315 2475 Tychone,
335 2418 360 2459 at
379 2412 472 2460 srritieit
489 2415 515 2461 lu
534 2415 677 2476 praesentia
695 2414 845 2477 aequalitas.

245 2479 302 2529 Mos
321 2481 456 2542 parallaxis
475 2490 520 2545 est,
539 2489 567 2531 ut
586 2482 635 2530 ΒΜ
654 2484 687 2530 slt
705 2486 786 2531 miuor
798 2496 874 2546 quanr
888 2482 940 2544 00,
960 2483 1008 2530 nisi
1023 2487 1164 2545 compenset
1177 2480 1301 2544 retractio,
1320 2485 1347 2526 at
1359 2491 1410 2526 non
1423 2478 1503 2526 habet

140 2549 206 2597 hunc
224 2564 316 2599 morem
335 2553 477 2614 parallaxis,
497 2559 525 2601 ut
542 2555 565 2603 si
583 2551 637 2610 ΖΜ,
656 2552 699 2601 ΖΝ
715 2555 767 2601 sint
779 2555 905 2616 aequales,
925 2552 967 2618 hii
980 2554 1013 2600 sit
1025 2553 1097 2617 nihil,
1116 2554 1167 2599 imo
1180 2552 1332 2600 contrarium
1345 2562 1440 2596 morem
1454 2554 1503 2599 eta.

141 2657 147 2668 .
168 2657 173 2669 .
195 2654 202 2669 .
222 2656 228 2668 .
247 2620 302 2668 lion
323 2636 379 2682 ergo
398 2625 522 2691 sequitur:
541 2625 638 2671 invenit
656 2623 742 2684 Tycha
762 2623 816 2688 ΖΝ,
836 2623 881 2670 ΖΜ
900 2620 1031 2686 aequales,
1050 2637 1108 2683 ergo
1127 2622 1202 2669 etiam
1220 2620 1283 2685 NL,
1301 2619 1348 2666 ML
1368 2615 1502 2681 aequales,

141 2701 206 2750 quae
225 2695 307 2738 tamen
328 2697 366 2739 est
384 2688 486 2754 liapleri
505 2694 693 2758 consequentia.
731 2695 766 2741 At
782 2697 834 2755 jam
854 2693 997 2741 demonstro
1016 2708 1069 2754 ego,
1088 2706 1142 2741 ease
1161 2691 1213 2751 00,
1232 2690 1275 2738 NL
1294 2689 1399 2754 aliquid,
1419 2688 1447 2736 ld
1466 2695 1504 2736 eat

141 2765 201 2807 sunt
218 2772 291 2809 arcus
311 2767 336 2810 et
354 2775 403 2810 non
423 2765 524 2812 unicum
543 2768 672 2825 punctum.

245 2829 290 2895 20)
309 2832 379 2893 [pag.
398 2835 469 2893 2131.
506 2832 692 2882 claromontius
710 2835 736 2880 iu
757 2831 914 2894 „apologiae
934 2834 1025 2895 repetit
1043 2846 1083 2891 ea,
1108 2846 1172 2896 quae
1190 2833 1216 2879 in
1237 2828 1441 2890 „Antltychone“
1462 2827 1503 2875 di·

142 2903 220 2959 xerat,
240 2910 265 2949 et
277 2901 316 2949 his
329 2900 440 2964 Keplero
452 2905 594 2966 respondit:
614 2904 736 2965 liepierus
749 2908 829 2950 totum
842 2904 889 2950 hoc
903 2904 1015 2967 injurias,
1034 2903 1134 2966 probra,
1154 2902 1221 2960 odia,
1239 2901 1407 2949 hostilitatem
1420 2899 1502 2947 inter-

144 2974 259 3032 pretatur
276 2972 460 3036 impotentiqne
478 2975 605 3022 invectiva
623 2974 649 3020 in
669 2988 708 3021 me
727 2972 906 3037 debacchatur,
931 2986 1002 3020 arma
1019 2987 1099 3037 usque
1117 2973 1243 3020 concitare
1261 2973 1343 3018 tentat
1361 2973 1386 3015 et
1405 2969 1503 3016 bellurn

142 3053 157 3086 a
171 3038 273 3088 Brahels
286 3042 469 3092 interminatur.
502 3045 536 3091 At
547 3041 694 3103 illegitimus
707 3040 804 3090 ieolalis
816 3048 892 3107 atque
908 3056 997 3104 expers
1010 3044 1091 3091 omnis
1104 3041 1300 3100 monomachiae,
1314 3052 1391 3101 penes
1402 3038 1504 3086 nabiles

143 3107 204 3157 olim
224 3109 389 3173 frequentiori
407 3113 433 3159 lu
452 3127 513 3172 usu,
539 3126 617 3172 nugas
643 3112 719 3160 blatit
736 3112 924 3172 interpretando
944 3113 1010 3160 dicta
1029 3127 1086 3160 mea
1102 3114 1129 3160 in
1148 3112 1291 3172 Tychonem
1310 3114 1338 3155 ut
1357 3105 1444 3155 duello
1463 3108 1504 3155 rei

142 3179 274 3240 purganda
291 3182 331 3229 rel
349 3183 502 3235 ulciscenda.
537 3180 587 3231 Par
605 3189 671 3246 erat,
691 3189 719 3230 ut
737 3181 893 3246 turpiloquio
912 3184 986 3230 etiam
1005 3181 1191 3247 stultiloquium
1209 3181 1368 3241 adiungeret:
1395 3178 1418 3226 sl
1436 3191 1502 3243 quaa

141 3249 347 3309 Langobardicae
366 3250 433 3312 leges
451 3252 481 3301 de
499 3254 545 3302 hae
563 3267 648 3315 pugna
667 3254 803 3316 sanxerint,
823 3253 844 3299 sl
861 3266 926 3316 quae
939 3253 1014 3314 paulo
1028 3255 1152 3301 efferatius
1165 3253 1244 3299 secuti
1256 3255 1343 3312 postea
1355 3250 1501 3312 scriptores,

142 3316 199 3367 ltali
224 3323 386 3381 praesertim,
414 3324 559 3385 scripserint
582 3323 701 3383 vidisset,
729 3336 777 3370 non
803 3336 863 3370 sane
889 3324 950 3370 hacc
969 3324 1107 3371 eiiutiisset.
1144 3324 1198 3382 Ego
1218 3320 1362 3380 Tychonem
1381 3313 1502 3380 sibiipsi

141 3389 281 3446 addictum.
300 3404 350 3439 non
369 3392 428 3439 aliia
452 3393 519 3445 diri:
541 3393 695 3455 crediderim,
715 3392 739 3439 id
760 3406 812 3440 esse
828 3390 905 3440 laudi.
938 3390 1099 3457 Consequens
1113 3398 1157 3451 est,
1177 3398 1205 3439 ut
1223 3391 1319 3438 alienae
1338 3393 1423 3436 sectae
1442 3385 1501 3450 pla-

143 3460 208 3524 cita,
228 3474 290 3508 suae
307 3464 488 3523 repugnantia.
508 3466 597 3511 acriter
614 3462 792 3523 reprehendet:
820 3475 883 3525 qnae
903 3467 940 3510 est
959 3477 989 3510 ea
1006 3463 1117 3523 injuria?
1146 3465 1179 3510 At
1197 3475 1250 3509 esse
1268 3460 1456 3507 inconstantem
1474 3459 1502 3506 ln

142 3531 194 3577 suis
214 3531 378 3592 opinionibus
399 3538 424 3579 ct
441 3530 544 3591 iussim,
570 3534 627 3597 quis
650 3546 699 3579 non
724 3533 830 3592 objiciat
847 3535 987 3580 contrariae
1006 3533 1123 3581 iectionis
1143 3531 1325 3592 scriptoribus?
1354 3528 1394 3575 An
1412 3526 1501 3589 philo·

142 3599 268 3660 sophandi
286 3602 388 3649 libertas
408 3603 473 3650 intra
492 3605 568 3651 unius
587 3603 712 3663 Tychonis
730 3603 826 3664 placita
844 3604 1035 3666 constringitur,
1062 3602 1124 3650 adeo
1143 3609 1169 3650 ut
1189 3603 1233 3665 qui
1251 3601 1282 3647 ab
1302 3613 1329 3647 eo
1349 3598 1450 3645 recedat
1469 3598 1504 3646 sit

140 3670 167 3716 in
186 3666 330 3729 Tychonem
350 3673 465 3735 injurius,
484 3674 517 3719 sit
538 3687 554 3720 a
573 3673 660 3721 ceteris
680 3673 727 3720 riri
745 3673 893 3734 sequacibus
906 3675 982 3720 armis
995 3672 1168 3735 impetendus?
1189 3672 1306 3719 Liberum
1319 3674 1365 3727 est,
1383 3681 1399 3714 a
1412 3671 1502 3729 cujus-

140 3752 190 3802 que
207 3741 332 3788 seutentia
350 3741 463 3791 recedere
482 3756 587 3807 eamque
606 3743 746 3791 libertatern
763 3743 909 3802 praesertim
928 3744 1021 3804 prohat
1032 3743 1134 3803 Tyrciro:
1152 3747 1179 3788 at
1197 3756 1248 3789 non
1262 3739 1401 3789 recedimus
1415 3751 1430 3785 a
1442 3752 1503 3788 een·

140 3809 227 3856 tentiis
253 3811 302 3857 nisi
321 3816 350 3859 ut
368 3826 382 3858 a
400 3812 477 3860 salsis.
515 3814 547 3861 lit
572 3813 638 3861 ials'a
660 3811 830 3873 intelligentia
853 3810 892 3859 rel
911 3826 927 3859 a
946 3812 1062 3860 tarditate
1086 3814 1200 3873 provenit
1225 3811 1263 3858 vei
1287 3811 1320 3858 ab
1339 3806 1504 3867 indiligentia

141 3878 326 3932 considerandi.
352 3887 380 3928 ut
407 3896 462 3929 cnm
479 3883 597 3931 libertate
615 3882 809 3945 philosophandi
825 3885 945 3942 jungatur
967 3885 1090 3931 contrarie
1109 3882 1276 3930 sentientibus
1294 3877 1434 3927 falsitatem
1454 3880 1503 3926 tri-

140 3950 216 3997 buere
241 3955 266 3996 et
289 3948 328 3997 cel
352 3951 496 4000 tarditatem
519 3953 559 4001 vel
583 3954 762 4013 negligentiam
787 3954 813 3999 in
837 3951 1027 4004 considerando.
1065 3951 1146 3999 Multa
1163 3952 1289 4011 ‘lycbonis
1308 3962 1358 3996 non
1376 3950 1459 4010 probo
1479 3953 1505 3996 at

141 4020 167 4066 in
187 4019 219 4066 lis
239 4021 321 4080 ipsum
340 4022 396 4069 ialli
415 4036 496 4070 assero
516 4020 624 4070 stallos
644 4038 689 4070 sua
707 4023 855 4071 auctoritate
874 4020 974 4070 tallere:
1002 4027 1040 4070 est
1064 4024 1110 4072 hoc
1127 4020 1210 4069 laesae
1229 4020 1368 4080 majestatis
1388 4019 1503 4067 crimen?

140 4090 333 4138 Observationes
353 4093 379 4139 in
399 4091 503 4140 dublum
521 4107 596 4141 roco:
623 4107 706 4141 nonne
723 4089 749 4141 id
768 4092 829 4139 mihi
849 4093 1018 4152 impugnatori
1036 4093 1126 4156 liceat,
1151 4106 1181 4139 ox
1207 4091 1356 4138 auctoritate
1373 4087 1505 4148 Tychonls

141 4164 229 4207 contra
247 4163 301 4219 ejus
321 4162 506 4210 observationes
525 4162 652 4220 disserere²
672 4170 696 4211 et
715 4164 762 4210 tibi
782 4163 960 4223 propugnatori
978 4160 1059 4221 liceat,
1079 4176 1121 4209 cas
1134 4176 1178 4223 pro
1194 4162 1305 4223 arbitrio,
1324 4172 1369 4220 pro
1388 4159 1504 4206 auctori·

139 4234 191 4277 tate
208 4236 252 4278 tua
270 4229 349 4279 multo
367 4232 449 4279 acrius
467 4233 664 4294 reprehendere?
683 4234 733 4281 Ubi
751 4246 796 4291 ego
815 4233 993 4279 tumultuarias
1013 4246 1054 4280 eas
1072 4233 1179 4279 uocaui
1197 4231 1247 4279 Ubi
1260 4244 1304 4290 ego
1318 4241 1361 4275 eas
1375 4229 1504 4276 contrario

141 4299 225 4348 studio
244 4314 270 4349 se
289 4301 476 4365 habere'atqne
495 4304 634 4366 oportuerit
652 4302 706 4350 dixi
724 4300 831 4365 ideoque
856 4300 886 4349 de
912 4303 1000 4362 majori
1019 4302 1214 4360 detrabendum,
1239 4301 1328 4347 minori
1347 4298 1504 4362 addendum,

140 4369 217 4433 idque
236 4373 267 4417 ob
286 4372 506 4419 instrumentorum
525 4380 644 4434 peecata,
668 4374 712 4419 ubi
731 4373 835 4431 inquam
854 4385 898 4430 ego
917 4373 956 4419 lta
974 4373 1115 4433 suspicatus
1134 4373 1208 4419 suini
1234 4371 1286 4430 ligo
1306 4383 1336 4416 ex
1356 4368 1425 4416 datia
1445 4366 1503 4428 Ty·

141 4439 227 4488 charris
248 4440 278 4487 de
297 4443 351 4501 ejus
370 4442 585 4490 observationibus
606 4442 707 4500 dubito,
733 4446 760 4489 tu
786 4456 817 4489 ex
841 4446 866 4488 te
884 4443 940 4503 ipso
959 4456 1000 4490 aas
1023 4441 1118 4503 elevas3
1146 4455 1190 4501 ego
1210 4438 1356 4487 auctoritati
1374 4439 1504 4498 'l'ychonls

141 4512 312 4558 auctoritatam
331 4510 457 4570 'lychonis
475 4525 583 4576 oppono,
601 4519 628 4560 tu
649 4515 702 4573 ejus
720 4511 864 4560 auctoritati
882 4513 1059 4560 auctoritatem
1078 4517 1147 4561 tuam
1166 4511 1307 4574 praeponis.

245 4594 293 4651 211
312 4598 381 4657 [pag.
400 4598 470 4656 ilbi.
509 4596 705 4646 Glaramontiua:
723 4599 918 4647 Oartiticlosam
938 4599 976 4646 sni
994 4595 1178 4646 laudationem!
1198 4595 1335 4646 Oinddam
1347 4594 1504 4644 institutoria

142 4670 166 4713 et
192 4666 300 4714 doctoris
323 4669 363 4714 sui
388 4667 585 4729 depressionemi
613 4669 699 4728 Tycha
724 4669 808 4732 quoad
833 4668 897 4714 vixit
916 4674 1048 4716 contentus
1068 4669 1115 4715 tuit
1133 4666 1242 4728 simplici
1260 4664 1327 4715 Solis
1346 4667 1503 4729 eccontrico3

142 4734 324 4785 suidcienterne
342 4751 373 4785 an
391 4737 589 4787 insufficienter?
615 4738 810 4787 insufficienter:
835 4738 973 4787 diminutus
998 4752 1054 4798 ergo
1074 4739 1175 4803 Tych03
1200 4743 1226 4783 at
1244 4741 1375 4785 contentus
1395 4735 1447 4784 mit
1466 4750 1504 4800 eo,

142 4806 290 4873 quantisper
308 4806 340 4857 de
357 4804 411 4857 aulo
429 4807 488 4859 Sole
507 4810 640 4870 agebatur:
666 4810 765 4870 ineptus
784 4822 841 4870 ergo
859 4808 961 4870 Tycha,
983 4809 1029 4873 qul
1047 4814 1157 4870 systema
1175 4805 1282 4859 coeleste
1301 4820 1332 4855 ex
1350 4807 1427 4855 unlus
1446 4804 1504 4870 pla·
