3284 5520
189 328 256 399 570
656 332 700 387 Ex
717 332 946 402 Ephcmeridibas
963 331 1084 403 chlcri.

190 509 271 571 ducit
299 509 336 570 ad
366 509 639 587 prosthaphaercsin
663 514 837 574 tractatione
859 518 1029 590 tangentum
1053 518 1083 572 et
1104 512 1237 584 sinuum,
1267 526 1357 589 posse
1381 510 1471 571 etiam
1491 527 1535 587 per
1641 494 1642 503 ¹

190 597 463 673 mesologarithmos
486 599 612 659 absolvi.
651 598 738 675 Quod
760 604 849 678 igitar
871 602 982 660 exstitit
1005 604 1050 658 vir
1071 602 1248 677 praecipuae
1270 598 1428 675 dignitatis
1450 597 1536 658 eccle·

188 687 333 759 siasticas,
357 685 458 745 Ludo
468 689 572 746 ricus
595 688 840 762 Barbavaria,
864 689 1030 749 matheseos
1046 688 1265 747 amantissimus
1278 693 1308 747 et
1323 686 1436 763 ingenii
1452 684 1536 745 lelici-

189 779 250 833 tate
272 790 330 832 noa
355 775 449 832 minas
473 792 562 849 quam
584 774 717 834 laborum
740 777 895 837 tolerantia
918 793 971 853 par
992 775 1061 834 huic
1083 777 1230 848 exercitio,
1254 775 1306 851 qai
1330 780 1538 833 commentato·

188 877 250 921 rem
278 868 377 936 agera
407 860 495 938 hujus
525 864 582 922 mei
614 864 789 941 paragraphi
812 881 932 940 remque
955 867 1065 940 ipsam,
1095 880 1183 939 quam
1206 880 1261 938 ego
1283 861 1423 921 sulficere
1444 861 1537 937 putari

190 949 329 1022 innuisse,
352 948 467 1024 prolixa
489 952 694 1027 praeceptione
717 954 746 1009 iu
769 960 902 1028 apertum
927 957 1101 1027 exponeret;
1124 948 1268 1026 siquidem
1289 948 1424 1025 publicis
1446 948 1539 1007 usibus

190 1037 315 1113 scripsit,
338 1039 464 1111 gratiam
486 1044 516 1096 et
530 1057 549 1097 a
564 1056 611 1097 me
634 1037 755 1097 habebit
777 1047 806 1099 ct
821 1057 839 1097 a
855 1038 1125 1098 mathematicorum
1141 1054 1258 1114 genere,
1281 1038 1329 1096 sin
1351 1043 1465 1109 autern,
1486 1036 1539 1111 pri·

190 1125 281 1181 vatim
295 1124 425 1183 scribens
441 1123 479 1183 ad
495 1124 661 1197 Caesarem,
684 1124 833 1185 dominum
848 1144 954 1199 ineam,
973 1125 1054 1185 aliud
1069 1124 1181 1201 aliquid
1195 1141 1283 1201 agere
1298 1123 1408 1197 voluit,
1433 1124 1537 1182 renam

188 1226 248 1269 non
270 1211 341 1269 mihi
363 1211 415 1271 aed
438 1212 494 1271 sibi
516 1214 579 1288 ipse
602 1212 692 1285 dabit,
716 1216 741 1271 si
764 1216 792 1273 in
816 1231 851 1273 eo
874 1232 920 1273 mc
943 1214 1076 1290 adjutore
1098 1229 1157 1271 non
1173 1219 1218 1272 est
1231 1229 1304 1271 usus
1317 1218 1353 1282 (r.
1367 1232 1390 1269 s.
1403 1234 1433 1282 p.
1442 1214 1537 1277 toust

189 1296 319 1357 Primum
341 1308 429 1373 atque
445 1299 599 1360 Bartschio
613 1317 727 1361 mecum
743 1303 880 1361 convenit
893 1317 981 1378 snper
994 1300 1121 1360 editione
1137 1298 1374 1377 Ephemeridum,
1399 1298 1538 1375 optionem

190 1560 320 1619 Tablngee
338 1561 385 1610 hoc
403 1565 528 1610 momento
546 1561 613 1609 vidit
636 1556 656 1625 ῼ
681 1563 755 1624 quasi
774 1565 821 1611 sub
848 1563 906 1629 Ν
943 1561 1072 1610 Prodeant
1099 1566 1121 1620 ,t
1145 1558 1215 1620 lang,
1235 1558 1283 1608 15⁰
1300 1558 1345 1609 31¹
1365 1555 1423 1608 12'¹
1441 1558 1481 1621 ltp,
1497 1558 1535 1607 tat

191 1629 220 1681 1⁰
240 1627 282 1680 id'
300 1636 373 1695 sept,
398 1627 418 1696 ῼ
442 1630 510 1691 long.
530 1632 578 1681 15⁰
598 1632 641 1681 ‘27¹
661 1630 712 1681 14⁴¹
731 1634 772 1711 ΠΡ,
790 1634 834 1683 lat.
855 1638 884 1688 1⁰
904 1632 947 1683 1o¹
965 1634 1028 1695 sept.
1064 1632 1105 1681 Ad
1124 1634 1184 1678 haec
1203 1633 1288 1677 monet
1306 1626 1452 1693 Kspleras:
1476 1622 1495 1689 ῼ
1515 1624 1536 1677 4’

189 1704 253 1753 ante
280 1702 302 1763 (ς
331 1698 488 1752 invenimus.
519 1698 576 1753 Nec
595 1706 637 1753 cst
654 1714 758 1752 erronei
776 1701 872 1757 calculi
891 1698 1018 1753 indicium
1035 1697 1141 1752 tantula
1158 1696 1351 1764 discrepantia,
1369 1694 1440 1764 quia
1475 1694 1536 1747 otius

191 1782 224 1822 ca
241 1767 350 1825 videtur
366 1770 401 1823 ah
420 1768 595 1822 observatore.
607 1768 767 1823 confirmari.
797 1771 870 1827 Dicit
883 1770 962 1837 enim,
981 1783 1010 1821 se
1023 1768 1166 1822 discrimen
1178 1763 1406 1821 animadvertisse
1417 1710 1536 1827 cossrun,

189 1836 263 1893 rutili
281 1841 308 1893 in
335 1849 359 1909 (ς
387 1845 415 1892 et
432 1838 506 1891 aarei
525 1838 551 1891 in
579 1837 620 1905 ῼ,
638 1838 754 1907 indeque
772 1843 957 1909 conjecturam
975 1838 1034 1907 capi
1052 1840 1173 1907 potuisse
1190 1836 1288 1891 Martis
1307 1850 1397 1904 supra
1414 1835 1536 1889 Venerem
1637 1855 1642 1876 ι

190 1916 317 1964 acentro
336 1910 436 1963 Terrae
453 1907 560 1977 longius
579 1908 689 1976 elevati,
712 1926 772 1963 curn
792 1912 904 1967 Veneris
928 1908 1004 1964 color
1022 1925 1121 1964 uitreas
1139 1914 1225 1961 totam
1243 1906 1301 1960 iere
1318 1904 1422 1960 Martis
1438 1903 1537 1959 rutilam

191 1977 330 2041 deleverit,
349 1979 441 2034 utrix
460 1994 554 2046 parum
572 1978 626 2045 ille,
646 1994 679 2032 cx
699 1995 753 2033 ann
771 1995 807 2033 sc.
828 1992 914 2052 parte,
933 1979 1081 2047 effulgeret.
1113 1977 1197 2047 Atqui
1210 1976 1232 2029 si
1244 1974 1406 2044 conjunctio
1420 1972 1537 2031 centralis

191 2049 299 2105 omnino
316 2048 413 2105 fuisset
431 2049 466 2103 ud
484 2048 570 2103 risum
598 2047 701 2104 nullam
718 2050 793 2104 ratili
812 2053 911 2107 coloris
929 2049 1072 2117 vestigium
1091 2048 1125 2103 dc
1139 2050 1227 2102 hiante
1244 2062 1277 2103 sa
1297 2060 1393 2100 cresse
1405 2044 1539 2115 potuisset

191 2118 293 2203 quippe
311 2120 408 2174 Martis
426 2120 467 2185 (in
485 2118 538 2173 hac
555 2091 712 2188 altitudine,
731 2120 814 2189 duplo
832 2123 891 2178 fere
909 2120 1011 2188 maj0rc
1029 2136 1110 2187 qaam
1128 2117 1255 2185 Veneris)
1272 2062 1410 2170 diamani
1427 2113 1538 2184 corporis

192 2206 302 2245 omnmo
320 2189 407 2244 minor
424 2188 483 2243 tuit.
520 2189 694 2243 Parallaxcos
712 2190 758 2245 hic
776 2193 845 2247 ratio
865 2190 990 2247 habenda
1008 2197 1051 2245 cst
1068 2189 1153 2245 nulla.
1187 2188 1281 2243 Venus
1299 2186 1372 2240 euim
1393 2184 1510 2241 distabat
1525 2200 1540 2237 a

190 2269 284 2317 centro
302 2260 403 2314 Terrae
421 2258 526 2329 longius
544 2276 626 2327 qaam
644 2260 702 2329 Sol,
725 2260 814 2317 indice
840 2264 939 2333 angulo
957 2258 1190 2328 commutationis,
1218 2256 1265 2313 Sol
1282 2271 1348 2313 rsro
1365 2255 1459 2312 locum
1476 2270 1539 2309 com·

191 2336 279 2385 mutat
296 2330 323 2383 in
341 2330 402 2399 ipso
420 2330 560 2385 horizonte
577 2330 644 2384 nihil
662 2329 735 2385 altra
752 2334 786 2388 1¹.

296 2400 451 2455 Admonitio
476 2400 509 2455 dc
533 2399 715 2455 abbreviando
740 2401 792 2457 hoc
816 2402 928 2456 calculo.
964 2401 1099 2456 Reductio
1121 2398 1174 2454 loci
1197 2397 1325 2467 planetae
1350 2393 1497 2451 eccentrici
1517 2398 1541 2447 ct

192 2470 307 2525 curiatio
325 2470 459 2524 intervalli
478 2470 617 2537 (membris
636 2471 667 2535 4,
687 2472 719 2537 5,
738 2474 768 2539 6)
787 2473 946 2541 plerumque
963 2477 1079 2541 possunt
1097 2468 1184 2524 omitti
1201 2476 1230 2523 et
1246 2470 1428 2538 praeceptum
1444 2462 1541 2519 abrulri

192 2556 242 2622 per
266 2539 356 2663 ipsulm
381 2539 470 2664 locpm
493 2540 672 2596 ecceatricam
695 2541 799 2598 orbitae
817 2558 920 2612 perque
937 2542 1027 2611 ipsam
1044 2538 1216 2596 interuallum
1239 2538 1267 2592 in
1289 2535 1388 2592 tabula
1411 2542 1541 2604 repertam

193 2624 307 2679 ejusque
336 2620 423 2680 agant
442 2628 523 2665 mum.

296 2696 409 2751 Praec.
429 2698 489 2753 tut.
519 2696 587 2752 Atia
604 2699 687 2763 ratio,
705 2700 764 2754 siae
782 2698 953 2769 lopuritbmia
970 2696 1148 2767 computandi
1159 2697 1219 2753 loca
1226 2696 1409 2767 planetaria-ra
1419 2692 1540 2763 quinque.

193 2767 368 2822 Manentibus
386 2767 484 2822 ceteris
500 2781 591 2835 praec.
604 2768 665 2823 100.
685 2767 819 2833 membris,
838 2766 957 2821 secundo
974 2768 1095 2821 membro
1108 2766 1263 2835 excerpitur
1273 2762 1447 2819 intervallum
1459 2762 1541 2830 ipsum

192 2836 319 2907 planetas
333 2844 360 2890 et
373 2835 452 2905 Solis,
466 2836 588 2891 similiter
600 2838 681 2892 ctiam
693 2838 863 2892 intervalium
876 2837 964 2905 ipsum
978 2837 1048 2892 Solis
1062 2843 1089 2891 et
1101 2836 1211 2891 Terrae.
1237 2836 1341 2904 Quarto
1352 2831 1476 2887 membro
1488 2846 1541 2886 car-

192 2907 260 2963 tntio
278 2915 406 2975 excerpta
424 2906 603 2961 subscribitur
620 2908 672 2976 ipsi
690 2906 831 2963 intervallo
849 2908 975 2977 planetae
993 2914 1021 2961 ct
1033 2905 1112 2971 Solis,
1131 2914 1159 2959 et
1177 2905 1237 2961 ioco
1256 2902 1490 2973 mesologarithmi
1507 2902 1541 2955 in·

193 2976 345 3032 clinationis
357 2977 513 3045 excerpitur
526 2977 586 3045 ipsa
598 2977 744 3043 inclinatio,
758 2995 819 3033 carn
831 2993 885 3046 qua
901 2977 1062 3034 exscribitur
1074 2991 1108 3029 ex
1121 2990 1223 3029 macne
1237 2976 1343 3030 sinnam
1355 2974 1420 3042 ejas
1432 2971 1542 3041 comple

193 3048 278 3102 menti
301 3056 428 3116 tangens,
453 3046 621 3101 adservanda
642 3065 692 3117 pro
711 3048 864 3102 latitudine.
899 3048 999 3115 Quinto
1018 3047 1137 3102 membro
1156 3045 1248 3113 anguli
1266 3042 1488 3099 commutationis
1506 3055 1542 3094 se

193 3118 282 3171 missis
305 3125 347 3171 cst
371 3117 577 3171 constituendas
600 3118 714 3186 ejusque
738 3118 908 3186 excerpenda
930 3127 1052 3186 tangens.
1089 3116 1185 3170 Totius
1208 3131 1270 3169 vero
1290 3114 1385 3183 angarii
1404 3120 1542 3168 commata·

193 3188 274 3243 donis
298 3188 373 3241 sinas
398 3196 440 3241 cst
463 3188 656 3243 exscribendus
674 3195 702 3243 ct
719 3205 768 3257 pro
787 3188 929 3242 latitudine
947 3188 1140 3242 adservandos.
1177 3186 1259 3239 Sexto
1284 3184 1408 3239 membro
1433 3182 1543 3238 curatio
1581 3194 1622 3211 ⁴·

193 3256 397 3325 multiplicanda
416 3264 459 3311 cst
476 3258 503 3312 in
521 3258 690 3313 intervallum
708 3259 836 3327 planetae
855 3266 882 3312 et
900 3258 978 3321 Solis,
998 3266 1026 3312 et
1043 3256 1141 3322 iactus,
1161 3255 1288 3311 abscissis
1308 3258 1324 3308 a
1342 3253 1455 3320 ultimis,
1475 3250 1623 3305 anie-f

193 3328 293 3383 rendus
317 3330 415 3382 catab
439 3328 589 3384 intervallo.
627 3329 697 3383 Ilaic
721 3337 827 3383 curtato
851 3328 992 3382 interuallo
1011 3326 1209 3393 subjiciendum
1227 3334 1270 3381 est
1288 3324 1461 3379 interuallum
1479 3321 1623 3377 Solis-‘⁵²

194 3408 222 3453 et
240 3399 341 3453 Terrae
359 3398 529 3466 primamque
547 3398 581 3453 ab
600 3415 632 3452 eo
651 3399 876 3461 snlrtrahendam,
902 3398 1000 3453 deinde
1024 3396 1150 3450 addenda
1166 3395 1309 3450 interualla
1327 3396 1354 3447 in
1377 3410 1461 3448 anam
1480 3406 1623 3445 sum-2

194 3485 280 3529 mum;
299 3485 358 3523 curn
379 3484 412 3521 co
429 3476 471 3523 est
490 3468 662 3524 dividendam
680 3469 818 3523 residuam
831 3467 897 3522 illud
911 3468 1113 3536 (prolongatum
1128 3470 1143 3523 b
1156 3466 1287 3535 cyphrist,
1305 3464 1622 3532 quotiensi·er01..--

194 3538 313 3592 mcmbro
339 3538 560 3606 multiplicandas
584 3540 612 3593 in
630 3539 750 3593 semissis
767 3540 839 3593 illius
857 3546 1024 3607 tangentem
1050 3553 1111 3591 curn
1129 3537 1213 3603 iacto,
1237 3534 1365 3589 abscissis
1385 3537 1415 3601 b,
1441 3542 1472 3588 ut
1489 3534 1623 3586 σπη’

193 3617 322 3675 tangente
342 3613 528 3676 excerpendae
546 3624 640 3669 arcas,
663 3610 709 3677 qai
732 3610 760 3662 in
786 3610 969 3677 superioribas
989 3607 1075 3663 tribus
1094 3607 1210 3675 planetis
1229 3605 1337 3659 ariditas
1356 3605 1392 3659 nd
1411 3603 1622 3657 semissem*

195 3678 422 3743 commutationis,
441 3679 468 3731 in
487 3677 593 3733 duobus
611 3679 782 3734 inferioribus
802 3680 908 3733 ablatas
928 3681 962 3733 ab
982 3695 1014 3734 eo
1041 3677 1182 3732 constituit
1199 3678 1240 3730 vel
1259 3675 1391 3742 relinquit
1403 3673 1623 3743 elongatio!

195 3763 255 3802 uem
274 3747 426 3815 planctaea
442 3747 514 3801 Sole.
550 3749 602 3802 Per
619 3749 701 3816 hujns
714 3749 894 3818 elongationis
906 3750 993 3804 sinum
1006 3722 1141 3802 dividatur
1154 3747 1228 3801 sinus
1241 3744 1470 3805 commutationis,
1488 3755 1623 3812 prof

194 3818 321 3887 longatus
339 3819 355 3872 5
374 3817 494 3886 cyphris,
524 3820 648 3886 quotiens
675 3820 834 3887 subjiciatur
858 3820 978 3887 tangenti
1005 3818 1194 3887 complementi
1221 3815 1412 3871 inclinationis.
1449 3812 1624 3868 Ocuri-a

195 3890 315 3942 membro
339 3888 471 3954 elongatio
494 3887 619 3956 planetae
639 3906 655 3944 a
674 3890 736 3944 Sole
760 3890 788 3944 in
812 3890 897 3958 primo
923 3906 989 3944 casu
1009 3888 1120 3942 membri
1138 3890 1163 3942 5.
1184 3887 1220 3955 (si
1238 3885 1364 3939 nimirum
1383 3884 1462 3938 locus
1480 3880 1623 3939 saiff

195 3957 277 4013 faerit
294 3957 462 4024 subtractus)
482 3958 634 4025 adjicienda
653 3970 695 4013 est
714 3960 876 4029 longitudini
894 3960 946 4013 loci
966 3960 1049 4025 Solis,
1069 3974 1085 4011 a
1103 3973 1207 4011 samma
1225 3955 1343 4011 circulus
1361 3954 1471 4023 integer
1487 3953 1624 4019 rejif

196 4029 322 4094 ciendus,
348 4028 371 4082 si
395 4029 559 4095 excreverit,
584 4030 611 4083 in
635 4031 754 4086 secundo
779 4047 846 4085 casu
870 4030 963 4084 cadem
989 4030 1124 4098 elongatio
1142 4027 1293 4082 auferenda
1310 4031 1352 4079 est
1371 4042 1388 4079 a
1408 4024 1463 4079 loci
1482 4018 1625 4079 senff

196 4098 378 4167 longitudine,
404 4097 511 4166 adJecto
535 4100 610 4167 prius
630 4100 744 4165 circulo,
768 4102 792 4155 si
809 4115 877 4167 opas
897 4098 991 4153 inerit:
1018 4100 1056 4153 ita
1074 4098 1165 4167 prodit
1182 4094 1323 4164 longitudo
1341 4110 1407 4150 sera
1425 4087 1625 4165 planetu&

196 4170 230 4224 ab
250 4168 431 4237 aequinoctio,
450 4184 498 4222 sea
517 4167 593 4224 locus
611 4170 669 4237 ejas
688 4172 714 4224 in
734 4170 866 4239 ecliptica.
898 4170 977 4224 Nono
996 4169 1115 4224 membro
1133 4175 1248 4237 tangens
1266 4165 1461 4234 complemeuti
1479 4163 1625 4218 inclif

195 4239 313 4295 nationis
333 4245 375 4292 est
395 4237 599 4307 multiplicanda
617 4242 642 4293 in
663 4240 828 4308 quatientem
847 4241 936 4308 (supra
955 4245 1064 4291 membro
1079 4240 1116 4307 t)
1135 4254 1185 4307 pro
1203 4236 1347 4290 latitudine
1367 4236 1624 4297 adservatumae

196 4310 300 4376 iactus,
316 4309 416 4432 ldemtis
436 4312 451 4363 5
471 4309 587 4379 ultimis,
614 4311 685 4364 iuter
702 4318 847 4379 tangentes
866 4309 1006 4378 quaesitas
1025 4310 1136 4363 exhibet
1154 4306 1381 4377 complementum
1400 4298 1623 4360 latitudini&

196 4396 276 4434 verae
296 4388 431 4448 punctae.

302 4450 392 4518 Atque
411 4449 482 4505 hunc
500 4449 608 4504 modurn
626 4466 660 4503 ex
678 4450 744 4505 meis
764 4450 968 4505 Commentariis
986 4449 1083 4504 Martis
1102 4458 1180 4504 etex
1200 4446 1317 4516 epistola
1334 4445 1452 4514 petitam
1470 4438 1622 4499 tradit?

197 4518 324 4643 hhlaginup
343 4520 370 4574 in
389 4520 583 4590 Supplemento
601 4520 825 4589 Ephemeridnm,
851 4519 897 4573 abi
920 4526 1011 4574 tamen
1034 4526 1098 4576 sunt
1116 4518 1207 4587 aliqua
1225 4516 1386 4586 corrigenda
1405 4512 1620 4572 secandun‘

217 4606 241 4643 rc
259 4597 302 4643 tra
322 4590 368 4643 ita.

302 4660 397 4716 Potest
415 4661 460 4716 hic
477 4661 573 4715 modus
592 4660 673 4715 etiam
691 4676 740 4728 per
758 4660 1011 4728 mesologarithmos
1029 4657 1141 4714 absolvi.
1178 4657 1232 4712 Sed
1251 4657 1347 4711 horum
1365 4661 1454 4709 totum
1474 4660 1613 4708 cuno!

198 4742 260 4782 nem
282 4745 337 4784 uon
363 4730 417 4786 ieci
462 4739 547 4786 artem
565 4729 730 4785 Tabularum
753 4732 880 4800 istarum,
908 4740 935 4786 ct
959 4730 1045 4800 gignit
1063 4746 1156 4784 eorum
1175 4743 1242 4783 usas
1260 4727 1402 4783 cautiones
1420 4722 1603 4781 fironda&

199 4812 328 4856 onerosas
347 4807 376 4856 et
392 4801 428 4857 ad
442 4750 539 4874 fapsas
555 4801 701 4858 memoriae
718 4801 862 4872 proclives.
