<?xml version="1.0" encoding="UTF-8"?>
<!DOCTYPE html PUBLIC "-//W3C//DTD XHTML 1.0 Transitional//EN"
    "http://www.w3.org/TR/xhtml1/DTD/xhtml1-transitional.dtd">
<html xmlns="http://www.w3.org/1999/xhtml" xml:lang="en" lang="en">
 <head>
  <title>
</title>
<meta http-equiv="Content-Type" content="text/html;charset=utf-8" />
  <meta name='ocr-system' content='tesseract 3.04.00' />
  <meta name='ocr-capabilities' content='ocr_page ocr_carea ocr_par ocr_line ocrx_word'/>
</head>
<body>
  <div class='ocr_page' id='page_1' title='image "./joanniskepleria07frisgoog/joanniskepleria07frisgoog_0140.png"; bbox 0 0 3284 5520; ppageno 0'>
   <div class='ocr_carea' id='block_1_1' title="bbox 489 330 1495 402">
    <p class='ocr_par' dir='ltr' id='par_1_1' title="bbox 489 330 1495 402">
     <span class='ocr_line' id='line_1_1' title="bbox 489 330 1495 402; baseline 0.007 -15"><span class='ocrx_word' id='word_1_1' title='bbox 489 331 549 388; x_wconf 84' lang='lat' dir='ltr'><strong>Lib.</strong></span> <span class='ocrx_word' id='word_1_2' title='bbox 568 330 617 387; x_wconf 91' lang='lat'>111.</span> <span class='ocrx_word' id='word_1_3' title='bbox 653 332 696 386; x_wconf 90' lang='lat' dir='ltr'><strong>De</strong></span> <span class='ocrx_word' id='word_1_4' title='bbox 713 330 957 401; x_wconf 83' lang='lat' dir='ltr'><strong>significationibus</strong></span> <span class='ocrx_word' id='word_1_5' title='bbox 975 338 1149 389; x_wconf 87' lang='lat' dir='ltr'><strong>cometarum.</strong></span> <span class='ocrx_word' id='word_1_6' title='bbox 1432 335 1495 402; x_wconf 80' lang='grc'><strong>123</strong></span> 
     </span>
    </p>
   </div>
   <div class='ocr_carea' id='block_1_2' title="bbox 148 471 1498 767">
    <p class='ocr_par' dir='ltr' id='par_1_2' title="bbox 148 471 1498 767">
     <span class='ocr_line' id='line_1_2' title="bbox 246 471 1496 593; baseline 0.001 -24"><span class='ocrx_word' id='word_1_7' title='bbox 246 509 323 569; x_wconf 80' lang='lat' dir='ltr'><strong>Cum</strong></span> <span class='ocrx_word' id='word_1_8' title='bbox 355 512 480 588; x_wconf 89' lang='lat' dir='ltr'><strong>primum</strong></span> <span class='ocrx_word' id='word_1_9' title='bbox 509 511 605 589; x_wconf 90' lang='lat' dir='ltr'><strong>ipsum</strong></span> <span class='ocrx_word' id='word_1_10' title='bbox 638 510 777 591; x_wconf 79' lang='lat' dir='ltr'><strong>ridlssem</strong></span> <span class='ocrx_word' id='word_1_11' title='bbox 813 527 935 589; x_wconf 89' lang='grc'><strong>6666666</strong></span> <span class='ocrx_word' id='word_1_12' title='bbox 964 510 1022 571; x_wconf 91' lang='grc'><strong>6161</strong></span> <span class='ocrx_word' id='word_1_13' title='bbox 1056 509 1161 593; x_wconf 70' lang='grc'><strong>16116.</strong></span> <span class='ocrx_word' id='word_1_14' title='bbox 1191 471 1272 591; x_wconf 86' lang='lat' dir='ltr'><strong>Sept.</strong></span> <span class='ocrx_word' id='word_1_15' title='bbox 1305 520 1334 573; x_wconf 92' lang='lat' dir='ltr'><strong>et</strong></span> <span class='ocrx_word' id='word_1_16' title='bbox 1363 515 1496 588; x_wconf 77' lang='lat' dir='ltr'>sequenti</span> 
     </span>
     <span class='ocr_line' id='line_1_3' title="bbox 150 595 1498 678; baseline 0.002 -22"><span class='ocrx_word' id='word_1_17' title='bbox 150 595 247 671; x_wconf 91' lang='lat' dir='ltr'><strong>triduo,</strong></span> <span class='ocrx_word' id='word_1_18' title='bbox 270 600 302 657; x_wconf 92' lang='grc'><strong>16</strong></span> <span class='ocrx_word' id='word_1_19' title='bbox 317 597 409 658; x_wconf 89' lang='lat' dir='ltr'><strong>limite</strong></span> <span class='ocrx_word' id='word_1_20' title='bbox 433 605 494 658; x_wconf 91' lang='lat' dir='ltr'><strong>erat</strong></span> <span class='ocrx_word' id='word_1_21' title='bbox 510 599 655 658; x_wconf 86' lang='lat' dir='ltr'><strong>maximae</strong></span> <span class='ocrx_word' id='word_1_22' title='bbox 678 598 841 658; x_wconf 89' lang='lat' dir='ltr'><strong>latitudinis</strong></span> <span class='ocrx_word' id='word_1_23' title='bbox 864 598 990 659; x_wconf 89' lang='lat' dir='ltr'><strong>borealis</strong></span> <span class='ocrx_word' id='word_1_24' title='bbox 1015 600 1064 670; x_wconf 85' lang='grc'><strong>36,</strong></span> <span class='ocrx_word' id='word_1_25' title='bbox 1081 601 1133 675; x_wconf 85' lang='grc'><strong>38,</strong></span> <span class='ocrx_word' id='word_1_26' title='bbox 1149 602 1191 659; x_wconf 87' lang='grc'><strong>40</strong></span> <span class='ocrx_word' id='word_1_27' title='bbox 1214 600 1366 678; x_wconf 82' lang='lat' dir='ltr'><strong>graduum,</strong></span> <span class='ocrx_word' id='word_1_28' title='bbox 1390 601 1498 676; x_wconf 85' lang='lat' dir='ltr'><strong>quibus</strong></span> 
     </span>
     <span class='ocr_line' id='line_1_4' title="bbox 148 683 1498 767; baseline 0.001 -24"><span class='ocrx_word' id='word_1_29' title='bbox 148 683 262 756; x_wconf 81' lang='lat' dir='ltr'><strong>dicbus,</strong></span> <span class='ocrx_word' id='word_1_30' title='bbox 285 688 341 746; x_wconf 90' lang='lat' dir='ltr'><strong>etsi</strong></span> <span class='ocrx_word' id='word_1_31' title='bbox 362 685 497 746; x_wconf 77' lang='lat' dir='ltr'><strong>mutabili</strong></span> <span class='ocrx_word' id='word_1_32' title='bbox 518 685 687 758; x_wconf 88' lang='lat' dir='ltr'><strong>latitudine,</strong></span> <span class='ocrx_word' id='word_1_33' title='bbox 712 685 900 746; x_wconf 89' lang='lat' dir='ltr'><strong>constantiori</strong></span> <span class='ocrx_word' id='word_1_34' title='bbox 923 693 1021 745; x_wconf 90' lang='lat' dir='ltr'><strong>tamen</strong></span> <span class='ocrx_word' id='word_1_35' title='bbox 1045 686 1254 763; x_wconf 81' lang='lat' dir='ltr'>declinatione,</span> <span class='ocrx_word' id='word_1_36' title='bbox 1286 706 1336 767; x_wconf 89' lang='lat' dir='ltr'><strong>par</strong></span> <span class='ocrx_word' id='word_1_37' title='bbox 1358 688 1498 748; x_wconf 88' lang='lat' dir='ltr'><strong>verticem</strong></span> 
     </span>
    </p>
   </div>
   <div class='ocr_carea' id='block_1_3' title="bbox 143 769 1497 938">
    <p class='ocr_par' dir='ltr' id='par_1_3' title="bbox 143 769 1497 938">
     <span class='ocr_line' id='line_1_5' title="bbox 146 769 1496 857; baseline 0.001 -27"><span class='ocrx_word' id='word_1_38' title='bbox 146 772 277 832; x_wconf 83' lang='lat' dir='ltr'><strong>transivit</strong></span> <span class='ocrx_word' id='word_1_39' title='bbox 291 774 423 857; x_wconf 77' lang='lat' dir='ltr'><strong>Danubii</strong></span> <span class='ocrx_word' id='word_1_40' title='bbox 446 772 553 833; x_wconf 76' lang='lat' dir='ltr'><strong>accolis</strong></span> <span class='ocrx_word' id='word_1_41' title='bbox 567 771 726 850; x_wconf 88' lang='lat' dir='ltr'><strong>Huugaris,</strong></span> <span class='ocrx_word' id='word_1_42' title='bbox 751 772 905 834; x_wconf 82' lang='lat' dir='ltr'><strong>Germanis</strong></span> <span class='ocrx_word' id='word_1_43' title='bbox 928 775 1076 850; x_wconf 87' lang='lat' dir='ltr'><strong>etiamque</strong></span> <span class='ocrx_word' id='word_1_44' title='bbox 1091 773 1186 834; x_wconf 84' lang='lat' dir='ltr'><strong>Gallis</strong></span> <span class='ocrx_word' id='word_1_45' title='bbox 1209 777 1265 836; x_wconf 90' lang='lat' dir='ltr'><strong>sub</strong></span> <span class='ocrx_word' id='word_1_46' title='bbox 1288 776 1362 836; x_wconf 87' lang='lat' dir='ltr'><strong>altit.</strong></span> <span class='ocrx_word' id='word_1_47' title='bbox 1387 776 1428 832; x_wconf 87' lang='grc'><strong>48</strong></span> <span class='ocrx_word' id='word_1_48' title='bbox 1436 769 1496 856; x_wconf 61' lang='lat'><strong>¹22⁰.</strong></span> 
     </span>
     <span class='ocr_line' id='line_1_6' title="bbox 143 857 1497 938; baseline 0.003 -20"><span class='ocrx_word' id='word_1_49' title='bbox 143 858 388 921; x_wconf 84' lang='lat' dir='ltr'><strong>Praecedcntibus</strong></span> <span class='ocrx_word' id='word_1_50' title='bbox 416 861 505 938; x_wconf 88' lang='lat' dir='ltr'><strong>igitur</strong></span> <span class='ocrx_word' id='word_1_51' title='bbox 533 861 627 920; x_wconf 90' lang='lat' dir='ltr'><strong>tribus</strong></span> <span class='ocrx_word' id='word_1_52' title='bbox 656 859 761 919; x_wconf 90' lang='lat' dir='ltr'><strong>diebus</strong></span> <span class='ocrx_word' id='word_1_53' title='bbox 783 861 838 919; x_wconf 90' lang='lat' dir='ltr'><strong>suh</strong></span> <span class='ocrx_word' id='word_1_54' title='bbox 861 860 1016 920; x_wconf 78' lang='lat' dir='ltr'><strong>altitudine</strong></span> <span class='ocrx_word' id='word_1_55' title='bbox 1040 857 1113 935; x_wconf 80' lang='grc'><strong>450,</strong></span> <span class='ocrx_word' id='word_1_56' title='bbox 1138 857 1210 936; x_wconf 77' lang='grc'><strong>460,</strong></span> <span class='ocrx_word' id='word_1_57' title='bbox 1235 859 1293 921; x_wconf 83' lang='grc'><strong>410</strong></span> <span class='ocrx_word' id='word_1_58' title='bbox 1321 862 1497 924; x_wconf 89' lang='lat' dir='ltr'><strong>culminasse</strong></span> 
     </span>
    </p>
   </div>
   <div class='ocr_carea' id='block_1_4' title="bbox 143 946 1599 1026">
    <p class='ocr_par' dir='ltr' id='par_1_4' title="bbox 143 946 1599 1026">
     <span class='ocr_line' id='line_1_7' title="bbox 143 946 1599 1026; baseline 0.002 -21"><span class='ocrx_word' id='word_1_59' title='bbox 143 953 256 1024; x_wconf 89' lang='lat' dir='ltr'><strong>oportet</strong></span> <span class='ocrx_word' id='word_1_60' title='bbox 286 948 438 1020; x_wconf 87' lang='lat' dir='ltr'><strong>Venetiis,</strong></span> <span class='ocrx_word' id='word_1_61' title='bbox 471 946 642 1021; x_wconf 80' lang='lat' dir='ltr'><strong>Camiolae,</strong></span> <span class='ocrx_word' id='word_1_62' title='bbox 673 946 856 1021; x_wconf 82' lang='lat' dir='ltr'><strong>Corinthiae,</strong></span> <span class='ocrx_word' id='word_1_63' title='bbox 889 947 1021 1025; x_wconf 87' lang='lat' dir='ltr'><strong>Styriac,</strong></span> <span class='ocrx_word' id='word_1_64' title='bbox 1053 947 1306 1026; x_wconf 85' lang='grc'><strong>066616611666611</strong></span> <span class='ocrx_word' id='word_1_65' title='bbox 1336 958 1366 1011; x_wconf 96' lang='grc'><strong>61</strong></span> <span class='ocrx_word' id='word_1_66' title='bbox 1394 951 1497 1010; x_wconf 90' lang='lat' dir='ltr'><strong>ceteris</strong></span> <span class='ocrx_word' id='word_1_67' title='bbox 1597 990 1599 995; x_wconf 87' lang='lat'><em>-</em></span> 
     </span>
    </p>
   </div>
   <div class='ocr_carea' id='block_1_5' title="bbox 102 1032 1551 3639">
    <p class='ocr_par' dir='ltr' id='par_1_5' title="bbox 102 1032 1497 1285">
     <span class='ocr_line' id='line_1_8' title="bbox 142 1032 1497 1114; baseline 0.003 -21"><span class='ocrx_word' id='word_1_68' title='bbox 142 1032 271 1108; x_wconf 81' lang='lat' dir='ltr'><strong>Galliac,</strong></span> <span class='ocrx_word' id='word_1_69' title='bbox 299 1034 405 1096; x_wconf 90' lang='lat' dir='ltr'><strong>Italiae</strong></span> <span class='ocrx_word' id='word_1_70' title='bbox 429 1034 649 1114; x_wconf 84' lang='lat' dir='ltr'><strong>Hispaniacque</strong></span> <span class='ocrx_word' id='word_1_71' title='bbox 679 1034 761 1095; x_wconf 91' lang='lat' dir='ltr'><strong>locis.</strong></span> <span class='ocrx_word' id='word_1_72' title='bbox 807 1034 880 1095; x_wconf 91' lang='lat' dir='ltr'><strong>Post</strong></span> <span class='ocrx_word' id='word_1_73' title='bbox 902 1037 952 1094; x_wconf 78' lang='lat'><strong>29.</strong></span> <span class='ocrx_word' id='word_1_74' title='bbox 976 1034 1056 1112; x_wconf 81' lang='lat' dir='ltr'><strong>Sept.</strong></span> <span class='ocrx_word' id='word_1_75' title='bbox 1087 1038 1181 1112; x_wconf 88' lang='lat' dir='ltr'><strong>magis</strong></span> <span class='ocrx_word' id='word_1_76' title='bbox 1213 1040 1366 1114; x_wconf 90' lang='lat' dir='ltr'><strong>magisque</strong></span> <span class='ocrx_word' id='word_1_77' title='bbox 1395 1054 1497 1097; x_wconf 87' lang='lat' dir='ltr'><strong>versus</strong></span> 
     </span>
     <span class='ocr_line' id='line_1_9' title="bbox 128 1119 1497 1201; baseline 0.002 -21"><span class='ocrx_word' id='word_1_78' title='bbox 128 1120 293 1187; x_wconf 77' lang='lat' dir='ltr'><strong>¹meridiem</strong></span> <span class='ocrx_word' id='word_1_79' title='bbox 321 1120 486 1198; x_wconf 87' lang='lat' dir='ltr'><strong>descendit,</strong></span> <span class='ocrx_word' id='word_1_80' title='bbox 519 1122 666 1183; x_wconf 82' lang='grc'><strong>116611.</strong></span> <span class='ocrx_word' id='word_1_81' title='bbox 690 1119 756 1182; x_wconf 90' lang='grc'><strong>061.</strong></span> <span class='ocrx_word' id='word_1_82' title='bbox 779 1121 1012 1183; x_wconf 73' lang='lat' dir='ltr'><strong>transscenderet</strong></span> <span class='ocrx_word' id='word_1_83' title='bbox 1034 1127 1177 1201; x_wconf 89' lang='lat' dir='ltr'><strong>tropicum</strong></span> <span class='ocrx_word' id='word_1_84' title='bbox 1201 1123 1321 1199; x_wconf 85' lang='grc'><strong>066661,</strong></span> <span class='ocrx_word' id='word_1_85' title='bbox 1360 1127 1407 1184; x_wconf 92' lang='grc'><strong>10.</strong></span> <span class='ocrx_word' id='word_1_86' title='bbox 1432 1123 1497 1183; x_wconf 91' lang='lat' dir='ltr'><strong>Oet.</strong></span> 
     </span>
     <span class='ocr_line' id='line_1_10' title="bbox 102 1215 434 1285; baseline 0.009 -17"><span class='ocrx_word' id='word_1_87' title='bbox 102 1272 109 1281; x_wconf 65' lang='grc'><strong>,</strong></span> <span class='ocrx_word' id='word_1_88' title='bbox 141 1215 434 1285; x_wconf 80' lang='grc'><strong>66666666166666.</strong></span> 
     </span>
    </p>

    <p class='ocr_par' dir='ltr' id='par_1_6' title="bbox 138 1293 1499 2072">
     <span class='ocr_line' id='line_1_11' title="bbox 243 1293 1498 1381; baseline 0.003 -27"><span class='ocrx_word' id='word_1_89' title='bbox 243 1295 348 1375; x_wconf 83' lang='lat' dir='ltr'><strong>Popito</strong></span> <span class='ocrx_word' id='word_1_90' title='bbox 364 1296 472 1358; x_wconf 92' lang='lat' dir='ltr'><strong>circulo</strong></span> <span class='ocrx_word' id='word_1_91' title='bbox 488 1312 597 1372; x_wconf 89' lang='lat' dir='ltr'><strong>magno</strong></span> <span class='ocrx_word' id='word_1_92' title='bbox 612 1312 714 1356; x_wconf 88' lang='lat' dir='ltr'><strong>cursus</strong></span> <span class='ocrx_word' id='word_1_93' title='bbox 729 1296 866 1374; x_wconf 91' lang='lat' dir='ltr'><strong>planetae</strong></span> <span class='ocrx_word' id='word_1_94' title='bbox 882 1297 911 1354; x_wconf 91' lang='lat' dir='ltr'><strong>in</strong></span> <span class='ocrx_word' id='word_1_95' title='bbox 927 1295 1089 1370; x_wconf 81' lang='lat' dir='ltr'><strong>horizonte,</strong></span> <span class='ocrx_word' id='word_1_96' title='bbox 1105 1296 1160 1356; x_wconf 88' lang='lat' dir='ltr'><strong>luit</strong></span> <span class='ocrx_word' id='word_1_97' title='bbox 1174 1297 1300 1357; x_wconf 89' lang='lat' dir='ltr'><strong>altitudo</strong></span> <span class='ocrx_word' id='word_1_98' title='bbox 1315 1299 1376 1376; x_wconf 92' lang='lat' dir='ltr'><strong>poli</strong></span> <span class='ocrx_word' id='word_1_99' title='bbox 1387 1293 1498 1381; x_wconf 74' lang='lat' dir='ltr'><strong>41¹l,⁰,</strong></span> 
     </span>
     <span class='ocr_line' id='line_1_12' title="bbox 140 1378 1499 1463; baseline 0.005 -22"><span class='ocrx_word' id='word_1_100' title='bbox 140 1381 237 1458; x_wconf 83' lang='lat' dir='ltr'><strong>qualis</strong></span> <span class='ocrx_word' id='word_1_101' title='bbox 260 1391 306 1443; x_wconf 88' lang='lat' dir='ltr'><strong>est</strong></span> <span class='ocrx_word' id='word_1_102' title='bbox 328 1383 451 1452; x_wconf 85' lang='lat' dir='ltr'><strong>Rornae.</strong></span> <span class='ocrx_word' id='word_1_103' title='bbox 473 1382 614 1463; x_wconf 84' lang='lat' dir='ltr'><strong>Neapolis</strong></span> <span class='ocrx_word' id='word_1_104' title='bbox 628 1382 851 1460; x_wconf 81' lang='lat' dir='ltr'><strong>Hispaniasque</strong></span> <span class='ocrx_word' id='word_1_105' title='bbox 874 1378 1128 1446; x_wconf 79' lang='lat' dir='ltr'><strong>meridionalioris.</strong></span> <span class='ocrx_word' id='word_1_106' title='bbox 1166 1385 1204 1443; x_wconf 78' lang='lat' dir='ltr'><strong>Et</strong></span> <span class='ocrx_word' id='word_1_107' title='bbox 1226 1392 1295 1446; x_wconf 91' lang='grc'><strong>1666</strong></span> <span class='ocrx_word' id='word_1_108' title='bbox 1318 1385 1499 1448; x_wconf 88' lang='lat' dir='ltr'><strong>culminahat</strong></span> 
     </span>
     <span class='ocr_line' id='line_1_13' title="bbox 141 1464 1499 1549; baseline 0.004 -21"><span class='ocrx_word' id='word_1_109' title='bbox 141 1464 197 1529; x_wconf 76' lang='grc'><strong>160</strong></span> <span class='ocrx_word' id='word_1_110' title='bbox 221 1470 360 1545; x_wconf 75' lang='lat' dir='ltr'><strong>Aquarii,</strong></span> <span class='ocrx_word' id='word_1_111' title='bbox 392 1473 423 1529; x_wconf 94' lang='lat' dir='ltr'><strong>in</strong></span> <span class='ocrx_word' id='word_1_112' title='bbox 452 1488 561 1532; x_wconf 90' lang='lat' dir='ltr'><strong>occasu</strong></span> <span class='ocrx_word' id='word_1_113' title='bbox 586 1487 655 1530; x_wconf 87' lang='lat' dir='ltr'><strong>vcro</strong></span> <span class='ocrx_word' id='word_1_114' title='bbox 683 1468 825 1531; x_wconf 83' lang='grc'><strong>6661110</strong></span> <span class='ocrx_word' id='word_1_115' title='bbox 848 1466 1439 1549; x_wconf 70' lang='grc'><strong>6611908661116611,·66661611166166</strong></span> <span class='ocrx_word' id='word_1_116' title='bbox 1463 1470 1499 1532; x_wconf 82' lang='grc'><strong>10</strong></span> 
     </span>
     <span class='ocr_line' id='line_1_14' title="bbox 140 1558 1498 1636; baseline 0.001 -18"><span class='ocrx_word' id='word_1_117' title='bbox 140 1559 382 1634; x_wconf 80' lang='lat' dir='ltr'><strong>septentrionali3</strong></span> <span class='ocrx_word' id='word_1_118' title='bbox 410 1561 507 1618; x_wconf 89' lang='grc'><strong>61116</strong></span> <span class='ocrx_word' id='word_1_119' title='bbox 529 1559 601 1618; x_wconf 90' lang='lat' dir='ltr'><strong>satis</strong></span> <span class='ocrx_word' id='word_1_120' title='bbox 623 1560 754 1634; x_wconf 89' lang='lat' dir='ltr'><strong>praecise</strong></span> <span class='ocrx_word' id='word_1_121' title='bbox 777 1565 891 1618; x_wconf 90' lang='lat' dir='ltr'><strong>cometa</strong></span> <span class='ocrx_word' id='word_1_122' title='bbox 914 1574 1015 1618; x_wconf 84' lang='lat' dir='ltr'><strong>versus</strong></span> <span class='ocrx_word' id='word_1_123' title='bbox 1037 1559 1135 1619; x_wconf 90' lang='lat' dir='ltr'><strong>locum</strong></span> <span class='ocrx_word' id='word_1_124' title='bbox 1158 1575 1255 1619; x_wconf 87' lang='lat' dir='ltr'><strong>novae</strong></span> <span class='ocrx_word' id='word_1_125' title='bbox 1277 1558 1396 1633; x_wconf 90' lang='lat' dir='ltr'><strong>stellae,</strong></span> <span class='ocrx_word' id='word_1_126' title='bbox 1420 1579 1498 1636; x_wconf 89' lang='lat' dir='ltr'><strong>quae</strong></span> 
     </span>
     <span class='ocr_line' id='line_1_15' title="bbox 140 1645 1498 1725; baseline 0.003 -21"><span class='ocrx_word' id='word_1_127' title='bbox 140 1661 217 1704; x_wconf 91' lang='lat' dir='ltr'><strong>auno</strong></span> <span class='ocrx_word' id='word_1_128' title='bbox 245 1651 339 1706; x_wconf 82' lang='grc'><strong>1604.</strong></span> <span class='ocrx_word' id='word_1_129' title='bbox 363 1648 480 1719; x_wconf 84' lang='lat' dir='ltr'><strong>exarsit,</strong></span> <span class='ocrx_word' id='word_1_130' title='bbox 503 1663 587 1706; x_wconf 91' lang='lat' dir='ltr'><strong>ruere</strong></span> <span class='ocrx_word' id='word_1_131' title='bbox 609 1645 765 1705; x_wconf 84' lang='lat' dir='ltr'><strong>videretur.</strong></span> <span class='ocrx_word' id='word_1_132' title='bbox 803 1645 1019 1706; x_wconf 86' lang='lat' dir='ltr'><strong>Posterioribns</strong></span> <span class='ocrx_word' id='word_1_133' title='bbox 1042 1646 1146 1706; x_wconf 89' lang='lat' dir='ltr'><strong>diebus</strong></span> <span class='ocrx_word' id='word_1_134' title='bbox 1163 1654 1285 1706; x_wconf 85' lang='lat' dir='ltr'><strong>curvato</strong></span> <span class='ocrx_word' id='word_1_135' title='bbox 1300 1664 1386 1707; x_wconf 88' lang='lat' dir='ltr'><strong>cursu</strong></span> <span class='ocrx_word' id='word_1_136' title='bbox 1402 1651 1498 1725; x_wconf 88' lang='lat' dir='ltr'><strong>magis</strong></span> 
     </span>
     <span class='ocr_line' id='line_1_16' title="bbox 138 1729 1496 1811; baseline 0.003 -21"><span class='ocrx_word' id='word_1_137' title='bbox 138 1730 297 1792; x_wconf 86' lang='lat' dir='ltr'><strong>ridebatur</strong></span> <span class='ocrx_word' id='word_1_138' title='bbox 325 1739 464 1811; x_wconf 89' lang='lat' dir='ltr'><strong>appetere</strong></span> <span class='ocrx_word' id='word_1_139' title='bbox 488 1729 523 1792; x_wconf 86' lang='lat'><strong>8⁰</strong></span> <span class='ocrx_word' id='word_1_140' title='bbox 544 1732 710 1808; x_wconf 82' lang='lat' dir='ltr'><strong>Sagittarii,</strong></span> <span class='ocrx_word' id='word_1_141' title='bbox 740 1749 799 1810; x_wconf 91' lang='lat' dir='ltr'><strong>quo</strong></span> <span class='ocrx_word' id='word_1_142' title='bbox 827 1733 893 1792; x_wconf 91' lang='lat' dir='ltr'><strong>loco</strong></span> <span class='ocrx_word' id='word_1_143' title='bbox 922 1733 976 1793; x_wconf 89' lang='grc'><strong>1611</strong></span> <span class='ocrx_word' id='word_1_144' title='bbox 1004 1750 1113 1808; x_wconf 85' lang='lat' dir='ltr'><strong>magna</strong></span> <span class='ocrx_word' id='word_1_145' title='bbox 1134 1734 1302 1809; x_wconf 89' lang='lat' dir='ltr'><strong>conjunctio</strong></span> <span class='ocrx_word' id='word_1_146' title='bbox 1326 1733 1444 1794; x_wconf 85' lang='lat' dir='ltr'><strong>Saturni</strong></span> <span class='ocrx_word' id='word_1_147' title='bbox 1467 1742 1496 1794; x_wconf 92' lang='grc'><strong>61</strong></span> 
     </span>
     <span class='ocr_line' id='line_1_17' title="bbox 138 1817 1496 1897; baseline 0.001 -18"><span class='ocrx_word' id='word_1_148' title='bbox 138 1818 227 1879; x_wconf 79' lang='lat' dir='ltr'><strong>doris</strong></span> <span class='ocrx_word' id='word_1_149' title='bbox 257 1836 334 1879; x_wconf 89' lang='lat' dir='ltr'><strong>anuo</strong></span> <span class='ocrx_word' id='word_1_150' title='bbox 360 1820 453 1881; x_wconf 86' lang='grc'><strong>1603.</strong></span> <span class='ocrx_word' id='word_1_151' title='bbox 476 1819 646 1893; x_wconf 68' lang='grc'><strong>[1666666616</strong></span> <span class='ocrx_word' id='word_1_152' title='bbox 678 1819 731 1880; x_wconf 91' lang='grc'><strong>666</strong></span> <span class='ocrx_word' id='word_1_153' title='bbox 762 1820 887 1897; x_wconf 88' lang='grc'><strong>6661666</strong></span> <span class='ocrx_word' id='word_1_154' title='bbox 916 1822 946 1878; x_wconf 90' lang='grc'><strong>16</strong></span> <span class='ocrx_word' id='word_1_155' title='bbox 970 1817 1005 1877; x_wconf 83' lang='grc'><strong>10</strong></span> <span class='ocrx_word' id='word_1_156' title='bbox 1027 1821 1177 1897; x_wconf 81' lang='lat' dir='ltr'><strong>Sagittarii</strong></span> <span class='ocrx_word' id='word_1_157' title='bbox 1202 1821 1333 1895; x_wconf 85' lang='lat' dir='ltr'><strong>delatus,</strong></span> <span class='ocrx_word' id='word_1_158' title='bbox 1364 1828 1398 1882; x_wconf 90' lang='lat' dir='ltr'><strong>ut</strong></span> <span class='ocrx_word' id='word_1_159' title='bbox 1426 1822 1496 1896; x_wconf 83' lang='lat' dir='ltr'><strong>dixi,</strong></span> 
     </span>
     <span class='ocr_line' id='line_1_18' title="bbox 141 1904 1497 1986; baseline 0.002 -19"><span class='ocrx_word' id='word_1_160' title='bbox 141 1908 228 1982; x_wconf 83' lang='lat' dir='ltr'><strong>quasi</strong></span> <span class='ocrx_word' id='word_1_161' title='bbox 251 1904 362 1967; x_wconf 89' lang='lat' dir='ltr'><strong>directe</strong></span> <span class='ocrx_word' id='word_1_162' title='bbox 382 1924 486 1968; x_wconf 84' lang='lat' dir='ltr'><strong>versus</strong></span> <span class='ocrx_word' id='word_1_163' title='bbox 507 1906 671 1985; x_wconf 79' lang='lat' dir='ltr'><strong>eclipticam</strong></span> <span class='ocrx_word' id='word_1_164' title='bbox 692 1907 828 1968; x_wconf 89' lang='lat' dir='ltr'><strong>deorsum</strong></span> <span class='ocrx_word' id='word_1_165' title='bbox 850 1908 929 1967; x_wconf 90' lang='lat' dir='ltr'><strong>latus</strong></span> <span class='ocrx_word' id='word_1_166' title='bbox 952 1915 1011 1986; x_wconf 88' lang='grc'><strong>661,</strong></span> <span class='ocrx_word' id='word_1_167' title='bbox 1041 1910 1158 1969; x_wconf 90' lang='lat' dir='ltr'><strong>omissis</strong></span> <span class='ocrx_word' id='word_1_168' title='bbox 1180 1908 1370 1970; x_wconf 88' lang='grc'><strong>1661666666</strong></span> <span class='ocrx_word' id='word_1_169' title='bbox 1393 1909 1497 1971; x_wconf 87' lang='grc'><strong>6161166</strong></span> 
     </span>
     <span class='ocr_line' id='line_1_19' title="bbox 140 1994 564 2072; baseline 0 -18"><span class='ocrx_word' id='word_1_170' title='bbox 140 2000 168 2054; x_wconf 86' lang='grc'><strong>61</strong></span> <span class='ocrx_word' id='word_1_171' title='bbox 188 1994 408 2070; x_wconf 90' lang='lat' dir='ltr'><strong>conjunctionis</strong></span> <span class='ocrx_word' id='word_1_172' title='bbox 430 2012 564 2072; x_wconf 87' lang='lat' dir='ltr'><strong>magnac.</strong></span> 
     </span>
    </p>

    <p class='ocr_par' dir='ltr' id='par_1_7' title="bbox 140 2076 1500 2404">
     <span class='ocr_line' id='line_1_20' title="bbox 244 2076 1500 2160; baseline 0.003 -20"><span class='ocrx_word' id='word_1_173' title='bbox 244 2080 303 2141; x_wconf 91' lang='lat' dir='ltr'><strong>Die</strong></span> <span class='ocrx_word' id='word_1_174' title='bbox 325 2082 378 2143; x_wconf 75' lang='lat'><strong>30.</strong></span> <span class='ocrx_word' id='word_1_175' title='bbox 395 2081 476 2160; x_wconf 81' lang='lat' dir='ltr'><strong>Sept</strong></span> <span class='ocrx_word' id='word_1_176' title='bbox 500 2082 645 2141; x_wconf 88' lang='lat' dir='ltr'><strong>maximus</strong></span> <span class='ocrx_word' id='word_1_177' title='bbox 667 2081 722 2141; x_wconf 88' lang='lat' dir='ltr'><strong>luit</strong></span> <span class='ocrx_word' id='word_1_178' title='bbox 743 2083 807 2158; x_wconf 85' lang='lat' dir='ltr'><strong>ejus</strong></span> <span class='ocrx_word' id='word_1_179' title='bbox 831 2081 951 2141; x_wconf 92' lang='lat' dir='ltr'><strong>diurnus</strong></span> <span class='ocrx_word' id='word_1_180' title='bbox 971 2076 1035 2155; x_wconf 88' lang='lat'><strong>13⁰,</strong></span> <span class='ocrx_word' id='word_1_181' title='bbox 1060 2090 1187 2158; x_wconf 91' lang='lat' dir='ltr'><strong>quantus</strong></span> <span class='ocrx_word' id='word_1_182' title='bbox 1209 2089 1254 2142; x_wconf 91' lang='lat' dir='ltr'><strong>cst</strong></span> <span class='ocrx_word' id='word_1_183' title='bbox 1268 2083 1371 2143; x_wconf 90' lang='lat' dir='ltr'><strong>Lunae</strong></span> <span class='ocrx_word' id='word_1_184' title='bbox 1391 2089 1500 2158; x_wconf 90' lang='lat' dir='ltr'><strong>motus,</strong></span> 
     </span>
     <span class='ocr_line' id='line_1_21' title="bbox 141 2166 1498 2247; baseline 0.002 -19"><span class='ocrx_word' id='word_1_185' title='bbox 141 2166 252 2228; x_wconf 82' lang='lat' dir='ltr'><strong>tardior</strong></span> <span class='ocrx_word' id='word_1_186' title='bbox 274 2177 343 2230; x_wconf 91' lang='lat' dir='ltr'><strong>aute</strong></span> <span class='ocrx_word' id='word_1_187' title='bbox 365 2175 492 2247; x_wconf 84' lang='lat' dir='ltr'><strong>etpost,</strong></span> <span class='ocrx_word' id='word_1_188' title='bbox 516 2169 609 2244; x_wconf 87' lang='grc'><strong>16666</strong></span> <span class='ocrx_word' id='word_1_189' title='bbox 628 2169 769 2243; x_wconf 88' lang='grc'><strong>66616616,</strong></span> <span class='ocrx_word' id='word_1_190' title='bbox 793 2187 907 2246; x_wconf 87' lang='lat' dir='ltr'><strong>semper</strong></span> <span class='ocrx_word' id='word_1_191' title='bbox 929 2168 1099 2230; x_wconf 86' lang='lat' dir='ltr'><strong>decrescens</strong></span> <span class='ocrx_word' id='word_1_192' title='bbox 1122 2171 1282 2230; x_wconf 91' lang='lat' dir='ltr'><strong>minorihus</strong></span> <span class='ocrx_word' id='word_1_193' title='bbox 1306 2171 1498 2231; x_wconf 88' lang='lat' dir='ltr'><strong>decrementis</strong></span> 
     </span>
     <span class='ocr_line' id='line_1_22' title="bbox 140 2254 1497 2336; baseline 0.001 -20"><span class='ocrx_word' id='word_1_194' title='bbox 140 2263 168 2316; x_wconf 89' lang='lat' dir='ltr'><strong>ct</strong></span> <span class='ocrx_word' id='word_1_195' title='bbox 198 2254 329 2332; x_wconf 87' lang='lat' dir='ltr'><strong>denique</strong></span> <span class='ocrx_word' id='word_1_196' title='bbox 355 2275 375 2317; x_wconf 89' lang='lat' dir='ltr'><strong>a</strong></span> <span class='ocrx_word' id='word_1_197' title='bbox 407 2259 456 2317; x_wconf 77' lang='lat'><strong>19.</strong></span> <span class='ocrx_word' id='word_1_198' title='bbox 486 2257 517 2315; x_wconf 93' lang='lat' dir='ltr'><strong>iu</strong></span> <span class='ocrx_word' id='word_1_199' title='bbox 548 2256 599 2316; x_wconf 79' lang='grc'><strong>16.</strong></span> <span class='ocrx_word' id='word_1_200' title='bbox 624 2254 689 2317; x_wconf 89' lang='lat' dir='ltr'><strong>Oct.</strong></span> <span class='ocrx_word' id='word_1_201' title='bbox 722 2263 863 2333; x_wconf 90' lang='lat' dir='ltr'><strong>quantum</strong></span> <span class='ocrx_word' id='word_1_202' title='bbox 894 2255 933 2316; x_wconf 90' lang='lat' dir='ltr'><strong>ad</strong></span> <span class='ocrx_word' id='word_1_203' title='bbox 962 2255 1175 2332; x_wconf 82' lang='lat' dir='ltr'><strong>longitudinem</strong></span> <span class='ocrx_word' id='word_1_204' title='bbox 1206 2260 1342 2318; x_wconf 89' lang='lat' dir='ltr'><strong>stationis</strong></span> <span class='ocrx_word' id='word_1_205' title='bbox 1369 2261 1497 2336; x_wconf 90' lang='lat' dir='ltr'><strong>speciem</strong></span> 
     </span>
     <span class='ocr_line' id='line_1_23' title="bbox 140 2343 284 2404; baseline 0.007 -1"><span class='ocrx_word' id='word_1_206' title='bbox 140 2343 284 2404; x_wconf 80' lang='lat' dir='ltr'><strong>exhibuit.</strong></span> 
     </span>
    </p>

    <p class='ocr_par' dir='ltr' id='par_1_8' title="bbox 142 2429 1551 3382">
     <span class='ocr_line' id='line_1_24' title="bbox 247 2429 1497 2509; baseline 0.003 -20"><span class='ocrx_word' id='word_1_207' title='bbox 247 2429 324 2489; x_wconf 85' lang='grc'><strong>0666</strong></span> <span class='ocrx_word' id='word_1_208' title='bbox 345 2436 443 2490; x_wconf 87' lang='lat' dir='ltr'><strong>autern</strong></span> <span class='ocrx_word' id='word_1_209' title='bbox 466 2448 575 2507; x_wconf 87' lang='lat' dir='ltr'><strong>magua</strong></span> <span class='ocrx_word' id='word_1_210' title='bbox 596 2429 684 2491; x_wconf 90' lang='grc'><strong>166611</strong></span> <span class='ocrx_word' id='word_1_211' title='bbox 706 2432 769 2509; x_wconf 87' lang='lat' dir='ltr'><strong>ejus</strong></span> <span class='ocrx_word' id='word_1_212' title='bbox 791 2429 917 2490; x_wconf 87' lang='lat' dir='ltr'><strong>latitudo</strong></span> <span class='ocrx_word' id='word_1_213' title='bbox 939 2433 1175 2507; x_wconf 84' lang='lat' dir='ltr'><strong>septentrionalia</strong></span> <span class='ocrx_word' id='word_1_214' title='bbox 1190 2434 1282 2504; x_wconf 92' lang='lat' dir='ltr'><strong>initio,</strong></span> <span class='ocrx_word' id='word_1_215' title='bbox 1307 2434 1349 2492; x_wconf 91' lang='lat' dir='ltr'><strong>sic</strong></span> <span class='ocrx_word' id='word_1_216' title='bbox 1363 2439 1397 2492; x_wconf 89' lang='lat' dir='ltr'><strong>ut</strong></span> <span class='ocrx_word' id='word_1_217' title='bbox 1410 2450 1497 2493; x_wconf 89' lang='lat' dir='ltr'><strong>mane</strong></span> 
     </span>
     <span class='ocr_line' id='line_1_25' title="bbox 143 2516 1497 2596; baseline 0.001 -20"><span class='ocrx_word' id='word_1_218' title='bbox 143 2524 210 2577; x_wconf 82' lang='lat' dir='ltr'><strong>ante</strong></span> <span class='ocrx_word' id='word_1_219' title='bbox 233 2516 335 2578; x_wconf 84' lang='lat' dir='ltr'><strong>Solam</strong></span> <span class='ocrx_word' id='word_1_220' title='bbox 357 2523 387 2577; x_wconf 91' lang='lat' dir='ltr'><strong>et</strong></span> <span class='ocrx_word' id='word_1_221' title='bbox 410 2534 531 2596; x_wconf 88' lang='lat' dir='ltr'><strong>vespere</strong></span> <span class='ocrx_word' id='word_1_222' title='bbox 553 2525 622 2594; x_wconf 91' lang='grc'><strong>6661</strong></span> <span class='ocrx_word' id='word_1_223' title='bbox 636 2518 734 2579; x_wconf 88' lang='lat' dir='ltr'><strong>Solem</strong></span> <span class='ocrx_word' id='word_1_224' title='bbox 757 2527 921 2578; x_wconf 82' lang='lat' dir='ltr'><strong>comeretur</strong></span> <span class='ocrx_word' id='word_1_225' title='bbox 943 2518 1077 2594; x_wconf 88' lang='lat' dir='ltr'><strong>adeoque</strong></span> <span class='ocrx_word' id='word_1_226' title='bbox 1099 2537 1136 2580; x_wconf 91' lang='lat' dir='ltr'><strong>ne</strong></span> <span class='ocrx_word' id='word_1_227' title='bbox 1159 2518 1277 2594; x_wconf 87' lang='lat' dir='ltr'><strong>quidem</strong></span> <span class='ocrx_word' id='word_1_228' title='bbox 1301 2519 1445 2580; x_wconf 87' lang='lat' dir='ltr'><strong>occideret</strong></span> <span class='ocrx_word' id='word_1_229' title='bbox 1467 2522 1497 2579; x_wconf 91' lang='lat' dir='ltr'><strong>in</strong></span> 
     </span>
     <span class='ocr_line' id='line_1_26' title="bbox 142 2604 1498 2685; baseline 0.003 -20"><span class='ocrx_word' id='word_1_230' title='bbox 142 2604 309 2677; x_wconf 87' lang='lat' dir='ltr'><strong>Germania,</strong></span> <span class='ocrx_word' id='word_1_231' title='bbox 333 2605 359 2663; x_wconf 91' lang='grc'><strong>61</strong></span> <span class='ocrx_word' id='word_1_232' title='bbox 382 2607 448 2680; x_wconf 89' lang='grc'><strong>6616</strong></span> <span class='ocrx_word' id='word_1_233' title='bbox 462 2610 675 2683; x_wconf 89' lang='lat' dir='ltr'><strong>pernoctasset,</strong></span> <span class='ocrx_word' id='word_1_234' title='bbox 699 2605 766 2665; x_wconf 92' lang='lat' dir='ltr'><strong>inde</strong></span> <span class='ocrx_word' id='word_1_235' title='bbox 787 2606 904 2680; x_wconf 81' lang='grc'><strong>1661666,</strong></span> <span class='ocrx_word' id='word_1_236' title='bbox 928 2605 1498 2685; x_wconf 69' lang='grc'><strong>616616666166666666666166616666</strong></span> 
     </span>
     <span class='ocr_line' id='line_1_27' title="bbox 143 2692 1498 2769; baseline 0.001 -17"><span class='ocrx_word' id='word_1_237' title='bbox 143 2692 235 2769; x_wconf 85' lang='lat' dir='ltr'><strong>digitu</strong></span> <span class='ocrx_word' id='word_1_238' title='bbox 259 2692 390 2767; x_wconf 84' lang='lat' dir='ltr'><strong>signans,</strong></span> <span class='ocrx_word' id='word_1_239' title='bbox 414 2694 582 2768; x_wconf 89' lang='lat' dir='ltr'><strong>opinionem</strong></span> <span class='ocrx_word' id='word_1_240' title='bbox 604 2693 727 2753; x_wconf 88' lang='lat' dir='ltr'><strong>duorum</strong></span> <span class='ocrx_word' id='word_1_241' title='bbox 752 2700 930 2753; x_wconf 89' lang='lat' dir='ltr'><strong>cometarum</strong></span> <span class='ocrx_word' id='word_1_242' title='bbox 954 2695 1135 2754; x_wconf 85' lang='lat' dir='ltr'><strong>excitaverit.</strong></span> <span class='ocrx_word' id='word_1_243' title='bbox 1173 2693 1242 2768; x_wconf 80' lang='lat' dir='ltr'><strong>Alii,</strong></span> <span class='ocrx_word' id='word_1_244' title='bbox 1266 2711 1332 2753; x_wconf 91' lang='lat' dir='ltr'><strong>cum</strong></span> <span class='ocrx_word' id='word_1_245' title='bbox 1355 2701 1498 2756; x_wconf 88' lang='lat' dir='ltr'><strong>cometam</strong></span> 
     </span>
     <span class='ocr_line' id='line_1_28' title="bbox 142 2779 1542 2863; baseline 0.001 -25"><span class='ocrx_word' id='word_1_246' title='bbox 142 2785 329 2856; x_wconf 88' lang='lat' dir='ltr'><strong>quaererent,</strong></span> <span class='ocrx_word' id='word_1_247' title='bbox 352 2781 381 2838; x_wconf 94' lang='lat' dir='ltr'><strong>iu</strong></span> <span class='ocrx_word' id='word_1_248' title='bbox 404 2779 529 2841; x_wconf 88' lang='lat' dir='ltr'><strong>Veneris</strong></span> <span class='ocrx_word' id='word_1_249' title='bbox 550 2779 666 2840; x_wconf 86' lang='grc'><strong>61611666</strong></span> <span class='ocrx_word' id='word_1_250' title='bbox 689 2783 718 2839; x_wconf 91' lang='grc'><strong>16</strong></span> <span class='ocrx_word' id='word_1_251' title='bbox 742 2796 847 2840; x_wconf 87' lang='lat' dir='ltr'><strong>occasu</strong></span> <span class='ocrx_word' id='word_1_252' title='bbox 869 2787 938 2856; x_wconf 90' lang='grc'><strong>6661</strong></span> <span class='ocrx_word' id='word_1_253' title='bbox 960 2779 1060 2840; x_wconf 91' lang='lat' dir='ltr'><strong>Solem</strong></span> <span class='ocrx_word' id='word_1_254' title='bbox 1082 2781 1229 2841; x_wconf 87' lang='lat' dir='ltr'><strong>lucentem</strong></span> <span class='ocrx_word' id='word_1_255' title='bbox 1252 2782 1424 2855; x_wconf 85' lang='lat' dir='ltr'><strong>inciderunt,</strong></span> <span class='ocrx_word' id='word_1_256' title='bbox 1447 2783 1498 2841; x_wconf 90' lang='lat' dir='ltr'><strong>alii</strong></span> <span class='ocrx_word' id='word_1_257' title='bbox 1540 2859 1542 2863; x_wconf 23' lang='grc' dir='ltr'>Ι</span> 
     </span>
     <span class='ocr_line' id='line_1_29' title="bbox 142 2865 1498 2947; baseline 0.001 -22"><span class='ocrx_word' id='word_1_258' title='bbox 142 2869 169 2925; x_wconf 90' lang='grc'><strong>16</strong></span> <span class='ocrx_word' id='word_1_259' title='bbox 191 2865 320 2940; x_wconf 84' lang='lat' dir='ltr'><strong>Jorem,</strong></span> <span class='ocrx_word' id='word_1_260' title='bbox 349 2883 387 2926; x_wconf 87' lang='lat' dir='ltr'><strong>ex</strong></span> <span class='ocrx_word' id='word_1_261' title='bbox 418 2873 484 2927; x_wconf 92' lang='lat' dir='ltr'><strong>ortu</strong></span> <span class='ocrx_word' id='word_1_262' title='bbox 515 2875 683 2944; x_wconf 88' lang='lat' dir='ltr'><strong>surgentem</strong></span> <span class='ocrx_word' id='word_1_263' title='bbox 713 2867 863 2927; x_wconf 89' lang='lat' dir='ltr'><strong>occidente</strong></span> <span class='ocrx_word' id='word_1_264' title='bbox 887 2867 964 2928; x_wconf 85' lang='lat' dir='ltr'><strong>Sole.</strong></span> <span class='ocrx_word' id='word_1_265' title='bbox 1009 2867 1040 2926; x_wconf 95' lang='grc' dir='ltr'><strong>Ι6</strong></span> <span class='ocrx_word' id='word_1_266' title='bbox 1072 2871 1149 2929; x_wconf 90' lang='lat' dir='ltr'><strong>enim</strong></span> <span class='ocrx_word' id='word_1_267' title='bbox 1171 2875 1241 2928; x_wconf 90' lang='lat' dir='ltr'><strong>tunc</strong></span> <span class='ocrx_word' id='word_1_268' title='bbox 1263 2869 1348 2929; x_wconf 89' lang='lat' dir='ltr'><strong>simul</strong></span> <span class='ocrx_word' id='word_1_269' title='bbox 1372 2886 1498 2947; x_wconf 90' lang='lat' dir='ltr'><strong>acrony-</strong></span> 
     </span>
     <span class='ocr_line' id='line_1_30' title="bbox 143 2952 1498 3033; baseline 0.001 -19"><span class='ocrx_word' id='word_1_270' title='bbox 143 2953 233 3028; x_wconf 83' lang='lat' dir='ltr'><strong>chius,</strong></span> <span class='ocrx_word' id='word_1_271' title='bbox 257 2952 346 3013; x_wconf 91' lang='lat' dir='ltr'><strong>simul</strong></span> <span class='ocrx_word' id='word_1_272' title='bbox 368 2954 397 3010; x_wconf 94' lang='lat' dir='ltr'><strong>in</strong></span> <span class='ocrx_word' id='word_1_273' title='bbox 421 2954 583 3015; x_wconf 90' lang='grc'><strong>6666616166</strong></span> <span class='ocrx_word' id='word_1_274' title='bbox 606 2958 771 3032; x_wconf 88' lang='lat' dir='ltr'><strong>perigacus,</strong></span> <span class='ocrx_word' id='word_1_275' title='bbox 794 2963 919 3031; x_wconf 88' lang='lat' dir='ltr'><strong>utroque</strong></span> <span class='ocrx_word' id='word_1_276' title='bbox 941 2957 1059 3016; x_wconf 89' lang='lat' dir='ltr'><strong>nomine</strong></span> <span class='ocrx_word' id='word_1_277' title='bbox 1081 2955 1178 3016; x_wconf 87' lang='lat' dir='ltr'><strong>Terris</strong></span> <span class='ocrx_word' id='word_1_278' title='bbox 1200 2959 1381 3033; x_wconf 86' lang='lat' dir='ltr'><strong>propinquus</strong></span> <span class='ocrx_word' id='word_1_279' title='bbox 1397 2963 1498 3016; x_wconf 90' lang='lat' dir='ltr'><strong>tanto·</strong></span> 
     </span>
     <span class='ocr_line' id='line_1_31' title="bbox 143 3041 1499 3119; baseline 0.001 -18"><span class='ocrx_word' id='word_1_280' title='bbox 143 3058 197 3118; x_wconf 91' lang='lat' dir='ltr'><strong>quc</strong></span> <span class='ocrx_word' id='word_1_281' title='bbox 220 3041 334 3116; x_wconf 86' lang='lat' dir='ltr'><strong>majore</strong></span> <span class='ocrx_word' id='word_1_282' title='bbox 355 3043 455 3117; x_wconf 84' lang='grc'><strong>666616</strong></span> <span class='ocrx_word' id='word_1_283' title='bbox 477 3047 508 3102; x_wconf 91' lang='grc'><strong>61</strong></span> <span class='ocrx_word' id='word_1_284' title='bbox 530 3042 644 3102; x_wconf 86' lang='grc'><strong>61661661</strong></span> <span class='ocrx_word' id='word_1_285' title='bbox 667 3042 777 3104; x_wconf 88' lang='lat' dir='ltr'><strong>lumina</strong></span> <span class='ocrx_word' id='word_1_286' title='bbox 800 3042 871 3116; x_wconf 89' lang='grc'><strong>1611,</strong></span> <span class='ocrx_word' id='word_1_287' title='bbox 901 3042 980 3119; x_wconf 90' lang='grc'><strong>6666</strong></span> <span class='ocrx_word' id='word_1_288' title='bbox 1008 3042 1163 3104; x_wconf 88' lang='lat' dir='ltr'><strong>duodecim</strong></span> <span class='ocrx_word' id='word_1_289' title='bbox 1191 3060 1333 3103; x_wconf 90' lang='lat' dir='ltr'><strong>annorum</strong></span> <span class='ocrx_word' id='word_1_290' title='bbox 1357 3043 1499 3103; x_wconf 89' lang='lat' dir='ltr'><strong>curriculo</strong></span> 
     </span>
     <span class='ocr_line' id='line_1_32' title="bbox 143 3126 1501 3206; baseline -0.001 -16"><span class='ocrx_word' id='word_1_291' title='bbox 143 3126 233 3190; x_wconf 84' lang='lat' dir='ltr'><strong>semel</strong></span> <span class='ocrx_word' id='word_1_292' title='bbox 256 3129 284 3188; x_wconf 88' lang='lat' dir='ltr'><strong>ei</strong></span> <span class='ocrx_word' id='word_1_293' title='bbox 307 3129 459 3204; x_wconf 90' lang='lat' dir='ltr'><strong>contingit.</strong></span> <span class='ocrx_word' id='word_1_294' title='bbox 496 3128 602 3205; x_wconf 90' lang='lat' dir='ltr'><strong>Itaque</strong></span> <span class='ocrx_word' id='word_1_295' title='bbox 625 3147 660 3189; x_wconf 89' lang='lat' dir='ltr'><strong>er</strong></span> <span class='ocrx_word' id='word_1_296' title='bbox 683 3128 773 3190; x_wconf 92' lang='lat' dir='ltr'><strong>ltalia</strong></span> <span class='ocrx_word' id='word_1_297' title='bbox 794 3133 985 3206; x_wconf 89' lang='lat' dir='ltr'><strong>perscriptum</strong></span> <span class='ocrx_word' id='word_1_298' title='bbox 1009 3138 1062 3205; x_wconf 90' lang='grc'><strong>661,</strong></span> <span class='ocrx_word' id='word_1_299' title='bbox 1086 3130 1160 3191; x_wconf 90' lang='grc'><strong>6666</strong></span> <span class='ocrx_word' id='word_1_300' title='bbox 1176 3148 1241 3191; x_wconf 93' lang='grc'><strong>6666</strong></span> <span class='ocrx_word' id='word_1_301' title='bbox 1257 3138 1395 3205; x_wconf 88' lang='lat' dir='ltr'><strong>cometas,</strong></span> <span class='ocrx_word' id='word_1_302' title='bbox 1419 3134 1501 3192; x_wconf 89' lang='grc'><strong>6661-</strong></span> 
     </span>
     <span class='ocr_line' id='line_1_33' title="bbox 143 3215 1551 3294; baseline 0.004 -20"><span class='ocrx_word' id='word_1_303' title='bbox 143 3215 289 3276; x_wconf 87' lang='lat' dir='ltr'><strong>deutalcm</strong></span> <span class='ocrx_word' id='word_1_304' title='bbox 319 3215 459 3290; x_wconf 87' lang='lat' dir='ltr'><strong>alterurn,</strong></span> <span class='ocrx_word' id='word_1_305' title='bbox 487 3217 632 3293; x_wconf 90' lang='lat' dir='ltr'><strong>reliquum</strong></span> <span class='ocrx_word' id='word_1_306' title='bbox 661 3216 847 3290; x_wconf 89' lang='lat' dir='ltr'><strong>orientalem,</strong></span> <span class='ocrx_word' id='word_1_307' title='bbox 879 3224 1001 3277; x_wconf 89' lang='lat' dir='ltr'><strong>naturae</strong></span> <span class='ocrx_word' id='word_1_308' title='bbox 1033 3234 1174 3278; x_wconf 88' lang='lat' dir='ltr'><strong>amoenae</strong></span> <span class='ocrx_word' id='word_1_309' title='bbox 1197 3225 1227 3278; x_wconf 87' lang='grc'><strong>61</strong></span> <span class='ocrx_word' id='word_1_310' title='bbox 1245 3218 1375 3294; x_wconf 82' lang='lat' dir='ltr'><strong>jovialis.</strong></span> <span class='ocrx_word' id='word_1_311' title='bbox 1421 3219 1499 3279; x_wconf 88' lang='lat' dir='ltr'><strong>Hem</strong></span> <span class='ocrx_word' id='word_1_312' title='bbox 1548 3248 1551 3253; x_wconf 93' lang='lat'><em>·</em></span> 
     </span>
     <span class='ocr_line' id='line_1_34' title="bbox 142 3302 1500 3382; baseline 0.004 -21"><span class='ocrx_word' id='word_1_313' title='bbox 142 3303 192 3362; x_wconf 92' lang='lat' dir='ltr'><strong>tihi</strong></span> <span class='ocrx_word' id='word_1_314' title='bbox 224 3308 409 3363; x_wconf 79' lang='grc'><strong>6616666666</strong></span> <span class='ocrx_word' id='word_1_315' title='bbox 442 3302 603 3364; x_wconf 79' lang='lat' dir='ltr'><strong>veridicos!</strong></span> <span class='ocrx_word' id='word_1_316' title='bbox 645 3305 720 3364; x_wconf 88' lang='lat' dir='ltr'><strong>Nam</strong></span> <span class='ocrx_word' id='word_1_317' title='bbox 759 3303 789 3363; x_wconf 90' lang='lat' dir='ltr'><strong>id</strong></span> <span class='ocrx_word' id='word_1_318' title='bbox 823 3304 898 3364; x_wconf 80' lang='lat' dir='ltr'><strong>adeo</strong></span> <span class='ocrx_word' id='word_1_319' title='bbox 933 3322 1034 3365; x_wconf 88' lang='lat' dir='ltr'><strong>verum</strong></span> <span class='ocrx_word' id='word_1_320' title='bbox 1067 3312 1197 3380; x_wconf 74' lang='grc'><strong>661,,61</strong></span> <span class='ocrx_word' id='word_1_321' title='bbox 1231 3308 1380 3382; x_wconf 87' lang='lat' dir='ltr'><strong>ipsissima</strong></span> <span class='ocrx_word' id='word_1_322' title='bbox 1411 3305 1500 3368; x_wconf 86' lang='lat' dir='ltr'><strong>Jovis</strong></span> 
     </span>
    </p>

    <p class='ocr_par' dir='ltr' id='par_1_9' title="bbox 143 3475 1499 3639">
     <span class='ocr_line' id='line_1_35' title="bbox 245 3475 1499 3557; baseline 0.002 -20"><span class='ocrx_word' id='word_1_323' title='bbox 245 3475 416 3537; x_wconf 77' lang='lat' dir='ltr'><strong>caudam</strong></span> <span class='ocrx_word' id='word_1_324' title='bbox 438 3477 591 3554; x_wconf 90' lang='lat' dir='ltr'><strong>principio,</strong></span> <span class='ocrx_word' id='word_1_325' title='bbox 617 3493 683 3536; x_wconf 87' lang='lat' dir='ltr'><strong>cunr</strong></span> <span class='ocrx_word' id='word_1_326' title='bbox 705 3481 801 3537; x_wconf 90' lang='lat' dir='ltr'><strong>tenuis</strong></span> <span class='ocrx_word' id='word_1_327' title='bbox 824 3477 942 3538; x_wconf 90' lang='lat' dir='ltr'><strong>luminis</strong></span> <span class='ocrx_word' id='word_1_328' title='bbox 965 3480 1060 3554; x_wconf 90' lang='grc'><strong>166611,</strong></span> <span class='ocrx_word' id='word_1_329' title='bbox 1084 3497 1154 3557; x_wconf 89' lang='grc'><strong>6666</strong></span> <span class='ocrx_word' id='word_1_330' title='bbox 1177 3479 1327 3540; x_wconf 89' lang='lat' dir='ltr'><strong>oculorum</strong></span> <span class='ocrx_word' id='word_1_331' title='bbox 1342 3480 1499 3541; x_wconf 86' lang='lat' dir='ltr'><strong>imbecilli·</strong></span> 
     </span>
     <span class='ocr_line' id='line_1_36' title="bbox 143 3562 1498 3639; baseline 0.001 -13"><span class='ocrx_word' id='word_1_332' title='bbox 143 3572 200 3626; x_wconf 85' lang='lat' dir='ltr'><strong>tate</strong></span> <span class='ocrx_word' id='word_1_333' title='bbox 222 3562 325 3624; x_wconf 85' lang='lat' dir='ltr'><strong>videre</strong></span> <span class='ocrx_word' id='word_1_334' title='bbox 348 3580 407 3622; x_wconf 94' lang='lat' dir='ltr'><strong>non</strong></span> <span class='ocrx_word' id='word_1_335' title='bbox 428 3565 527 3639; x_wconf 88' lang='lat' dir='ltr'><strong>potui,</strong></span> <span class='ocrx_word' id='word_1_336' title='bbox 551 3562 687 3624; x_wconf 88' lang='lat' dir='ltr'><strong>videmnt</strong></span> <span class='ocrx_word' id='word_1_337' title='bbox 709 3572 807 3627; x_wconf 90' lang='lat' dir='ltr'><strong>tamen</strong></span> <span class='ocrx_word' id='word_1_338' title='bbox 830 3565 890 3627; x_wconf 89' lang='lat' dir='ltr'><strong>alii.</strong></span> <span class='ocrx_word' id='word_1_339' title='bbox 936 3566 1057 3627; x_wconf 88' lang='lat' dir='ltr'><strong>Detexit</strong></span> <span class='ocrx_word' id='word_1_340' title='bbox 1079 3570 1156 3626; x_wconf 84' lang='lat' dir='ltr'><strong>enirn</strong></span> <span class='ocrx_word' id='word_1_341' title='bbox 1179 3575 1323 3627; x_wconf 88' lang='lat' dir='ltr'><strong>comatam</strong></span> <span class='ocrx_word' id='word_1_342' title='bbox 1346 3568 1417 3626; x_wconf 91' lang='lat' dir='ltr'><strong>mihi</strong></span> <span class='ocrx_word' id='word_1_343' title='bbox 1440 3581 1498 3628; x_wconf 90' lang='lat' dir='ltr'><strong>non</strong></span> 
     </span>
    </p>
   </div>
   <div class='ocr_carea' id='block_1_6' title="bbox 144 3650 1608 3733">
    <p class='ocr_par' dir='ltr' id='par_1_10' title="bbox 144 3650 1608 3733">
     <span class='ocr_line' id='line_1_37' title="bbox 144 3650 1608 3733; baseline 0.003 -21"><span class='ocrx_word' id='word_1_344' title='bbox 144 3651 245 3726; x_wconf 82' lang='lat' dir='ltr'><strong>cauda,</strong></span> <span class='ocrx_word' id='word_1_345' title='bbox 270 3650 323 3711; x_wconf 89' lang='grc'><strong>666</strong></span> <span class='ocrx_word' id='word_1_346' title='bbox 346 3652 494 3726; x_wconf 88' lang='lat' dir='ltr'><strong>quantitas</strong></span> <span class='ocrx_word' id='word_1_347' title='bbox 517 3650 621 3711; x_wconf 87' lang='lat' dir='ltr'><strong>stellae</strong></span> <span class='ocrx_word' id='word_1_348' title='bbox 644 3651 709 3711; x_wconf 92' lang='lat' dir='ltr'><strong>loco</strong></span> <span class='ocrx_word' id='word_1_349' title='bbox 733 3652 816 3726; x_wconf 90' lang='lat' dir='ltr'><strong>coeli,</strong></span> <span class='ocrx_word' id='word_1_350' title='bbox 841 3655 891 3713; x_wconf 93' lang='lat' dir='ltr'><strong>ubi</strong></span> <span class='ocrx_word' id='word_1_351' title='bbox 914 3655 1054 3727; x_wconf 90' lang='lat' dir='ltr'><strong>sciebam,</strong></span> <span class='ocrx_word' id='word_1_352' title='bbox 1077 3655 1188 3713; x_wconf 87' lang='lat' dir='ltr'><strong>nullam</strong></span> <span class='ocrx_word' id='word_1_353' title='bbox 1206 3664 1265 3714; x_wconf 82' lang='lat' dir='ltr'><strong>tani</strong></span> <span class='ocrx_word' id='word_1_354' title='bbox 1280 3673 1418 3733; x_wconf 87' lang='lat' dir='ltr'><strong>magnam</strong></span> <span class='ocrx_word' id='word_1_355' title='bbox 1434 3675 1499 3717; x_wconf 89' lang='lat' dir='ltr'><strong>esse</strong></span> <span class='ocrx_word' id='word_1_356' title='bbox 1602 3715 1608 3729; x_wconf 83' lang='grc'><strong>,</strong></span> 
     </span>
    </p>
   </div>
   <div class='ocr_carea' id='block_1_7' title="bbox 143 3737 1500 4867">
    <p class='ocr_par' dir='ltr' id='par_1_11' title="bbox 143 3737 1499 3992">
     <span class='ocr_line' id='line_1_38' title="bbox 144 3737 1499 3813; baseline 0.002 -14"><span class='ocrx_word' id='word_1_357' title='bbox 144 3740 238 3801; x_wconf 82' lang='lat' dir='ltr'><strong>fixam.</strong></span> <span class='ocrx_word' id='word_1_358' title='bbox 277 3737 425 3798; x_wconf 81' lang='lat' dir='ltr'><strong>Matutino</strong></span> <span class='ocrx_word' id='word_1_359' title='bbox 448 3744 546 3799; x_wconf 88' lang='lat' dir='ltr'><strong>tamen</strong></span> <span class='ocrx_word' id='word_1_360' title='bbox 570 3738 677 3799; x_wconf 91' lang='grc'><strong>6166616</strong></span> <span class='ocrx_word' id='word_1_361' title='bbox 700 3757 815 3800; x_wconf 88' lang='lat' dir='ltr'><strong>sursum</strong></span> <span class='ocrx_word' id='word_1_362' title='bbox 837 3758 923 3800; x_wconf 86' lang='lat' dir='ltr'><strong>versa</strong></span> <span class='ocrx_word' id='word_1_363' title='bbox 940 3741 1061 3801; x_wconf 88' lang='lat' dir='ltr'><strong>evidens</strong></span> <span class='ocrx_word' id='word_1_364' title='bbox 1080 3741 1230 3801; x_wconf 80' lang='lat' dir='ltr'><strong>satisfuit.</strong></span> <span class='ocrx_word' id='word_1_365' title='bbox 1265 3743 1374 3804; x_wconf 85' lang='lat' dir='ltr'><strong>Notavi</strong></span> <span class='ocrx_word' id='word_1_366' title='bbox 1390 3750 1499 3813; x_wconf 89' lang='lat' dir='ltr'><strong>tarncn,</strong></span> 
     </span>
     <span class='ocr_line' id='line_1_39' title="bbox 143 3825 1499 3908; baseline 0.004 -22"><span class='ocrx_word' id='word_1_367' title='bbox 143 3826 246 3888; x_wconf 88' lang='lat' dir='ltr'><strong>melius</strong></span> <span class='ocrx_word' id='word_1_368' title='bbox 270 3842 410 3903; x_wconf 90' lang='grc'><strong>66666666</strong></span> <span class='ocrx_word' id='word_1_369' title='bbox 433 3825 574 3900; x_wconf 88' lang='lat' dir='ltr'><strong>caudam,</strong></span> <span class='ocrx_word' id='word_1_370' title='bbox 600 3826 692 3886; x_wconf 91' lang='lat' dir='ltr'><strong>oculis</strong></span> <span class='ocrx_word' id='word_1_371' title='bbox 714 3834 832 3904; x_wconf 88' lang='lat' dir='ltr'><strong>propter</strong></span> <span class='ocrx_word' id='word_1_372' title='bbox 855 3835 1008 3901; x_wconf 89' lang='lat' dir='ltr'><strong>cometam,</strong></span> <span class='ocrx_word' id='word_1_373' title='bbox 1032 3832 1061 3886; x_wconf 92' lang='lat' dir='ltr'><strong>ln</strong></span> <span class='ocrx_word' id='word_1_374' title='bbox 1084 3829 1232 3903; x_wconf 87' lang='lat' dir='ltr'><strong>viciniam,</strong></span> <span class='ocrx_word' id='word_1_375' title='bbox 1256 3830 1387 3906; x_wconf 86' lang='lat' dir='ltr'><strong>directis,</strong></span> <span class='ocrx_word' id='word_1_376' title='bbox 1412 3852 1499 3908; x_wconf 91' lang='lat' dir='ltr'><strong>quam</strong></span> 
     </span>
     <span class='ocr_line' id='line_1_40' title="bbox 144 3911 1303 3992; baseline 0.003 -19"><span class='ocrx_word' id='word_1_377' title='bbox 144 3916 168 3973; x_wconf 90' lang='lat' dir='ltr'><strong>si</strong></span> <span class='ocrx_word' id='word_1_378' title='bbox 190 3920 281 3992; x_wconf 89' lang='grc'><strong>66661</strong></span> <span class='ocrx_word' id='word_1_379' title='bbox 304 3911 412 3973; x_wconf 89' lang='grc'><strong>6166616</strong></span> <span class='ocrx_word' id='word_1_380' title='bbox 435 3914 636 3990; x_wconf 86' lang='lat' dir='ltr'><strong>inspexissem,</strong></span> <span class='ocrx_word' id='word_1_381' title='bbox 660 3914 904 3989; x_wconf 80' lang='grc'><strong>6616666166116</strong></span> <span class='ocrx_word' id='word_1_382' title='bbox 927 3915 1106 3976; x_wconf 87' lang='grc'><strong>6616666116</strong></span> <span class='ocrx_word' id='word_1_383' title='bbox 1130 3918 1159 3973; x_wconf 88' lang='grc'><strong>16</strong></span> <span class='ocrx_word' id='word_1_384' title='bbox 1183 3915 1303 3992; x_wconf 90' lang='grc'><strong>0611616,</strong></span> 
     </span>
    </p>

    <p class='ocr_par' dir='ltr' id='par_1_12' title="bbox 144 4000 1500 4867">
     <span class='ocr_line' id='line_1_41' title="bbox 245 4000 1500 4077; baseline 0.006 -19"><span class='ocrx_word' id='word_1_385' title='bbox 245 4001 358 4077; x_wconf 83' lang='lat' dir='ltr'><strong>Figura</strong></span> <span class='ocrx_word' id='word_1_386' title='bbox 384 4001 489 4075; x_wconf 87' lang='grc'><strong>6661116</strong></span> <span class='ocrx_word' id='word_1_387' title='bbox 517 4000 671 4076; x_wconf 85' lang='lat' dir='ltr'><strong>diligenter</strong></span> <span class='ocrx_word' id='word_1_388' title='bbox 693 4002 817 4062; x_wconf 91' lang='lat' dir='ltr'><strong>intuenti</strong></span> <span class='ocrx_word' id='word_1_389' title='bbox 841 4002 996 4062; x_wconf 87' lang='lat' dir='ltr'><strong>videbatur</strong></span> <span class='ocrx_word' id='word_1_390' title='bbox 1018 4003 1235 4077; x_wconf 89' lang='lat' dir='ltr'><strong>quodammodo</strong></span> <span class='ocrx_word' id='word_1_391' title='bbox 1259 4014 1417 4077; x_wconf 80' lang='grc'><strong>61666666,</strong></span> <span class='ocrx_word' id='word_1_392' title='bbox 1447 4005 1500 4066; x_wconf 92' lang='grc'><strong>66-</strong></span> 
     </span>
     <span class='ocr_line' id='line_1_42' title="bbox 144 4085 1498 4170; baseline 0.003 -23"><span class='ocrx_word' id='word_1_393' title='bbox 144 4088 243 4149; x_wconf 85' lang='grc'><strong>161666</strong></span> <span class='ocrx_word' id='word_1_394' title='bbox 267 4107 285 4148; x_wconf 90' lang='grc'><strong>6</strong></span> <span class='ocrx_word' id='word_1_395' title='bbox 307 4085 496 4147; x_wconf 88' lang='lat' dir='ltr'><strong>rotunditate.</strong></span> <span class='ocrx_word' id='word_1_396' title='bbox 542 4086 698 4162; x_wconf 86' lang='lat' dir='ltr'><strong>Quantitas</strong></span> <span class='ocrx_word' id='word_1_397' title='bbox 722 4090 816 4164; x_wconf 89' lang='lat' dir='ltr'><strong>major</strong></span> <span class='ocrx_word' id='word_1_398' title='bbox 839 4091 974 4149; x_wconf 88' lang='lat' dir='ltr'><strong>omnibus</strong></span> <span class='ocrx_word' id='word_1_399' title='bbox 997 4090 1072 4163; x_wconf 85' lang='lat' dir='ltr'><strong>lixis,</strong></span> <span class='ocrx_word' id='word_1_400' title='bbox 1095 4090 1192 4150; x_wconf 92' lang='lat' dir='ltr'><strong>lumen</strong></span> <span class='ocrx_word' id='word_1_401' title='bbox 1217 4091 1322 4165; x_wconf 90' lang='lat' dir='ltr'><strong>debile,</strong></span> <span class='ocrx_word' id='word_1_402' title='bbox 1346 4092 1498 4170; x_wconf 88' lang='lat' dir='ltr'><strong>pallidum,</strong></span> 
     </span>
     <span class='ocr_line' id='line_1_43' title="bbox 144 4173 1499 4254; baseline 0.004 -19"><span class='ocrx_word' id='word_1_403' title='bbox 144 4193 305 4254; x_wconf 88' lang='lat' dir='ltr'><strong>aquosum,</strong></span> <span class='ocrx_word' id='word_1_404' title='bbox 327 4181 361 4233; x_wconf 89' lang='lat' dir='ltr'><strong>ut</strong></span> <span class='ocrx_word' id='word_1_405' title='bbox 381 4173 485 4235; x_wconf 87' lang='lat' dir='ltr'><strong>Lunae</strong></span> <span class='ocrx_word' id='word_1_406' title='bbox 506 4191 597 4253; x_wconf 91' lang='grc'><strong>66666</strong></span> <span class='ocrx_word' id='word_1_407' title='bbox 619 4176 751 4235; x_wconf 89' lang='lat' dir='ltr'><strong>umbram</strong></span> <span class='ocrx_word' id='word_1_408' title='bbox 775 4176 882 4237; x_wconf 89' lang='lat' dir='ltr'><strong>Terrae</strong></span> <span class='ocrx_word' id='word_1_409' title='bbox 905 4181 1107 4251; x_wconf 89' lang='lat' dir='ltr'><strong>consistentis,</strong></span> <span class='ocrx_word' id='word_1_410' title='bbox 1131 4178 1210 4254; x_wconf 90' lang='lat' dir='ltr'><strong>quod</strong></span> <span class='ocrx_word' id='word_1_411' title='bbox 1234 4181 1329 4239; x_wconf 88' lang='lat' dir='ltr'><strong>minus</strong></span> <span class='ocrx_word' id='word_1_412' title='bbox 1354 4180 1499 4240; x_wconf 84' lang='lat' dir='ltr'><strong>diffunde·</strong></span> 
     </span>
     <span class='ocr_line' id='line_1_44' title="bbox 144 4261 1500 4341; baseline 0.003 -17"><span class='ocrx_word' id='word_1_413' title='bbox 144 4263 228 4324; x_wconf 88' lang='lat' dir='ltr'><strong>batur</strong></span> <span class='ocrx_word' id='word_1_414' title='bbox 250 4264 285 4320; x_wconf 90' lang='lat' dir='ltr'><strong>in</strong></span> <span class='ocrx_word' id='word_1_415' title='bbox 305 4263 379 4322; x_wconf 88' lang='lat' dir='ltr'><strong>meis</strong></span> <span class='ocrx_word' id='word_1_416' title='bbox 402 4261 504 4337; x_wconf 89' lang='lat' dir='ltr'><strong>oculis,</strong></span> <span class='ocrx_word' id='word_1_417' title='bbox 528 4279 616 4337; x_wconf 90' lang='lat' dir='ltr'><strong>quam</strong></span> <span class='ocrx_word' id='word_1_418' title='bbox 638 4262 770 4322; x_wconf 82' lang='lat' dir='ltr'><strong>fixarum.</strong></span> <span class='ocrx_word' id='word_1_419' title='bbox 815 4263 975 4324; x_wconf 88' lang='lat' dir='ltr'><strong>Praeterito</strong></span> <span class='ocrx_word' id='word_1_420' title='bbox 1004 4264 1182 4341; x_wconf 91' lang='lat' dir='ltr'><strong>plenilunio,</strong></span> <span class='ocrx_word' id='word_1_421' title='bbox 1214 4269 1267 4325; x_wconf 92' lang='lat' dir='ltr'><strong>etsi</strong></span> <span class='ocrx_word' id='word_1_422' title='bbox 1291 4267 1376 4326; x_wconf 88' lang='lat' dir='ltr'><strong>Luna</strong></span> <span class='ocrx_word' id='word_1_423' title='bbox 1403 4266 1500 4328; x_wconf 91' lang='lat' dir='ltr'><strong>adhuc</strong></span> 
     </span>
     <span class='ocr_line' id='line_1_45' title="bbox 146 4347 1500 4428; baseline 0.003 -18"><span class='ocrx_word' id='word_1_424' title='bbox 146 4350 237 4424; x_wconf 84' lang='lat' dir='ltr'><strong>clara,</strong></span> <span class='ocrx_word' id='word_1_425' title='bbox 269 4349 377 4411; x_wconf 89' lang='lat' dir='ltr'><strong>clarius</strong></span> <span class='ocrx_word' id='word_1_426' title='bbox 400 4347 494 4408; x_wconf 87' lang='lat' dir='ltr'><strong>cauda</strong></span> <span class='ocrx_word' id='word_1_427' title='bbox 516 4349 608 4409; x_wconf 90' lang='lat' dir='ltr'><strong>videri</strong></span> <span class='ocrx_word' id='word_1_428' title='bbox 630 4351 741 4426; x_wconf 89' lang='lat' dir='ltr'><strong>potuit,</strong></span> <span class='ocrx_word' id='word_1_429' title='bbox 768 4352 830 4427; x_wconf 90' lang='lat' dir='ltr'><strong>jam</strong></span> <span class='ocrx_word' id='word_1_430' title='bbox 853 4353 967 4421; x_wconf 82' lang='lat' dir='ltr'><strong>brevis,</strong></span> <span class='ocrx_word' id='word_1_431' title='bbox 991 4352 1147 4428; x_wconf 90' lang='lat' dir='ltr'><strong>subitoque</strong></span> <span class='ocrx_word' id='word_1_432' title='bbox 1171 4360 1219 4411; x_wconf 92' lang='lat' dir='ltr'><strong>sat</strong></span> <span class='ocrx_word' id='word_1_433' title='bbox 1240 4352 1329 4428; x_wconf 87' lang='lat' dir='ltr'><strong>longa</strong></span> <span class='ocrx_word' id='word_1_434' title='bbox 1351 4353 1389 4412; x_wconf 92' lang='grc'><strong>66</strong></span> <span class='ocrx_word' id='word_1_435' title='bbox 1414 4352 1449 4412; x_wconf 88' lang='grc'><strong>60</strong></span> <span class='ocrx_word' id='word_1_436' title='bbox 1471 4364 1500 4414; x_wconf 90' lang='grc'><strong>61</strong></span> 
     </span>
     <span class='ocr_line' id='line_1_46' title="bbox 150 4435 1499 4517; baseline 0.002 -20"><span class='ocrx_word' id='word_1_437' title='bbox 150 4435 200 4497; x_wconf 92' lang='grc'><strong>100</strong></span> <span class='ocrx_word' id='word_1_438' title='bbox 220 4439 351 4509; x_wconf 88' lang='lat' dir='ltr'><strong>micans,</strong></span> <span class='ocrx_word' id='word_1_439' title='bbox 383 4443 416 4494; x_wconf 92' lang='lat' dir='ltr'><strong>ut</strong></span> <span class='ocrx_word' id='word_1_440' title='bbox 445 4437 546 4512; x_wconf 87' lang='lat' dir='ltr'><strong>virgae</strong></span> <span class='ocrx_word' id='word_1_441' title='bbox 575 4436 766 4497; x_wconf 85' lang='lat' dir='ltr'><strong>chasmatum.</strong></span> <span class='ocrx_word' id='word_1_442' title='bbox 812 4438 923 4498; x_wconf 87' lang='lat' dir='ltr'><strong>Versus</strong></span> <span class='ocrx_word' id='word_1_443' title='bbox 953 4439 1040 4500; x_wconf 90' lang='lat' dir='ltr'><strong>linem</strong></span> <span class='ocrx_word' id='word_1_444' title='bbox 1068 4440 1259 4517; x_wconf 88' lang='lat' dir='ltr'><strong>apparitionis</strong></span> <span class='ocrx_word' id='word_1_445' title='bbox 1290 4448 1378 4517; x_wconf 87' lang='lat' dir='ltr'><strong>caput</strong></span> <span class='ocrx_word' id='word_1_446' title='bbox 1406 4442 1499 4517; x_wconf 89' lang='lat' dir='ltr'><strong>magis</strong></span> 
     </span>
     <span class='ocr_line' id='line_1_47' title="bbox 147 4522 1498 4605; baseline 0.003 -21"><span class='ocrx_word' id='word_1_447' title='bbox 147 4529 298 4603; x_wconf 76' lang='lat' dir='ltr'><strong>maghquc</strong></span> <span class='ocrx_word' id='word_1_448' title='bbox 329 4523 528 4594; x_wconf 89' lang='lat' dir='ltr'><strong>minuebatur,</strong></span> <span class='ocrx_word' id='word_1_449' title='bbox 559 4522 654 4583; x_wconf 90' lang='lat' dir='ltr'><strong>cauda</strong></span> <span class='ocrx_word' id='word_1_450' title='bbox 682 4523 808 4601; x_wconf 91' lang='lat' dir='ltr'><strong>denique</strong></span> <span class='ocrx_word' id='word_1_451' title='bbox 830 4529 966 4597; x_wconf 89' lang='lat' dir='ltr'><strong>evanuit,</strong></span> <span class='ocrx_word' id='word_1_452' title='bbox 997 4528 1105 4603; x_wconf 90' lang='grc'><strong>661666</strong></span> <span class='ocrx_word' id='word_1_453' title='bbox 1128 4533 1241 4586; x_wconf 87' lang='lat' dir='ltr'><strong>cometa</strong></span> <span class='ocrx_word' id='word_1_454' title='bbox 1262 4534 1437 4605; x_wconf 87' lang='lat' dir='ltr'><strong>properante</strong></span> <span class='ocrx_word' id='word_1_455' title='bbox 1461 4528 1498 4588; x_wconf 89' lang='lat' dir='ltr'><strong>ad</strong></span> 
     </span>
     <span class='ocr_line' id='line_1_48' title="bbox 149 4608 1499 4689; baseline 0.004 -18"><span class='ocrx_word' id='word_1_456' title='bbox 149 4629 281 4674; x_wconf 83' lang='grc'><strong>66666666</strong></span> <span class='ocrx_word' id='word_1_457' title='bbox 303 4610 449 4672; x_wconf 90' lang='lat' dir='ltr'><strong>bellacum</strong></span> <span class='ocrx_word' id='word_1_458' title='bbox 472 4616 575 4671; x_wconf 91' lang='grc'><strong>6111.</strong></span> <span class='ocrx_word' id='word_1_459' title='bbox 600 4616 650 4671; x_wconf 88' lang='grc'><strong>16.</strong></span> <span class='ocrx_word' id='word_1_460' title='bbox 675 4608 780 4672; x_wconf 89' lang='lat' dir='ltr'><strong>Octob.</strong></span> <span class='ocrx_word' id='word_1_461' title='bbox 805 4615 919 4674; x_wconf 90' lang='lat' dir='ltr'><strong>nonnisi</strong></span> <span class='ocrx_word' id='word_1_462' title='bbox 942 4613 1062 4687; x_wconf 89' lang='lat' dir='ltr'><strong>humili,</strong></span> <span class='ocrx_word' id='word_1_463' title='bbox 1086 4631 1174 4689; x_wconf 88' lang='lat' dir='ltr'><strong>supra</strong></span> <span class='ocrx_word' id='word_1_464' title='bbox 1196 4621 1310 4674; x_wconf 87' lang='lat' dir='ltr'><strong>montes</strong></span> <span class='ocrx_word' id='word_1_465' title='bbox 1334 4614 1412 4675; x_wconf 87' lang='lat' dir='ltr'><strong>claro</strong></span> <span class='ocrx_word' id='word_1_466' title='bbox 1435 4632 1499 4677; x_wconf 91' lang='lat' dir='ltr'><strong>cre·</strong></span> 
     </span>
     <span class='ocr_line' id='line_1_49' title="bbox 148 4696 1498 4777; baseline 0.002 -16"><span class='ocrx_word' id='word_1_467' title='bbox 148 4699 266 4775; x_wconf 84' lang='grc'><strong>6666616</strong></span> <span class='ocrx_word' id='word_1_468' title='bbox 283 4699 344 4759; x_wconf 85' lang='lat' dir='ltr'><strong>sub</strong></span> <span class='ocrx_word' id='word_1_469' title='bbox 369 4716 447 4774; x_wconf 88' lang='lat' dir='ltr'><strong>genu</strong></span> <span class='ocrx_word' id='word_1_470' title='bbox 469 4696 617 4776; x_wconf 88' lang='lat' dir='ltr'><strong>Ophiuchi</strong></span> <span class='ocrx_word' id='word_1_471' title='bbox 640 4706 816 4775; x_wconf 90' lang='lat' dir='ltr'><strong>apparente,</strong></span> <span class='ocrx_word' id='word_1_472' title='bbox 849 4718 936 4777; x_wconf 88' lang='lat' dir='ltr'><strong>quam</strong></span> <span class='ocrx_word' id='word_1_473' title='bbox 967 4700 1082 4761; x_wconf 88' lang='lat' dir='ltr'><strong>stellam</strong></span> <span class='ocrx_word' id='word_1_474' title='bbox 1104 4700 1164 4760; x_wconf 88' lang='lat' dir='ltr'><strong>iere</strong></span> <span class='ocrx_word' id='word_1_475' title='bbox 1187 4705 1341 4777; x_wconf 89' lang='grc'><strong>66666611,</strong></span> <span class='ocrx_word' id='word_1_476' title='bbox 1372 4702 1498 4764; x_wconf 89' lang='lat' dir='ltr'><strong>nebulae</strong></span> 
     </span>
     <span class='ocr_line' id='line_1_50' title="bbox 149 4784 1499 4867; baseline 0.002 -18"><span class='ocrx_word' id='word_1_477' title='bbox 149 4789 273 4865; x_wconf 78' lang='grc'><strong>66661666</strong></span> <span class='ocrx_word' id='word_1_478' title='bbox 292 4787 415 4866; x_wconf 88' lang='grc'><strong>6666166</strong></span> <span class='ocrx_word' id='word_1_479' title='bbox 429 4784 566 4862; x_wconf 77' lang='lat' dir='ltr'><strong>reserem,</strong></span> <span class='ocrx_word' id='word_1_480' title='bbox 579 4802 678 4863; x_wconf 63' lang='lat' dir='ltr'><strong>‚quam</strong></span> <span class='ocrx_word' id='word_1_481' title='bbox 693 4786 804 4848; x_wconf 89' lang='lat' dir='ltr'><strong>stellae.</strong></span> <span class='ocrx_word' id='word_1_482' title='bbox 836 4788 929 4866; x_wconf 85' lang='lat' dir='ltr'><strong>Igitur</strong></span> <span class='ocrx_word' id='word_1_483' title='bbox 943 4795 973 4848; x_wconf 91' lang='lat' dir='ltr'><strong>ct</strong></span> <span class='ocrx_word' id='word_1_484' title='bbox 988 4787 1057 4849; x_wconf 85' lang='lat' dir='ltr'><strong>Sole</strong></span> <span class='ocrx_word' id='word_1_485' title='bbox 1072 4790 1324 4867; x_wconf 85' lang='lat' dir='ltr'><strong>appropinquante</strong></span> <span class='ocrx_word' id='word_1_486' title='bbox 1339 4797 1370 4850; x_wconf 91' lang='lat' dir='ltr'><strong>et</strong></span> <span class='ocrx_word' id='word_1_487' title='bbox 1384 4798 1499 4852; x_wconf 87' lang='lat' dir='ltr'><strong>cometa</strong></span> 
     </span>
    </p>
   </div>
   <div class='ocr_carea' id='block_1_8' title="bbox 0 0 1655 5520">
    <p class='ocr_par' dir='ltr' id='par_1_13' title="bbox 0 0 1655 5520">
     <span class='ocr_line' id='line_1_51' title="bbox 0 0 1655 5520; baseline 0 0"><span class='ocrx_word' id='word_1_488' title='bbox 0 0 1655 5520; x_wconf 95' lang='lat' dir='ltr'><strong> </strong></span> 
     </span>
    </p>
   </div>
  </div>
 </body>
</html>
