3284 5520
707 307 954 378 Logarithmorum.
1432 309 1496 379 335

144 491 183 552 At
203 489 251 553 Iu
280 498 328 552 est
353 489 448 567 maior
470 491 536 567 ipsa
558 488 625 563 01),
656 487 752 564 juncti
774 489 863 566 igitur
885 506 1022 551 excessus
1045 490 1172 550 secantis
1194 486 1239 548 10
1261 496 1291 550 ιι
1312 492 1421 566 sagitta
1445 490 1497 550 OD

138 578 203 657 plus
226 578 368 652 cificIunt,
392 595 480 653 quam
503 576 625 654 duplum
646 577 739 652 ipsius
763 575 825 636 01).

242 673 290 735 Sit
311 671 416 735 deiude
439 672 499 733 alia
521 688 716 750 quaecunque
738 672 833 729 minor
855 672 934 731 linea
955 674 1152 749 proportionis
1176 673 1348 747 continuae,
1378 680 1410 732 ut
1433 674 1497 748 AB,

138 770 164 822 et
186 759 281 822 dueta
301 761 379 823 exB
402 760 634 838 perpendiculari
657 761 687 817 in
710 758 971 819 circumferentiam
991 759 1015 817 E
1039 762 1236 836 connexisquc
1261 760 1338 832 A,B
1362 768 1391 819 ct
1414 761 1451 834 D,
1470 759 1498 821 G

139 851 319 910 continuatis
341 852 371 909 in
394 849 435 922 B,
464 851 502 907 sit
525 849 574 908 EF
597 863 736 907 excessus
758 849 885 906 secantis
907 855 937 906 ct
959 847 1014 905 BD
1038 849 1147 924 sagitta
1171 847 1301 924 ejusdem
1325 865 1409 907 arcus
1433 849 1495 907 BD.

137 936 215 997 Dico
232 936 353 1013 junctos
370 936 418 995 BF
442 942 473 996 ei
487 936 541 995 BD
564 939 660 996 iacere
676 934 742 1011 plus
759 951 849 1011 quam
872 933 994 1012 duplum
1009 932 1175 1012 lugaritbmi
1199 933 1237 994 ad
1253 935 1307 994 BA
1330 936 1499 1012 apponendi

138 1042 190 1085 seu
214 1042 371 1086 mensurae
394 1025 485 1102 ipsius
508 1024 572 1097 BA,
596 1023 652 1081 AD
675 1024 881 1099 proportionis.

246 1120 325 1196 Quia
354 1128 399 1180 est
427 1126 459 1179 ut
481 1118 535 1177 BA
566 1117 605 1179 ad
628 1117 683 1176 AD
713 1119 756 1177 sic
778 1118 835 1176 DA
863 1116 902 1176 au
926 1116 977 1176 AB
1010 1125 1040 1177 ct
1062 1118 1114 1177 CA
1145 1118 1243 1179 media
1274 1118 1498 1198 proportionalis

140 1211 217 1269 iuter
238 1208 305 1282 BA,
329 1207 395 1281 AD,
417 1208 562 1282 utigitur
584 1206 639 1264 BA
661 1205 699 1264 ad
721 1205 773 1264 Ac
796 1206 839 1264 sie
861 1203 918 1264 GA
934 1204 971 1263 ari
988 1204 1050 1277 AB,
1074 1222 1165 1282 quare
1188 1204 1280 1285 (Buci.
1297 1207 1333 1266 V.
1351 1207 1416 1284 25.)
1434 1207 1499 1279 BA,

140 1295 192 1356 AB
214 1296 338 1372 junctae
361 1301 430 1354 sunt
450 1293 599 1369 longiores
619 1293 732 1368 junctis
755 1293 816 1366 CA,
842 1292 906 1365 AG,
930 1294 994 1351 aive
1017 1294 1088 1369 quia
1112 1301 1144 1353 ut
1165 1293 1219 1352 BA
1243 1295 1281 1353 ud
1305 1294 1361 1352 AD
1384 1297 1426 1353 sic
1443 1293 1500 1352 DA

140 1382 175 1444 ud
200 1383 267 1457 AF,
291 1399 381 1459 quare
404 1382 468 1454 BA,
492 1381 545 1440 AF
565 1382 686 1456 junctae
708 1386 847 1457 superant
870 1380 935 1452 DA,
959 1379 1015 1437 AD
1038 1379 1112 1439 duas
1136 1380 1256 1440 medias.
1294 1379 1334 1441 Ut
1358 1398 1427 1441 vero
1446 1381 1501 1439 BA

141 1469 176 1531 ad
201 1469 257 1529 AO
280 1471 435 1530 nicetium
458 1468 508 1527 BC
532 1468 570 1527 ad
595 1468 647 1526 01)
670 1474 699 1527 ιι
719 1466 763 1526 IG
786 1465 824 1526 ad
844 1466 898 1526 ΚΡ
921 1465 1015 1546 (prop.
1040 1468 1082 1543 2),
1106 1485 1196 1544 quare
1220 1471 1306 1528 etiam
1324 1470 1373 1529 ssc
1397 1477 1426 1549 et
1445 1468 1500 1527 KB

139 1558 262 1634 junctae
293 1563 432 1635 superant
456 1555 508 1614 CD
539 1562 569 1615 et
590 1553 634 1614 lu
661 1555 788 1631 junctos.
835 1554 875 1612 At
898 1553 965 1626 01),
989 1552 1034 1612 IG
1064 1552 1130 1631 plus
1161 1565 1229 1615 sunt
1259 1573 1347 1632 quarn
1378 1555 1500 1632 duplum

141 1647 234 1723 ipsius
258 1643 330 1717 01),
360 1660 429 1720 crgo
453 1642 519 1717 BC,
542 1642 597 1701 KB
623 1643 744 1718 junctae
770 1641 863 1700 multo
885 1641 952 1718 plus
975 1650 1043 1699 sunt
1065 1660 1154 1718 quarn
1177 1643 1297 1719 duplum
1320 1647 1413 1721 ipsius
1437 1643 1500 1715 01),

141 1741 168 1793 ct
189 1735 234 1792 sic
249 1731 315 1805 BD,
330 1732 379 1791 Bi*
402 1731 468 1809 plus
490 1737 557 1789 sunt
579 1746 667 1805 quam
691 1729 886 1806 quadruplum
909 1729 1000 1806 ipsius
1016 1729 1077 1787 01).
1117 1730 1175 1789 Sed
1191 1730 1310 1808 duplum
1333 1733 1424 1809 ipsius
1448 1730 1500 1789 01)

142 1829 184 1880 ιιι
206 1819 403 1896 logaritbmus
424 1834 478 1878 seu
500 1833 636 1878 mensura
659 1817 853 1895 proportionis
868 1815 922 1875 BA
946 1815 983 1875 ad
1004 1815 1061 1874 AD
1084 1818 1202 1894 (posiuI.
1224 1818 1263 1895 1),
1287 1836 1354 1895 ergo
1371 1818 1435 1892 BD,
1451 1817 1502 1877 BF

141 1907 261 1984 junctae
290 1905 357 1984 plus
388 1914 458 1965 sunt
489 1922 577 1981 quam
609 1903 730 1983 duplum
760 1903 928 1983 iogarithmi
958 1905 1050 1981 ipsius
1080 1904 1135 1963 DA
1167 1923 1219 1965 seu
1250 1923 1403 1966 mensurae
1431 1921 1502 1984 pro·

143 1995 286 2073 portionis
308 1993 372 2068 BA,
395 1993 462 2052 AD.

247 2088 293 2148 sn
323 2091 409 2148 tertio
439 2090 587 2165 proportio
612 2088 665 2145 BA
698 2088 735 2146 ad
763 2087 815 2147 AC
847 2089 940 2146 minor
971 2085 1018 2146 vei
1049 2088 1144 2163 major
1174 2106 1262 2165 quam
1292 2089 1345 2148 DA
1374 2084 1501 2163 arl'AD,

147 2174 391 2237 demonstrabitur
422 2174 627 2247 nihilominus,
660 2174 739 2251 quod
767 2175 887 2250 Junctuc
911 2174 975 2246 BC,
1000 2174 1054 2232 ΚΡ
1086 2192 1224 2252 superent
1253 2177 1374 2255 duplum
1403 2184 1502 2237 tantae

149 2266 289 2343 portionis
304 2263 341 2323 de
355 2262 418 2336 OD,
442 2271 553 2338 quauta
569 2263 663 2339 portio
679 2270 723 2321 est
738 2264 886 2339 proportio
903 2262 955 2319 BA
973 2261 1010 2319 ad
1026 2261 1078 2321 AC
1101 2266 1296 2340 proportionis
1313 2264 1365 2323 CA
1381 2264 1419 2323 ad
1437 2265 1501 2322 AD.

248 2361 486 2418 Corollarium.
523 2359 717 2430 Logarithmus
739 2360 815 2415 sinus
839 2358 1029 2429 complementi
1055 2367 1097 2415 cst
1119 2352 1206 2415 minor
1224 2360 1312 2416 medio
1332 2362 1501 2417 arithmetico

150 2441 215 2496 iuter
232 2441 361 2509 sagittam
378 2448 406 2494 et
425 2454 568 2494 excessum
587 2438 710 2492 secantis.

249 2527 485 2597 Praeceptum.
521 2524 606 2580 Sinus
629 2525 734 2580 inuenti
756 2525 788 2579 in
805 2541 909 2581 cortone
926 2527 1036 2581 uncum
1053 2528 1193 2582 residuum
1211 2528 1249 2584 ori
1267 2534 1353 2583 totum
1371 2529 1442 2585 odric
1459 2545 1503 2584 ee·

153 2608 231 2663 eumn
247 2607 368 2662 secontia
386 2606 580 2674 complementi,
599 2620 721 2659 mmmoe
739 2604 881 2659 dimidium
900 2612 1012 2675 superat
1030 2607 1230 2677 loporitirmum,
1248 2607 1351 2677 sapitis
1368 2607 1430 2676 ipso
1438 2621 1504 2674 pro·

154 2685 216 2740 nne
233 2685 325 2739 minor
343 2691 382 2740 est
400 2684 575 2752 ioporitirmo.

249 2762 319 2817 Esto
338 2762 415 2817 sinus
433 2761 623 2829 9119101190,
650 2758 709 2827 ejus
728 2760 865 2816 residuum
884 2760 918 2816 ad
938 2762 1025 2816 sinum
1043 2770 1132 2817 totum
1151 2762 1184 2817 29
1197 2761 1278 2817 8510
1297 2762 1407 2831 (sagitta
1424 2777 1504 2816 arcus

158 2840 344 2911 complementi,
361 2841 449 2895 minor
466 2838 646 2907 lugaritbmo),
665 2839 777 2895 298599
796 2843 935 2907 (excessus
955 2841 1090 2908 secantis).
1122 2841 1231 2895 Summa
1249 2842 1370 2910 591109,
1390 2842 1503 2898 298555

162 2916 294 2986 dimidium,
312 2917 400 2985 majus
419 2917 589 2988 logarithmo,
610 2934 673 2987 ergo
690 2917 869 2987 lugarithmus
889 2928 931 2975 est
948 2920 1019 2974 inter
1036 2921 1150 2976 298510
1169 2928 1196 2974 et
1215 2921 1336 2976 208555.

246 3005 477 3074 Praeceptum
496 3005 604 3059 uliud:
635 3006 752 3062 Invento
771 3009 848 3063 cinus
866 3010 1029 3080 lopcrititmo
1047 3009 1167 3063 inuenies
1183 3010 1265 3062 etiam
1282 3008 1409 3076 proxime
1431 3008 1505 3078 lopo·

161 3084 275 3139 utimum
292 3084 400 3139 numeri
417 3084 539 3151 rotundi,
559 3086 606 3154 poi
623 3087 687 3140 sinu
705 3093 753 3142 tuo
771 3090 931 3156 scrupuloso
945 3090 1073 3157 proxime
1090 3090 1181 3143 nrinor
1198 3096 1245 3156 cst,
1263 3089 1288 3143 ui
1305 3088 1382 3142 sinus
1394 3103 1506 3156 scrupu-

161 3159 202 3217 ion
216 3178 351 3219 aecessum
367 3179 455 3232 supro
472 3181 616 3219 nunierurn
632 3167 782 3221 rotundum
800 3168 933 3235 adjeceris
950 3169 1114 3236 ioporithmo
1131 3169 1209 3223 sinric
1224 3167 1343 3221 inuento.

252 3241 291 3296 L't
313 3241 377 3309 quia
399 3242 475 3296 sinus
494 3242 657 3297 99910119
679 3243 857 3313 logorithmus
876 3245 1001 3299 Inventus
1020 3252 1063 3300 est
1080 3245 1185 3300 29854
1204 3243 1324 3309 circiter,
1351 3241 1445 3310 sijum
1465 3242 1505 3296 vis

166 3318 220 3373 ttire
237 3318 429 3390 logerithmum
447 3319 555 3375 rotundi
574 3322 750 3392 99910000,
778 3324 853 3378 rides
876 3340 1019 3378 excessum
1042 3322 1083 3378 tui
1101 3323 1176 3377 sinus
1195 3322 1348 3390 scrupulosi
1366 3336 1426 3375 esse
1448 3321 1505 3388 149,

165 3393 222 3455 iuuc
241 3399 312 3455 adde
329 3399 365 3455 ad
382 3398 521 3454 inventum
540 3399 615 3453 sinus
634 3399 835 3471 logorithmum,
855 3400 998 3458 observato
1016 3403 1198 3471 puncturis:
1218 3401 1314 3457 29851

1216 3570 1320 3627 mooe

164 3628 204 3688 Bic
221 3639 263 3691 est
281 3633 460 3702 logarithmus
478 3636 588 3690 rotundi
607 3636 712 3689 numeri
730 3637 886 3693 99910000
905 3639 1035 3707 proxime

252 3727 477 3806 Propositio
500 3727 624 3789 XXIII.
664 3730 699 3790 Si
721 3738 780 3790 trec
802 3733 988 3808 quantitates
1011 3735 1140 3791 invicem
1163 3736 1365 3803 successerint,
1390 3751 1507 3811 aequo-

163 3811 230 3874 irim
252 3817 418 3876 mensibus
434 3816 611 3893 diperenten
635 3836 781 3877 mensuro
799 3822 1008 3894 proportionis
1030 3822 1110 3877 inter
1132 3824 1303 3880 monimum
1327 3829 1354 3880 et
1375 3822 1507 3880 medium

161 3917 218 3960 mm
247 3920 395 3962 manum
423 3905 549 3963 alteriue
577 3909 657 3964 inter
686 3907 819 3965 medium
849 3914 876 3965 et
903 3909 1065 3964 minimam
1090 3912 1248 3967 constituet
1269 3912 1507 3985 proportionem,

165 3992 303 4061 mojorem
318 3991 441 4068 quidem
462 3997 659 4069 proportione
673 3996 838 4065 maiorum,
863 3996 1013 4052 minorem
1028 4011 1100 4055 vero
1118 3998 1319 4073 proportione
1341 4000 1507 4057 minorum.
1607 3996 1610 4003 '

254 4077 320 4138 Sint
343 4081 361 4137 3
387 4082 566 4155 quantitates
591 4081 664 4154 AD,
689 4081 757 4155 AC,
782 4080 856 4155 ΑΗ,
888 4081 1062 4156 aequalibus
1085 4087 1253 4142 excessibus
1276 4084 1345 4157 DC,
1369 4083 1437 4156 CH,
1470 4086 1509 4142 sit

164 4171 250 4223 eutem
279 4183 417 4225 mensura
447 4169 641 4244 proportionis
665 4168 721 4227 DA
745 4188 752 4225 r
778 4168 828 4226 AC
862 4170 938 4227 linco
966 4175 1015 4248 ty,
1046 4187 1182 4230 mensura
1213 4188 1282 4230 vero
1312 4173 1507 4248 proportionIs

165 4246 206 4308 GA
227 4271 235 4310 ε
259 4252 319 4312 AH
351 4252 430 4312 linea
458 4277 498 4332 pp.
544 4255 634 4328 Dico,
668 4259 885 4334 proportionem
917 4258 1008 4334 ipsius
1033 4262 1064 4335 ip
1092 4257 1129 4316 ari
1153 4281 1184 4336 pp
1216 4258 1357 4333 mnjorom
1389 4259 1520 4334 quidem.

166 4350 216 4399 erse
245 4343 434 4420 proportione
465 4343 558 4419 ipsius
588 4343 639 4402 CA
673 4343 710 4402 ud
740 4345 811 4419 AD,
845 4346 986 4403 minorem
1016 4360 1086 4403 vcro
1117 4347 1303 4423 proportione
1333 4349 1425 4424 Ipsius
1448 4344 1507 4405 HA
