3284 5520
506 324 609 382 bibl.
642 328 770 383 cometae
787 325 851 381 uani
870 325 949 381 1018.
986 324 1075 395 Caput
1092 324 1141 379 lll.
1457 322 1500 392 95

149 511 175 564 et
194 522 213 564 a
233 505 323 566 stalla
345 503 439 567 Ursae
461 505 590 582 abjicere
614 504 730 582 debuit;
762 507 792 565 in
822 505 879 567 fine
909 505 1057 566 verticalis
1085 505 1230 565 tramitem
1254 508 1386 563 cometae
1407 502 1503 563 secuit

146 589 251 668 angulo
278 595 411 667 rectiori,
443 591 558 653 duobus
585 594 675 670 igitur
702 594 870 655 nominibus
899 593 1055 653 diminutio
1078 591 1235 653 distantiae
1257 608 1276 649 a
1297 589 1385 650 stella
1407 585 1501 648 Ursae

147 677 243 738 debuit
271 679 364 740 videri
391 679 487 756 maior
513 681 590 739 intra
612 680 699 740 boras
723 676 801 764 4¹l„
832 699 921 757 quam
945 698 997 758 pro
1022 679 1124 739 diurno
1147 676 1278 739 modulo.
1324 674 1412 753 Quod
1435 693 1501 737 eum

144 783 199 825 oon
220 769 261 827 ait
281 767 401 842 lactum,
425 776 540 827 cometa
562 769 652 844 igitur
675 772 767 828 caruit
789 767 934 845 parallaxi
957 766 1099 827 sensibili.

245 852 316 914 lion
339 853 482 914 dissimile
506 863 709 931 argumentum
725 871 762 914 ex
777 854 942 915 observatis
958 852 1137 927 Sebielxardi,
1162 850 1209 911 die
1228 857 1276 911 13.
1293 850 1366 910 Dee.
1382 848 1502 925 habitis,

144 942 249 1016 poterit
271 943 409 1001 construi.
454 941 531 1000 Nam
553 945 629 1002 intra
651 952 710 1002 tres
732 941 821 1002 horas
843 940 998 1019 longitudo
1022 942 1113 1000 erevit
1136 956 1187 1018 per
1210 937 1270 1013 20⁴,
1302 936 1426 999 latitudo
1450 952 1502 1014 per

145 1028 200 1099 21⁴,
224 1031 270 1089 sic
291 1036 326 1088 ot
345 1030 376 1087 in
399 1027 503 1088 eodem
525 1030 634 1089 circulo
656 1045 773 1105 magno,
796 1031 827 1088 iu
850 1045 909 1105 quo
932 1028 1110 1088 ascendebat
1125 1027 1162 1086 de
1177 1024 1223 1085 die
1240 1026 1269 1084 in
1285 1025 1372 1099 diem,
1396 1041 1501 1084 ascen·

146 1114 221 1174 deret
244 1116 334 1175 etiam
357 1115 394 1176 de
417 1115 490 1175 bora
512 1117 541 1174 iu
563 1116 675 1190 boram,
698 1133 752 1177 neo
775 1115 885 1176 exilio
908 1125 1092 1176 emoreretur
1113 1113 1271 1187 ullatenus,
1299 1111 1378 1188 quod
1401 1113 1500 1171 sentiri

147 1211 260 1279 posset:
283 1220 351 1263 nam
374 1203 411 1263 de
434 1202 549 1263 duobus
572 1202 620 1263 vel
643 1205 736 1263 tribus
759 1203 905 1280 scrupulis
926 1220 963 1263 ne
986 1206 1047 1279 ipse
1071 1203 1243 1262 observator
1266 1218 1332 1260 oum
1351 1216 1531 1277 quoquam·

150 1288 205 1346 uult
234 1290 419 1350 contendere.
464 1289 618 1350 Sufficiant
643 1291 732 1366 igitur
757 1290 832 1350 baec
859 1291 944 1350 uobis
973 1290 1031 1349 huc
1059 1306 1151 1365 usque
1175 1287 1305 1361 adhoc,
1337 1295 1370 1346 ut
1392 1287 1501 1364 vulgus

150 1375 237 1435 doceri
259 1381 355 1454 possit
377 1377 414 1437 de
437 1376 538 1453 aliqua
561 1378 815 1456 comprehensibili
838 1394 953 1437 summa
975 1376 1143 1437 milliarium
1166 1377 1499 1452 germanicorum,·quo
1575 1430 1581 1441 ,

153 1471 257 1524 aneta
277 1473 358 1525 certo
379 1465 468 1525 tuerit
489 1463 584 1525 altior.

268 1637 465 1714 Epicbr'rema
486 1639 663 1700 seeundum.
709 1638 758 1698 De
780 1656 854 1698 veru
877 1638 994 1698 cuudoe
1016 1644 1147 1699 comaco
1168 1637 1367 1712 longitudine.

245 1773 293 1835 Sit
307 1777 334 1835 A
349 1774 426 1857 (Fig.
445 1774 476 1856 7)
489 1776 590 1850 Terra,
614 1785 644 1837 et
659 1780 688 1835 in
703 1795 740 1838 ea
753 1777 884 1837 loeomm
899 1778 1048 1852 alteruter,
1071 1777 1134 1836 sive
1150 1775 1293 1848 Lincium,
1316 1777 1381 1835 sive
1397 1775 1500 1851 lugol-

159 1861 278 1937 stadium,
301 1866 445 1924 scribatur
467 1874 566 1924 centro
582 1864 610 1922 A
625 1865 751 1923 circulus
774 1883 898 1942 magnus
921 1882 973 1943 per
987 1865 1054 1925 loca
1069 1872 1201 1923 cometae
1217 1872 1246 1923 et
1261 1861 1349 1937 Solis,
1373 1871 1402 1922 et
1419 1871 1500 1923 uan-

159 1959 208 2009 1011
229 1948 281 2008 Ac
305 1968 357 2029 per
378 1953 592 2011 extremitatem
614 1950 736 2025 caudae,
759 1952 814 2010 AB
833 1970 885 2028 per
901 1960 989 2029 eaput
1004 1960 1144 2023 cometae,
1169 1948 1222 2008 AL
1237 1957 1323 2009 exeat
1338 1953 1368 2008 iu
1384 1949 1500 2009 Solem:

161 2038 200 2094 erit
223 2038 313 2113 igitur
334 2032 385 2096 Bc
411 2036 467 2097 to⁰
489 2047 518 2098 et
540 2037 592 2098 BL
617 2034 727 2119 bi¹l,‚⁰.
772 2037 818 2098 Sit
847 2041 877 2097 in
907 2039 1008 2115 aliquo
1035 2047 1144 2116 puncto
1172 2038 1269 2098 lineae
1292 2037 1346 2096 AB
1376 2046 1499 2112 cometa,

160 2130 215 2197 puta
237 2126 266 2181 in
289 2123 327 2197 D,
352 2133 382 2184 et
403 2127 443 2185 sit
464 2123 521 2182 AD
543 2128 646 2201 primo,
670 2133 803 2202 respectu
827 2126 985 2185 distantiae
1008 2125 1087 2185 Solis
1102 2143 1120 2184 a
1135 2125 1234 2196 Terra,
1258 2127 1431 2199 quantitatis
1453 2128 1500 2183 iu·

160 2210 291 2271 sensibilis
313 2229 408 2286 eoque
432 2221 546 2273 cometa
561 2211 669 2272 Terrae
685 2213 713 2271 A
735 2230 824 2288 quam
840 2216 1006 2289 proximus:
1032 2216 1085 2272 erit
1102 2215 1190 2287 igitur
1206 2212 1293 2287 linea,
1318 2229 1393 2287 quae
1410 2230 1446 2272 ex
1461 2212 1500 2286 D,

160 2301 237 2375 eapite
261 2307 410 2372 cometae,
440 2301 471 2357 in
493 2298 592 2359 Solem
621 2302 697 2374 exit,
727 2300 765 2359 ad
788 2318 906 2359 sensum
928 2300 1071 2376 parallela
1094 2300 1189 2359 lineae
1215 2298 1283 2370 AL,
1314 2316 1391 2375 quae
1414 2317 1450 2379 ex
1473 2299 1501 2357 A

159 2382 233 2445 Terra
256 2386 285 2443 in
309 2385 436 2445 eundem
457 2384 558 2446 Solem
581 2388 650 2445 exit.
697 2387 738 2446 At
767 2405 831 2446 oum
855 2387 922 2461 Sol,
954 2396 1042 2465 caput
1066 2396 1094 2446 et
1117 2385 1212 2446 cauda
1235 2394 1368 2446 cometae
1391 2387 1449 2445 sint
1472 2389 1501 2444 in

159 2471 244 2533 erdem
267 2480 348 2532 reeta
370 2474 447 2546 iere,
478 2476 533 2532 erit
555 2475 643 2550 igitur
666 2473 763 2534 cauda
786 2483 917 2535 cometae
940 2475 994 2533 DE
1016 2472 1159 2552 parallelo
1183 2475 1239 2548 ipsi
1262 2472 1330 2546 AL,
1362 2476 1502 2533 termina-

158 2556 220 2619 bitur
233 2559 349 2619 soilieet
364 2562 393 2617 in
407 2559 516 2620 lineam
526 2560 596 2620 AC:
613 2561 739 2636 angulus
755 2565 842 2638 igitur
857 2562 939 2620 ΕΒΑ
956 2561 1089 2636 aequalis
1106 2564 1159 2621 erit
1172 2559 1281 2636 angulo
1293 2559 1378 2620 ΒΑΕ
1390 2564 1428 2620 57
1437 2555 1500 2642 ¹l,⁰.

156 2643 203 2706 teo
224 2646 324 2721 DAG,
348 2646 405 2706 hoe
428 2654 472 2707 est
495 2645 578 2706 ΒΑΕ
601 2656 647 2706 001
671 2646 736 2721 70⁰,
765 2666 880 2708 summa
902 2651 1055 2725 utriusque
1081 2643 1199 2728 ¹²⁷¹sa⁰
1222 2646 1324 2706 ablata
1345 2666 1363 2705 a
1387 2647 1502 2707 duobus

154 2737 242 2809 redis,
274 2733 404 2794 ostendit
426 2736 621 2811 quantitatem
644 2735 746 2810 anguli
769 2735 851 2794 DEA
876 2732 986 2818 ὂψ,
1018 2738 1113 2795 minor
1140 2744 1185 2794 est
1212 2751 1282 2809 ergo
1304 2734 1388 2795 ΒΕΑ
1412 2752 1502 2811 quam

152 2817 233 2895 ΒΑΕ,
256 2823 353 2880 minor
374 2838 443 2897 ergo
467 2830 497 2882 et
519 2822 577 2880 DA
599 2824 703 2880 minori
726 2825 867 2883 subteusa
889 2841 977 2899 quam
992 2823 1046 2882 ΒΕ
1069 2823 1193 2899 majori;
1216 2821 1268 2881 sed
1283 2821 1340 2879 DA
1363 2821 1501 2881 0010111-

151 2907 212 2969 todo
235 2916 369 2969 cometae
390 2909 515 2968 aTerra
537 2917 567 2968 et
588 2909 642 2968 ΒΕ
665 2908 760 2970 cauda
782 2917 931 2985 cometae,
954 2909 1069 2987 longior
1090 2916 1135 2970 est
1158 2925 1228 2986 ergo
1250 2907 1346 2968 cauda
1368 2917 1501 2969 cometae

149 3012 230 3072 quam
253 2995 395 3056 distantia
417 2998 521 3073 capitis
543 3014 562 3056 a
584 2996 685 3056 Terra.

245 3082 290 3143 su
321 3083 450 3142 seeundo
475 3083 531 3141 AD
563 3081 703 3143 distantia
735 3091 869 3145 cometae
892 3102 911 3143 a
933 3084 1025 3145 Terra
1054 3083 1142 3144 valde
1170 3099 1279 3159 magua
1301 3089 1331 3142 et
1352 3081 1501 3143 semibdls

146 3168 180 3229 rd
210 3169 382 3230 distantiam
404 3169 512 3231 Terrae
535 3188 553 3229 a
575 3169 657 3245 Sole,
690 3188 767 3246 quae
796 3175 834 3230 sit
858 3170 923 3244 AS,
955 3180 988 3230 ut
1009 3171 1030 3232 S
1052 3170 1154 3232 Solem
1184 3177 1398 3246 repraesentet,
1431 3187 1500 3245 ergo

145 3260 282 3317 connexis
305 3256 449 3332 signias,
472 3256 501 3315 D
525 3265 554 3317 et
575 3257 655 3317 linea
677 3260 706 3316 in
729 3257 782 3317 Ac
806 3261 985 3332 continuata,
1008 3267 1042 3317 ut
1063 3266 1144 3318 secet
1166 3274 1231 3318 eam
1254 3260 1283 3315 in
1307 3255 1347 3335 G,
1370 3259 1425 3316 erit
1445 3257 1499 3317 DC

145 3344 237 3404 moda
265 3352 399 3404 cometae
429 3344 520 3405 multo
550 3344 666 3420 longior
696 3362 784 3421 quam
815 3346 893 3406 linea
916 3346 969 3404 ΒΕ
1000 3341 1087 3427 (quia
1110 3343 1188 3403 DEC
1219 3344 1342 3403 obtusus
1372 3351 1417 3403 est
1446 3344 1500 3403 de-

143 3427 336 3512 prehensns),
368 3448 459 3508 quare
489 3434 578 3492 etiam
610 3431 702 3490 multo
730 3432 847 3509 longior
878 3450 967 3510 quam
995 3432 1062 3493 DA.
1109 3429 1251 3491 Omnibus
1283 3431 1372 3507 igitur
1404 3430 1500 3490 modis

142 3516 257 3594 longior
284 3519 340 3578 iuit
368 3518 462 3579 cauda
490 3527 623 3579 cometae
652 3536 741 3595 quam
765 3519 903 3580 distantia
927 3522 1032 3596 capitis
1054 3538 1073 3579 a
1095 3519 1196 3578 Terra.
1240 3517 1335 3593 Igitur
1356 3520 1381 3576 si
1403 3519 1500 3577 mirati

142 3613 210 3664 suot
231 3608 423 3680 inexercitati,
448 3605 527 3683 quod
551 3605 670 3684 quidam
693 3616 935 3681 astronomorum,
959 3607 1093 3685 populari
1109 3606 1282 3665 collectione
1297 3607 1352 3679 usi,
1375 3605 1500 3665 caudam

141 3692 229 3770 bujns
251 3701 383 3753 cometae
405 3695 624 3770 pronunciarint
648 3695 720 3767 300,
757 3695 819 3753 700
844 3695 891 3756 vel
917 3700 999 3754 1000
1022 3694 1159 3754 milliaria
1180 3694 1349 3771 germanica
1371 3691 1500 3771 longam,

142 3779 213 3840 dum
236 3797 288 3857 pro
312 3797 370 3839 uno
393 3781 488 3857 gradu
510 3781 702 3857 longitudinis
726 3789 896 3859 computant
922 3783 959 3840 15
983 3781 1134 3856 milliaria,
1162 3788 1195 3840 ut
1223 3787 1269 3839 est
1295 3782 1325 3838 iu
1347 3779 1501 3857 superficie

140 3866 250 3927 Terrae
278 3871 313 3938 (r.
331 3880 417 3923 aanor.
436 3874 490 3941 8.),
513 3870 651 3927 mirentur
674 3869 763 3944 igitur
784 3886 861 3928 nunc
885 3870 976 3928 multo
1000 3871 1110 3945 magis,
1134 3867 1214 3946 quod
1237 3866 1352 3938 vident,
1375 3868 1501 3929 caudam
1523 3926 1525 3930 ⁴

139 3952 204 4013 fieri
227 3953 304 4014 ultra
327 3955 435 4015 20000
451 3954 587 4014 milliaria
609 3954 736 4031 longara,
761 3957 870 4032 quippe
893 3964 971 4016 certo
994 3955 1166 4032 longiorem,
1189 3973 1277 4032 quam
1301 3962 1346 4015 est
1367 3973 1500 4016 recessus

140 4048 309 4101 cometaeu
325 4049 425 4101 centro
443 4041 568 4115 Terrae,
593 4043 644 4117 qui
667 4044 692 4101 si
714 4051 792 4101 esset
815 4046 908 4101 minor
931 4061 1019 4119 quam
1047 4045 1129 4103 1000
1152 4042 1299 4117 milliaria,
1323 4045 1501 4118 oportuisset

139 4127 335 4189 diffareutiam
358 4129 545 4206 parallaxeos
567 4132 642 4189 inter
662 4129 788 4189 Romam
811 4137 840 4190 et
863 4130 996 4192 Lincium
1020 4131 1209 4192 observatam
1231 4146 1296 4191 esse
1317 4129 1406 4207 plaue
1430 4126 1474 4189 5⁰.
1570 4160 1574 4167 ·

274 4302 471 4380 Dpirliremc
492 4306 634 4378 10011001,
658 4303 701 4362 ed
721 4304 972 4366 demonstrandos
993 4305 1086 4380 110100
1108 4311 1239 4366 comem
1259 4310 1368 4363 motus.

247 4423 412 4499 Ponamus,
442 4433 586 4483 cometam
618 4423 665 4485 vel
695 4432 753 4483 tam
777 4428 972 4502 propinquum
996 4427 1085 4486 tuisse
1107 4427 1229 4502 Terrae,
1261 4432 1295 4484 ut
1316 4441 1499 4485 communem

140 4528 211 4571 oum
234 4510 285 4571 illa
306 4520 419 4571 motum
442 4528 479 4570 ex
501 4510 581 4585 Sole,
605 4514 630 4570 si
653 4513 724 4571 nibil
748 4515 810 4589 ipse
834 4513 869 4572 de
891 4517 1009 4590 proprio
1033 4514 1203 4586 addidisset,
1225 4513 1380 4572 habiturus
1402 4514 1499 4587 tuerit,

139 4600 231 4675 qussi
252 4601 281 4656 in
304 4599 408 4658 eadem
432 4615 497 4658 cum
521 4597 571 4658 illa
594 4601 663 4658 navi
687 4608 804 4672 vectus,
828 4599 875 4659 vel
898 4610 958 4658 tarn
980 4610 1124 4661 remotum
1146 4620 1165 4661 a
1187 4601 1286 4674 Terra,
1310 4607 1342 4658 ut
1365 4600 1498 4676 trajectio

138 4684 269 4745 Telluris
293 4702 457 4764 perunum
479 4687 594 4761 signum
617 4704 690 4746 suae
708 4687 829 4758 orbitae,
852 4704 887 4746 ex
904 4685 1036 4747 Geminis
1057 4689 1254 4762 lucanorum,
1277 4686 1388 4746 nullam
1402 4687 1498 4748 sensi-

138 4772 234 4834 bilem
261 4775 577 4852 appropinquationem
605 4780 728 4834 causata
754 4775 842 4833 luerit
863 4772 990 4835 Telluris
1012 4775 1052 4836 ad
1073 4777 1269 4854 trajectoriam
1292 4782 1438 4849 cometae,
1469 4781 1500 4835 et
