3284 5520
203 307 269 376 232
704 300 840 371 Typhonis
857 298 1069 369 Hypersspistss

205 491 238 544 ut
265 485 354 543 ceteri
384 484 557 557 astronomi)
588 480 768 554 altitudinis,
800 479 837 540 ad
865 481 959 555 ipsam
986 458 1149 556 parallarin
1177 476 1390 538 horizontalem
1413 473 1564 554 progredi,

206 571 286 649 quod
315 571 364 630 ille
394 574 530 648 requirit,
560 587 613 645 pro
643 570 763 645 imperio
793 566 920 640 scilicet,
953 576 998 626 est
1019 567 1114 627 Roma
1138 565 1271 624 linaium
1300 569 1408 625 iturum
1436 564 1564 623 transire

207 661 440 735 Argentoratum.

680 773 722 839 00
746 772 841 853 caput
862 771 910 837 ⁴25.
933 769 988 836 lol.
1011 768 1081 837 tro.

313 924 340 975 1.
380 915 504 976 Absolri
530 917 641 988 omnia,
673 932 749 992 quac
777 913 850 973 libro
874 911 1002 972 secundo
1026 911 1242 972 Claramontius
1265 920 1367 972 000110
1389 913 1564 991 Tychonem

206 1004 336 1082 protulit.
374 1002 458 1079 Quae
480 1013 640 1078 sequuntur
662 1021 726 1078 cap.
750 1004 800 1059 25.
825 1002 875 1061 101.
902 1000 974 1073 240,
999 1017 1035 1058 00
1057 1008 1125 1058 0001
1148 1009 1249 1059 contra
1271 1001 1422 1074 Gemmas,
1447 1001 1564 1062 Maest-

205 1094 273 1161 lini,
296 1093 495 1168 praeceptoris
518 1090 665 1167 quondam
688 1091 762 1162 mei,
786 1098 815 1148 et
838 1088 969 1159 Riislini,
993 1089 1079 1146 amici
1103 1087 1172 1146 dum
1196 1089 1310 1148 viveret
1329 1090 1398 1161 mei,
1421 1092 1561 1151 rationes.

207 1178 291 1254 Quae
321 1186 464 1255 quatenus
495 1177 666 1254 indigebant
695 1177 764 1235 lima
794 1175 911 1251 aliqua,
943 1184 975 1233 01
997 1174 1035 1234 00
1058 1177 1196 1234 amussim
1219 1177 1351 1234 veritatis
1374 1176 1563 1252 quadrarent,

203 1267 266 1343 jam
290 1268 361 1325 satis
383 1265 528 1341 perpolita
551 1274 619 1323 sunt
641 1284 659 1323 a
682 1263 821 1342 Tyohone
844 1262 959 1322 Brubeo
983 1264 1061 1338 ipso,
1086 1269 1229 1339 quatenus
1253 1279 1322 1322 vero
1346 1262 1564 1324 claromontius

207 1356 267 1411 auis
291 1356 320 1410 in
344 1371 394 1412 cas
418 1355 509 1430 copiis
532 1354 666 1430 insurgit,
686 1353 748 1427 jam
772 1351 891 1410 0010000
907 1353 934 1407 10
950 1351 1147 1426 superioribus
1170 1351 1280 1410 censeri
1293 1360 1425 1427 possunt.
1463 1351 1564 1427 Quare

207 1447 296 1518 caput
322 1439 378 1499 boc
400 1441 599 1515 praetermitto
623 1441 810 1514 vicissimque
834 1437 1032 1497 Claramoutio
1056 1439 1085 1495 in
1108 1440 1377 1514 compensationem
1400 1442 1565 1499 transmissi

208 1529 312 1607 capitis
334 1544 465 1604 propono
489 1544 602 1585 rursum
626 1536 658 1585 ut
681 1530 708 1584 in
733 1533 847 1585 cometa
869 1526 937 1584 enni
963 1531 1055 1584 1577.

312 1621 340 1674 2.
362 1614 500 1674 Novum
523 1622 787 1691 argumentum,
810 1629 869 1689 quo
886 1613 1040 1686 obtinetur,
1058 1614 1146 1671 etiam
1162 1620 1291 1672 cometas
1306 1630 1448 1672 annorum
1467 1619 1563 1673 1585.

211 1703 302 1762 1590.
327 1719 416 1777 supra
429 1702 544 1760 Lunam
568 1702 667 1772 luisse,
691 1699 835 1778 ponendo,
859 1700 925 1758 illos
949 1699 1098 1775 trajecisse
1113 1708 1194 1759 motu
1210 1701 1360 1776 aequabili
1374 1718 1426 1778 per
1440 1712 1564 1760 0001000.

311 1789 441 1847 Primum
472 1791 549 1848 enim
579 1789 658 1864 quod
690 1796 805 1847 cometa
832 1790 899 1845 anui
926 1793 1018 1855 1500.
1047 1788 1139 1845 101100
1168 1796 1213 1846 001
1240 1787 1378 1846 circulum
1401 1790 1565 1848 maximum
1632 1780 1638 1797 '

207 1885 327 1948 exacte,
359 1877 436 1953 prior
458 1878 620 1943 00000001
647 1877 737 1936 1585.
762 1875 890 1934 variavit
911 1874 1129 1934 inclinationem
1152 1891 1223 1934 suae
1247 1876 1359 1936 orbitae
1382 1875 1421 1935 ad
1445 1874 1566 1952 eclipti-

207 1979 270 2023 cam
296 1960 340 2035 20,
372 1962 482 2021 iaciens
505 1962 547 2020 illi
570 1962 713 2038 paulatim
735 1964 913 2039 propiorem,
945 1980 980 2020 ex
1003 1962 1060 2020 lroc
1082 1969 1175 2037 patet,
1204 1965 1340 2039 sagittam
1364 1980 1450 2023 arcus
1472 1962 1565 2037 illius,

207 2067 294 2126 quem
317 2048 368 2109 Sol
399 2050 523 2109 coniecit
552 2051 628 2109 intre
658 2051 720 2110 dies
750 2049 884 2109 undecim
907 2051 1099 2125 apparitionis
1123 2057 1252 2109 cometae
1275 2051 1344 2108 anui
1371 2051 1470 2123 1590,
1505 2069 1566 2111 non

207 2136 346 2197 habuisse
374 2140 591 2213 proportionem
618 2136 787 2197 sensibilem
810 2136 848 2195 00
871 2136 978 2196 lineam
1001 2144 1132 2196 cometae
1155 2136 1349 2211 trajectoriam
1373 2137 1470 2214 00000
1495 2156 1566 2216 per-

206 2223 424 2301 pendicularem
447 2242 483 2283 ex
499 2225 589 2283 Terra
612 2226 640 2282 in
664 2226 760 2297 illam,
784 2223 918 2299 adeoque
941 2224 1032 2283 luisse
1055 2241 1143 2299 quam
1167 2227 1297 2300 proxime
1318 2224 1478 2300 parallelas
1503 2235 1567 2285 tra-

204 2311 361 2388 jectorias,
385 2310 463 2370 Solis
486 2329 606 2371 curram
629 2322 658 2371 et
681 2319 812 2372 cornetae
835 2319 959 2386 rectam3
989 2321 1090 2371 contra
1112 2314 1142 2368 in
1167 2320 1280 2371 cometa
1302 2314 1370 2370 anni
1396 2317 1489 2373 1585.
1513 2331 1567 2373 sa-

207 2401 312 2476 gittam
341 2416 440 2471 arcus,
471 2416 559 2475 quem
581 2399 633 2458 Sol
662 2400 765 2459 dicbus
790 2400 829 2456 38
854 2400 1045 2476 apparitionis
1068 2399 1208 2470 00010011,
1239 2399 1278 2458 00
1301 2399 1394 2459 dictas
1416 2399 1513 2460 lineas
1537 2403 1568 2458 in

207 2488 394 2562 proportione
416 2488 507 2546 luisse
530 2487 678 2560 sensibili,
703 2496 733 2547 et
755 2493 898 2546 cometam
921 2488 1005 2544 initio
1028 2487 1117 2545 luisse
1140 2486 1248 2545 Terrae
1271 2489 1477 2563 propinquum,
1504 2496 1567 2548 tra-

205 2573 358 2650 jectoriam
391 2591 460 2633 vero
492 2574 661 2634 discessisse
684 2594 703 2634 a
725 2573 803 2634 Solis
833 2591 901 2632 arcu
931 2573 1098 2648 trajectorio
1122 2572 1210 2650 idque
1233 2575 1341 2650 angulo
1364 2575 1568 2635 inclinationis

206 2661 392 2736 trajectoriac
415 2660 452 2720 ad
476 2678 574 2720 arcum
598 2662 702 2720 solaris
726 2664 835 2721 itineris
858 2663 931 2720 satis
953 2678 1069 2737 magno.

314 2749 343 2806 3.
373 2748 411 2806 lit
430 2751 500 2825 quia
514 2748 587 2809 haec
602 2752 710 2826 sagitta
727 2758 772 2809 est
789 2750 881 2822 5448,
906 2747 1036 2825 qualium
1057 2746 1156 2806 radius
1178 2746 1347 2823 quadrantis
1363 2757 1407 2807 est
1427 2749 1567 2824 100000,

209 2832 299 2893 010011
322 2852 392 2894 vero
415 2837 443 2892 10
467 2835 622 2895 latitudine
647 2833 704 2895 210
726 2854 783 2896 000
806 2836 873 2914 0100
897 2854 984 2912 quam
1009 2836 1060 2895 2⁰:
1093 2837 1169 2893 01001
1191 2852 1260 2911 ergo
1284 2832 1342 2893 21⁰
1363 2835 1401 2894 ad
1426 2832 1486 2894 230
1508 2840 1569 2897 oir-

209 2922 279 2981 oiter
302 2921 399 2999 (0110
423 2939 522 2982 crasso
546 2932 683 3000 computo
706 2924 795 2983 liceat
817 2923 899 2983 abuti
923 2924 1064 2996 arcubus,
1096 2925 1146 2998 qui
1176 2932 1244 2981 sunt
1266 2925 1392 2982 minores
1416 2920 1483 2997 300,
1513 2942 1569 3002 pro

208 3011 295 3069 rectis
316 3009 461 3086 sinubus),
485 3011 528 3068 010
550 3013 673 3070 remotio
696 3029 780 3072 arcus
797 3006 855 3068 230
878 3010 959 3070 volut
980 3030 999 3069 0
1021 3011 1162 3069 00010000
1185 3012 1264 3068 00001
1287 3011 1469 3085 trajectiouis
1487 3010 1569 3072 Solis

209 3094 246 3154 ad
270 3099 459 3155 remotionem
483 3113 567 3156 arcus
584 3095 640 3158 210
663 3100 700 3158 ab
723 3101 788 3175 ipso
811 3114 895 3157 arcus
919 3096 1031 3171 medio,
1055 3114 1178 3173 quarum
1191 3099 1385 3156 remotionum
1400 3098 1570 3161 differentia

210 3200 275 3241 oum
299 3192 453 3243 censeatur
474 3201 594 3244 numero
618 3183 661 3258 20,
687 3195 720 3245 01
743 3202 811 3262 ergo
835 3182 870 3243 2⁰
892 3185 929 3244 00
953 3188 1092 3261 sagittam
1116 3190 1215 3258 5448,
1239 3186 1282 3244 sic
1305 3182 1362 3244 23⁰
1384 3186 1423 3245 ad
1446 3191 1569 3260 81108,
1606 3185 1609 3195 '

210 3287 287 3346 qnae
318 3278 385 3330 sunt
416 3273 529 3330 circitor
558 3281 669 3349 septem
701 3283 823 3333 octavae
852 3280 949 3348 partes
977 3267 1141 3331 altitudinis
1164 3271 1257 3331 Solis:
1287 3275 1316 3331 10
1340 3280 1454 3333 cometa
1478 3276 1571 3351 igitur

210 3359 280 3416 anni
299 3359 391 3417 1585.
415 3365 529 3436 oportet
551 3378 606 3420 nos
629 3377 694 3421 esse
717 3367 870 3421 contentos
888 3360 944 3419 hac
959 3361 1210 3437 argumentatione
1226 3377 1244 3418 a
1258 3359 1413 3421 latitudine
1429 3359 1571 3435 deducta,

210 3446 282 3520 quia
303 3445 350 3505 hio
372 3445 427 3504 1011
449 3454 511 3505 1010
535 3450 728 3524 apparitionis
751 3457 880 3523 tempore
904 3451 931 3503 iu
950 3447 1164 3525 hemisphaerio
1179 3445 1257 3506 Solis
1273 3449 1410 3523 opposito
1424 3454 1453 3506 01
1469 3458 1571 3509 motus

211 3530 321 3590 directi.
367 3531 496 3607 Trajecit
518 3536 604 3610 igitur
626 3534 718 3595 multo
742 3535 858 3611 longius
880 3536 945 3611 ipso
969 3552 1037 3595 arcu
1062 3533 1139 3594 Solis
1161 3534 1338 3609 trajectorio.
1384 3536 1409 3592 A
1434 3534 1572 3612 longitu-

212 3618 288 3677 dinis
310 3628 392 3677 motu
416 3636 471 3678 non
496 3622 663 3697 expeditum
686 3630 730 3682 est
753 3625 781 3680 10
805 3621 861 3680 hoc
884 3631 999 3681 cometa
1021 3624 1225 3698 argumentari,
1251 3623 1322 3698 quia
1336 3621 1481 3697 plurimae
1496 3641 1571 3700 pos·

210 3714 279 3764 0001
301 3705 362 3764 dari
386 3706 578 3783 trajectoriae,
602 3712 784 3787 propinquae
808 3717 837 3769 01
857 3717 996 3781 remotae,
1020 3727 1096 3786 0000
1120 3708 1239 3768 diurnos
1262 3709 1454 3785 longitudinis
1479 3729 1571 3787 quam

210 3794 341 3871 proxime
364 3802 591 3869 repraesentant.

316 3881 345 3938 4.
383 3880 509 3941 Rursum
540 3891 638 3942 autern
661 3902 680 3942 a
701 3883 856 3943 latitudine
889 3882 1043 3957 discimus,
1076 3900 1141 3942 cum
1164 3883 1228 3958 ejus
1253 3883 1439 3943 decrementa
1460 3885 1571 3946 fuerint

211 3967 294 4026 initio
319 3974 393 4027 teste
416 3968 602 4030 Rothmanno
626 3970 661 4029 00
685 3968 745 4043 54’,
774 3990 840 4030 cum
863 3977 941 4030 00001
964 3979 1078 4030 comata
1100 3970 1314 4043 meridionalis,
1338 3971 1394 4031 line
1417 3972 1484 4047 ejus
1503 3974 1569 4049 jam

209 4055 445 4132 septentrionalia
475 4057 544 4116 iacti
568 4061 745 4118 incrementa
766 4056 801 4117 00
824 4059 882 4129 10‘,
911 4060 1129 4134 proportionem
1152 4060 1240 4134 igitur
1262 4058 1409 4119 intervalli
1432 4070 1570 4121 cornetae

211 4150 241 4201 et
263 4142 371 4202 Terrae
400 4144 521 4202 initialis
552 4145 590 4204 ad
620 4143 803 4204 intervallum
833 4144 919 4205 finale
948 4146 1039 4205 luisse
1068 4148 1180 4206 circiter
1208 4145 1450 4224 subquintuplam
1479 4156 1509 4207 et
1532 4166 1569 4209 eo

211 4230 361 4305 majorem.

317 4322 345 4376 5.
378 4317 489 4378 Exacta
514 4318 631 4395 quidem
655 4318 727 4378 haec
750 4319 878 4378 noudum
902 4330 977 4393 aunt,
1002 4323 1071 4395 0010
1095 4319 1276 4379 theoremata
1298 4321 1466 4395 trajectoria
1490 4339 1570 4382 000-

212 4403 280 4460 dum
305 4407 403 4462 omnia
425 4409 583 4466 constituta
606 4414 673 4466 suut
696 4417 798 4484 estque
822 4408 971 4467 miscenda
993 4409 1142 4484 proportio
1162 4416 1313 4468 secantem
1330 4407 1368 4466 ad
1383 4425 1453 4467 suos
1468 4409 1571 4470 radios

211 4489 394 4550 diversorum
422 4493 604 4553 circulorum.
650 4492 691 4554 Ut
712 4502 808 4554 auteur
833 4495 1048 4555 Clarumoutius
1071 4504 1188 4571 gustum
1212 4495 1321 4554 habeat
1343 4512 1457 4568 eorum,
1490 4514 1570 4573 quae

212 4576 308 4637 adhuc
336 4578 551 4656 desiderantur,
581 4583 701 4641 reseram
730 4599 797 4642 0000
825 4583 974 4643 theorema
1002 4582 1046 4641 his
1075 4585 1148 4658 ipsis
1169 4581 1247 4641 horis
1271 4592 1401 4657 erutum,
1434 4584 1514 4660 quod
1539 4589 1570 4644 iu

212 4681 362 4725 numerum
386 4665 455 4727 olim
479 4672 533 4729 erit
554 4669 743 4742 reiciendum,
767 4688 843 4730 nuno
865 4673 941 4730 enim
965 4687 1022 4729 uon
1047 4678 1142 4729 vacat.
1189 4671 1371 4744 TraJectoria
1392 4670 1571 4748 plerumque

213 4758 258 4813 est
286 4755 407 4833 obliqua
438 4755 476 4819 00
504 4759 625 4837 planum
649 4757 817 4836 eclipticas,
848 4758 939 4820 babet
961 4775 1031 4835 ergo
1053 4765 1199 4836 potestate
1221 4766 1319 4835 partes
1341 4757 1502 4838 parallelas
1522 4759 1571 4820 ilii

846 5031 854 5060 t
