3284 5520
156 338 219 410 116
652 340 693 396 na
712 338 933 397 comessuram
951 340 999 394 111.

153 519 310 580 verisimile
326 519 427 595 videri,
451 519 582 596 quotidie
597 521 705 580 multos
727 520 847 581 talesia
867 520 920 580 illa
943 523 1081 580 vastitate
1097 517 1197 577 mundi
1220 521 1300 579 nasci
1318 518 1506 596 densatique.

152 608 189 667 Et
219 615 331 682 tamen,
363 611 388 666 si
411 610 477 684 quis
499 608 601 668 horum
624 616 684 668 tam
706 626 797 688 prope
820 609 939 668 Terram
963 610 1084 686 trajicit,
1116 615 1148 664 nt
1171 605 1238 667 inde
1261 608 1391 684 conspici
1413 610 1508 684 possit

152 695 275 754 notabili
299 697 477 771 quantitate,
503 699 526 754 is
549 694 692 773 siquidem
715 697 859 774 significat
882 696 993 773 aliquid
1016 692 1213 768 nihilominus,
1238 712 1255 753 a
1278 695 1506 772 spiritualique

152 782 288 842 aethereo
304 782 362 842 huc
384 785 568 859 potissimum
585 784 711 844 directus
735 792 764 842 et
781 782 938 860 perductus
963 801 1026 844 osse
1050 781 1127 842 aredi
1150 788 1257 857 potest,
1280 790 1314 840 ut
1336 782 1506 841 horninibus

151 869 201 928 illa
224 868 409 946 significaret,
434 887 543 946 quasa
561 872 624 931 Deo
645 871 746 947 jussus
768 873 870 930 luerat.
909 869 1047 946 Sequitur
1070 877 1167 928 tamen
1190 868 1267 942 inde,
1291 871 1346 927 nisi
1371 868 1505 928 homines

151 963 248 1016 essent
263 956 364 1032 aliqui,
388 974 440 1016 seu
455 957 520 1017 Deo
543 975 596 1018 seu
612 961 700 1018 etiam
723 960 836 1034 spiritui
855 956 897 1015 illi
920 961 992 1030 noti,
1017 958 1052 1017 de
1070 955 1279 1016 consuetudins
1302 973 1355 1015 seu
1378 957 1504 1015 naturali

150 1043 338 1104 inclinatione
366 1053 417 1102 aut
447 1062 620 1122 quacunque
650 1047 837 1120 instigatione
865 1044 1034 1120 expiscandi
1065 1042 1292 1120 significationes
1315 1052 1503 1118 cometarum,

149 1130 220 1188 nihil
243 1131 472 1207 significaturum
495 1131 584 1193 luisse
608 1140 739 1193 cornetae
762 1149 887 1192 cursura.

252 1217 320 1277 Hoc
335 1219 517 1279 considerato
531 1237 605 1297 pene
617 1219 769 1292 concludo,
786 1219 944 1298 specialem
957 1217 1037 1277 illam
1053 1217 1297 1293 significationem
1313 1225 1502 1291 cometarum,

149 1321 225 1379 quae
249 1308 385 1382 respiciat
407 1308 640 1367 circumstantias
663 1305 730 1365 illas
744 1315 850 1378 motus,
874 1303 996 1379 caudae,
1020 1305 1134 1377 coloris,
1158 1307 1296 1382 temporis
1320 1313 1502 1382 ceteraeque,

150 1389 186 1448 ad
203 1409 276 1467 quas
292 1393 423 1452 homines
439 1397 580 1470 respicere
597 1394 666 1466 dixi,
690 1393 774 1468 hanc,
791 1396 920 1469 inquam,
937 1392 1122 1468 significandi
1138 1393 1278 1451 rationem
1294 1393 1502 1452 mathematico

147 1479 442 1556 impervestigabilem
454 1500 527 1555 csse,
544 1500 609 1541 cuna
624 1498 682 1540 non
698 1482 881 1558 introspiciat
897 1482 1025 1539 omnium
1041 1481 1236 1556 cogitationes
1251 1487 1281 1538 et
1294 1478 1502 1556 dispositiones

147 1567 252 1641 animi,
286 1568 459 1643 quibuscum
493 1570 612 1644 spiritus
647 1568 696 1627 ille
729 1586 781 1644 per
812 1575 955 1628 cometam
985 1567 1066 1643 loqui
1096 1569 1282 1645 propositum
1306 1567 1406 1627 habet.
1453 1567 1501 1626 Sic

146 1650 316 1714 adolescens
346 1672 445 1714 amore
476 1658 612 1730 saucius,
649 1655 799 1715 conductis
828 1656 947 1714 musicis
976 1653 1092 1730 plateas
1114 1664 1272 1714 nocturnus
1295 1653 1500 1727 obambulans,

146 1738 215 1799 dum
247 1744 358 1802 amicae
388 1759 459 1801 suae
489 1742 604 1819 placere
637 1742 751 1815 studet,
786 1742 895 1801 multae
926 1743 1032 1800 circum
1065 1740 1181 1817 puellae
1211 1740 1342 1817 ejusdem
1373 1742 1501 1801 musices

144 1826 297 1905 voluptate
313 1828 533 1905 perfunduntur,
557 1837 588 1889 at
604 1829 687 1906 cujus
703 1847 739 1888 ea
754 1832 848 1905 gratia
863 1830 1046 1906 potissimum
1062 1835 1207 1904 personet,
1224 1831 1328 1905 quisve
1344 1828 1500 1906 choragus,

144 1923 260 1990 praeter
281 1933 370 1975 unam
393 1917 473 1992 prius
498 1916 677 1976 admonitam
700 1924 815 1977 constat
837 1917 919 1975 nulli.
966 1916 1003 1973 Et
1026 1913 1098 1991 quid
1120 1919 1145 1974 si
1167 1915 1276 1975 multae
1300 1914 1419 1992 quidem
1443 1917 1500 1976 hoc

145 2000 272 2061 officium
295 2003 352 2061 sibi
377 2002 525 2062 vindicent
548 2003 687 2075 misellae,
712 2021 776 2063 cum
800 2003 849 2063 ille
874 2003 909 2063 de
932 2020 991 2061 una
1012 2002 1077 2062 sola
1100 2003 1231 2080 cogitet?
1484 2014 1487 2019 ·

249 2088 313 2148 Nisi
336 2090 426 2162 sorte,
462 2093 512 2166 qui
535 2090 762 2168 significationes
786 2097 963 2150 cometarum
986 2089 1053 2167 plus
1076 2107 1163 2165 quam
1187 2088 1335 2150 naturales
1358 2087 1497 2163 defendit,

142 2172 198 2233 hoo
225 2175 312 2250 Juxta
343 2183 468 2249 statuat,
503 2189 631 2239 cometas
661 2176 816 2254 astrologis
845 2179 1029 2255 potissimum
1057 2176 1154 2237 lucere
1183 2195 1218 2237 eo
1246 2176 1303 2236 tina
1325 2193 1421 2252 eoque
1444 2195 1497 2235 seu

141 2259 198 2321 Dei
229 2280 281 2322 seu
310 2265 428 2339 spiritus
456 2264 580 2343 alicujus
609 2268 775 2342 proposito,
811 2272 844 2323 ut
873 2263 1072 2341 astrologica
1096 2265 1496 2324 arbitrariisasterismorum

140 2349 261 2424 picturis
293 2360 323 2410 et
355 2353 532 2426 imaginibus
566 2370 659 2429 eaque
693 2354 878 2428 antiquorum
909 2353 1073 2429 sapientum
1097 2354 1151 2430 (sic
1182 2369 1214 2412 se
1246 2353 1301 2429 ipsi
1333 2349 1497 2431 appellant)

140 2433 266 2512 regulis,
296 2437 422 2515 denique
446 2457 480 2499 ex
503 2439 570 2515 illa,
603 2457 691 2518 quam
713 2442 769 2517 ipsi
789 2439 917 2514 jactant,
942 2441 1013 2498 artis
1036 2441 1215 2516 experientia
1236 2439 1340 2499 ceteris
1363 2447 1496 2498 cometae

139 2522 303 2599 significata
325 2524 495 2586 edisserant.
535 2526 602 2602 Qna
625 2527 661 2586 de
685 2527 822 2603 opinione
847 2526 940 2602 deque
964 2527 1007 2599 iis,
1032 2543 1108 2602 quae
1131 2533 1232 2585 contra
1254 2525 1347 2585 aderri
1371 2535 1496 2602 poseant

139 2617 168 2668 et
197 2611 232 2670 de
261 2610 408 2688 plerisque
431 2612 520 2689 hujus
544 2615 749 2691 disputationis
773 2614 918 2690 capitibus
941 2615 970 2672 in
993 2612 1068 2672 libro
1092 2614 1127 2673 de
1149 2614 1237 2674 Nora
1258 2611 1352 2673 Stella
1374 2616 1494 2689 copiose

138 2693 280 2773 disserui,
313 2698 467 2776 explicatis
499 2703 681 2779 singulorum
712 2700 927 2760 fundamentis:
961 2699 1029 2760 inde
1062 2703 1161 2777 itaque
1194 2701 1279 2778 plura
1312 2708 1410 2775 petat,
1443 2702 1493 2776 qui

138 2781 293 2846 desiderat.
