3284 5520
224 280 288 351 194
714 285 849 355 Tyohonis
866 275 1077 358 Hyperaepistes

222 467 395 608 torquerent
424 461 572 540 'l'ychonis
601 462 823 538 demonstratio,
854 467 879 523 si
912 472 957 525 vet
986 473 1064 527 totae
1094 466 1150 528 bae
1178 465 1314 544 pagellae
1347 484 1382 528 ex
1412 465 1477 540 ejus
1504 464 1579 526 libro

222 563 272 608 rev
315 557 438 609 arentur.

331 656 378 713 te.
416 655 474 715 Sed
498 656 653 717 audiamus
675 666 772 716 tamen
796 656 1026 718 Claramontium
1048 662 1078 716 in
1101 661 1138 719 iis
1160 660 1258 731 etiem,
1282 673 1359 733 quae
1381 674 1450 717 rere
1465 659 1579 734 arguit3

222 750 336 819 tempus
360 743 495 819 equidem
519 753 578 818 est,
604 744 818 821 utaliquando
842 763 912 805 vera
934 745 1030 805 dicere
1053 748 1182 824 incipiat,
1206 748 1297 804 nimio
1319 744 1414 804 multa
1435 744 1580 803 bactenus

222 829 377 889 aberravit.
422 830 525 891 Monet
556 834 656 905 initio,
688 832 801 891 Lunam
830 832 972 891 horizonti
1004 835 1129 891 vieirram
1159 835 1188 889 in
1217 830 1340 891 diversis
1363 831 1579 905 altitudinibus,

222 918 239 974 5
267 917 311 976 vel
338 920 355 976 6
379 918 488 994 gradus
512 918 721 996 differentibus,
745 937 802 977 non
829 921 940 978 venere
963 919 1128 996 parallaxin
1153 915 1214 999 6¹l,
1238 921 1367 978 minutis.

329 1026 377 1083 19.
417 1023 447 1083 Si
472 1023 508 1083 de
531 1024 673 1099 parallaxi
698 1022 862 1083 altitudinis
884 1023 1029 1099 loquitur,
1060 1031 1092 1081 ut
1117 1031 1203 1100 puto,
1234 1039 1304 1082 vera
1325 1030 1433 1082 monet.
1481 1021 1580 1080 Tanta

222 1112 299 1168 enirn
324 1112 446 1169 variatio
470 1111 611 1186 parallaxi
634 1110 729 1170 lunari
752 1112 868 1168 nonnisi
892 1112 968 1169 cirea
991 1112 1085 1186 ipsum
1113 1111 1250 1170 verticem
1273 1117 1370 1187 potest
1397 1110 1576 1183 contingere.

223 1197 339 1257 Bonum
362 1208 564 1273 argumentum
588 1206 632 1257 cst
650 1198 688 1257 ad
704 1196 944 1270 convincendum,
968 1200 1134 1257 necessario
1150 1213 1276 1256 errorem
1291 1198 1441 1273 irrepsisse
1457 1198 1487 1252 in
1502 1196 1578 1255 banc

221 1284 341 1359 quidem
364 1285 451 1361 hujus
473 1285 531 1344 loci
557 1285 843 1357 demonstrationem,
868 1293 900 1343 ut
923 1285 1008 1360 cujus
1032 1285 1179 1344 conclusio
1204 1279 1264 1365 6¹1,
1279 1286 1392 1342 minuta
1413 1281 1578 1342 altitudinis

222 1372 305 1431 infert
329 1376 357 1431 in
382 1376 446 1448 ipso
469 1372 629 1435 horizonte.
665 1373 731 1447 Qua
756 1389 824 1432 vero
847 1389 877 1430 re
901 1371 1041 1448 deceptus
1057 1375 1095 1430 sit
1109 1370 1221 1449 Tyebo,
1247 1378 1278 1429 nt
1301 1371 1358 1430 boc
1378 1386 1437 1429 non
1455 1370 1577 1442 videret,

220 1476 252 1518 sc
275 1463 318 1533 (in
342 1462 508 1537 praesentia
532 1459 664 1536 quidem)
687 1476 838 1537 perperam
861 1476 962 1533 agere,
991 1466 1042 1519 aut
1064 1461 1171 1535 quibus
1195 1459 1312 1516 omnino
1334 1474 1367 1516 se
1391 1459 1579 1517 obstrinxerit

220 1548 373 1621 erroribus,
397 1567 415 1607 a
438 1548 544 1623 quibus
569 1548 698 1606 vicissim
721 1549 759 1604 sit
783 1547 927 1621 immunis,
951 1545 1019 1605 binc
1041 1553 1112 1624 puto
1134 1543 1265 1605 nonnihil
1288 1547 1499 1621 appariturum.

323 1652 374 1711 20.
413 1650 493 1711 Nibil
525 1651 619 1711 dicam
650 1649 686 1711 de
717 1658 862 1728 tempore,
894 1667 951 1726 quo
979 1661 1121 1726 concepta
1144 1648 1191 1710 vel
1215 1648 1369 1710 elaborata
1391 1647 1480 1708 inunt
1502 1647 1576 1708 baec

219 1735 444 1813 demonstratio,
474 1747 503 1798 et
526 1737 674 1815 quomodo
697 1754 755 1797 non
779 1754 892 1813 semper
914 1736 1100 1813 proficiamus
1124 1754 1189 1796 cum
1212 1744 1323 1810 aetate,
1355 1735 1406 1795 sed
1429 1735 1577 1795 interdum

219 1826 307 1883 etiam
331 1825 529 1902 regrediamur
551 1826 713 1901 harumque
736 1824 939 1897 subtilitatum,
965 1824 1044 1899 qnod
1062 1824 1177 1884 etmihi
1194 1824 1294 1883 crebro
1310 1822 1426 1893 accidit,
1450 1822 1578 1882 oblivis-

114 1943 118 1951 ·
218 1927 334 1984 camur,
367 1922 419 1971 aut
445 1912 631 1972 multitudine
659 1911 821 1971 studiorum
849 1919 900 1970 aut
929 1910 1095 1972 domesticis
1124 1912 1250 1988 negotiis
1280 1909 1426 1985 distracti3
1457 1916 1491 1968 nt
1514 1917 1577 1970 erat

219 1997 336 2072 quidem
360 1998 462 2077 Tycbo
487 1998 638 2059 voluntate
662 2017 729 2071 sua,
755 2007 786 2057 ut
809 1998 897 2057 bomo
921 1998 1027 2058 nobilis
1051 2008 1078 2059 et
1101 1997 1248 2075 locuples,
1273 2005 1343 2072 erat,
1367 1998 1498 2073 inquam,
1523 2012 1576 2056 oc-

218 2085 424 2161 cupatissimus
447 2088 530 2145 annis
553 2087 764 2164 posterioribus
788 2089 816 2142 in
840 2095 983 2163 apparatu
1007 2090 1272 2154 instrumentorum,
1297 2087 1326 2142 in
1347 2084 1576 2144 substructioni-

219 2172 284 2251 bus,
308 2175 337 2230 in
357 2172 606 2246 distillationibus,
630 2175 659 2230 in
675 2173 931 2233 observationibus
947 2176 1100 2248 continuis,
1125 2175 1154 2231 in
1172 2170 1300 2250 regenda
1316 2188 1472 2231 numerosa
1487 2171 1576 2230 iami-

220 2258 274 2333 lia,
305 2259 403 2320 multis
429 2260 581 2338 opificibus
604 2260 795 2339 plurimisque
818 2258 973 2335 studiosis,
1007 2263 1036 2318 in
1060 2258 1220 2321 excolenda
1242 2257 1354 2331 insula,
1379 2261 1407 2316 in
1431 2267 1577 2337 typogra-

217 2345 296 2423 phia,
321 2347 437 2407 cilicina
459 2350 624 2425 papyrarie,
648 2347 847 2424 horologiaria
869 2347 1054 2420 instruendis,
1079 2348 1169 2408 literis
1191 2345 1351 2406 scribendis
1375 2353 1430 2407 etc.
1452 2343 1492 2422 ¹⁴)

322 2452 373 2508 ul.
411 2450 470 2512 Sed
499 2470 564 2513 cum
594 2459 726 2512 cometae
756 2462 930 2526 conspectus
954 2455 982 2510 in
1006 2452 1166 2513 meridiano
1190 2454 1333 2514 versantis
1356 2451 1473 2514 daretur
1496 2470 1576 2512 nun·

217 2552 319 2611 quam,
350 2537 416 2598 loca
441 2557 509 2599 vero
533 2537 606 2612 duo,
630 2538 728 2615 Praga
750 2547 779 2599 et
803 2535 1036 2616 Uraniburgum,
1067 2540 1254 2617 subjacerent
1275 2540 1369 2601 eidem
1393 2539 1574 2600 meridiano:

215 2639 250 2682 ex
273 2622 330 2683 hoc
353 2624 468 2686 videtur
490 2625 592 2703 'l'ycbo
615 2629 738 2702 primam
763 2625 915 2685 affectasse
938 2621 1059 2687 schema
1080 2626 1220 2703 solidum,
1244 2631 1273 2685 in
1297 2646 1356 2705 quo
1378 2625 1574 2710 (respiciendo

215 2709 253 2768 ad
276 2710 325 2770 iol.
346 2714 415 2773 125.
439 2713 588 2792 Tyclronis
612 2722 640 2773 et
664 2714 701 2772 ad
723 2712 773 2773 iol.
799 2714 870 2771 179.
894 2711 1052 2793 Scipionis)
1076 2715 1128 2773 ΑΒ
1153 2715 1270 2792 quidem
1293 2724 1370 2776 esset
1393 2712 1574 2776 meridianus

785 2798 920 2874 Telluris,
945 2807 976 2860 at
1000 2818 1069 2862 vero
1091 2802 1205 2863 DDAB
1228 2804 1348 2879 planum
1371 2801 1409 2863 ad
1432 2801 1574 2862 meridia-

435 2887 487 2947 urg.
512 2889 535 2934 ¹¹-
786 2904 855 2945 num
879 2887 1035 2948 coelestem
1058 2889 1229 2949 inclinatum
1251 2892 1281 2948 in
1306 2889 1497 2964 occidentem,
1522 2889 1575 2949 ubi

488 2981 492 3002 '
786 2982 848 3033 erat
871 2974 969 3034 lucida
987 2975 1129 3051 Vulturis,
1153 2985 1182 3036 et
1204 2977 1278 3038 sorte
1298 2977 1428 3038 ABGEF
1449 2975 1575 3054 planum

594 3099 599 3121 .
785 3059 874 3134 aliud,
900 3061 1067 3122 distinctum
1086 3082 1104 3123 a
1122 3065 1210 3140 priori
1233 3071 1263 3124 et
1285 3063 1380 3124 adbuc
1402 3062 1573 3124 inclinatius

785 3165 886 3207 versus
910 3148 1089 3211 horizontem
1113 3150 1275 3211 occiduum.
1317 3151 1355 3210 Et
1377 3151 1438 3211 fieri
1461 3157 1572 3229 potest,

784 3241 817 3293 ut
839 3235 958 3296 schema
986 3237 1042 3298 bac
1071 3241 1231 3299 intentione
1255 3238 1434 3299 delineatum
1457 3237 1573 3300 dederit

685 3324 704 3369 B
783 3323 1025 3399 exsculpendum,
1066 3343 1161 3402 eoque
1200 3335 1268 3403 post
1301 3325 1421 3402 aliquod
1453 3333 1572 3405 tempus

781 3418 924 3484 resunsto,
955 3430 1026 3472 suae
1051 3415 1220 3472 intentionis
1242 3414 1310 3473 bnio
1333 3413 1475 3473 schemati
1498 3430 1571 3491 pro-

340 3501 477 3608 ·'Xj
781 3498 862 3595 priae
889 3498 935 3557 vel
962 3498 1071 3558 oblitus
1099 3499 1145 3560 vel
1172 3499 1359 3578 poenitudine
1383 3500 1503 3575 ductus,
1532 3518 1571 3561 ne

246 3501 448 3733 ἡ.
777 3600 840 3657 Jam
864 3586 1047 3662 exsculptum
1070 3588 1176 3647 trustra
1200 3587 1393 3662 abjiceretur,
1423 3589 1572 3649 censuerit

779 3670 879 3746 potius
900 3671 1101 3748 adjuvandum
1125 3676 1224 3734 verbis
1248 3682 1278 3736 et
1301 3677 1343 3735 sic
1359 3673 1571 3752 applicandum

780 3755 817 3817 ed
840 3757 929 3817 aliam
953 3778 1049 3833 suam,
1082 3777 1169 3836 quam
1194 3769 1238 3821 est
1261 3761 1349 3837 bnjus
1373 3761 1446 3836 loci,
1469 3764 1570 3823 inten-

212 3840 335 3911 tionem,
360 3858 419 3914 qna
442 3840 548 3901 latetur
571 3840 621 3901 iol.
644 3858 697 3901 suo
726 3844 803 3916 128,
826 3863 858 3903 se
881 3863 1045 3924 supponere
1067 3848 1124 3907 hoc
1146 3846 1268 3918 laisum,
1293 3851 1378 3926 quasi
1400 3858 1517 3909 cometa
1539 3851 1570 3908 in

212 3927 276 4002 ipso
299 3926 450 3987 horizonte
474 3927 560 3987 suerit
583 3931 758 3989 constitutus
782 3933 855 3990 inter
879 3934 1103 4009 observandum,
1127 3941 1245 4013 propter
1261 3953 1382 4014 parvam
1398 3934 1570 3997 distantiam

211 4013 249 4072 ab
272 4013 439 4093 horizonte,
465 4033 540 4090 quse
564 4015 655 4076 verba
679 4017 796 4077 interius
821 4019 857 4078 ad
881 4037 944 4098 cap.
967 4024 1017 4083 20.
1041 4040 1119 4082 num.
1145 4023 1174 4081 8.
1196 4023 1371 4100 pensitanda
1393 4029 1478 4084 eruut
1498 4023 1570 4082 dili-

209 4103 342 4176 gentius,
375 4111 407 4162 ut
437 4119 513 4178 quae
543 4119 651 4161 novam
681 4102 958 4167 demonstrationem
989 4111 1126 4187 sapiunt;
1157 4119 1188 4167 ut
1218 4113 1335 4169 omnino
1363 4109 1484 4171 sabama
1511 4111 1569 4171 boe

26 4202 29 4207 ·
99 4257 102 4262 ,
209 4205 305 4248 novae
334 4189 413 4249 illins
445 4188 701 4249 demonstrationis
730 4209 820 4252 causa
851 4201 1023 4271 conceptum
1054 4199 1118 4257 esse
1151 4196 1297 4270 videatur,
1327 4214 1385 4257 non
1407 4213 1479 4258 vero
1503 4197 1568 4276 ejus

210 4293 308 4351 causa,
333 4294 390 4352 quo
415 4276 451 4336 de
474 4276 521 4336 bic
545 4280 650 4354 agitur.
691 4278 743 4338 Est
766 4283 842 4339 enim
867 4281 914 4341 hic
938 4282 1064 4344 alienum
1089 4304 1107 4344 e
1129 4286 1290 4360 proposito,
1313 4284 1398 4345 interi
1421 4291 1567 4347 cometam

209 4361 299 4423 inisse
321 4366 517 4442 propinquum
541 4367 668 4425 occasui.

312 4467 455 4526 Nimirum
477 4467 534 4529 boc
557 4478 619 4528 erat
634 4470 768 4547 Tycboni
791 4473 820 4528 in
843 4474 950 4546 animo,
974 4473 1061 4533 simul
1076 4475 1170 4545 lateri,
1194 4494 1225 4535 se
1241 4492 1405 4556 supponere
1420 4487 1566 4540 conretam

209 4554 237 4610 in
261 4555 324 4630 ipso
349 4554 509 4615 meridiano
534 4557 625 4634 (qnod
649 4563 678 4617 et
700 4556 810 4619 iactum
835 4557 988 4639 ridemus),
1012 4562 1061 4638 qui
1086 4570 1182 4622 tamen
1207 4564 1347 4639 vergebat
1362 4563 1401 4624 ad
1416 4581 1565 4626 occasum.

208 4638 274 4698 Hoc
297 4641 383 4716 igitur
406 4657 471 4701 cum
494 4643 612 4717 iactum,
638 4644 712 4704 duae
736 4646 912 4705 intentiones
928 4650 958 4706 in
975 4665 1062 4708 unam
1077 4653 1239 4726 permixtae
1255 4659 1361 4725 essent,
1384 4668 1444 4711 non
1459 4656 1568 4714 mirum

208 4734 271 4804 est,
302 4743 338 4786 ex
368 4738 491 4804 atraque
514 4729 627 4807 aliquid
651 4732 679 4790 in
702 4731 860 4793 schematis
884 4733 1077 4811 explicatione
1101 4735 1288 4813 adhaesisse,
1322 4737 1448 4816 denique
1471 4747 1564 4802 totam
