3284 5520
470 331 512 387 Ad
528 329 626 389 librum
643 331 678 390 11.
698 331 912 403 Anti-Tychouis
929 347 988 402 cap.
1007 334 1032 388 7.
1371 335 1434 401 181

75 507 113 567 ed
146 506 268 568 Terram
307 514 339 568 nt
372 510 402 566 iu
435 507 607 570 Ptolemaeo
644 512 798 586 reseratur,
832 511 1022 572 nihilominus
1057 513 1176 589 effugiet
1208 511 1434 589 incommodum,

74 611 203 672 quocum
227 595 402 656 Aristoteles
431 597 632 658 conflictatur(
669 597 752 660 Unus
780 603 857 661 enirn
879 599 1013 678 Tychoni
1042 608 1089 659 est
1110 601 1190 660 orbis
1213 603 1298 660 trium
1321 601 1435 676 horum,

74 685 134 741 iuro
166 685 297 744 omnium
328 684 387 744 lere
416 684 616 761 planetarum,
648 704 705 747 non
735 695 792 748 tres
823 687 872 747 vel
902 705 953 747 sex
982 695 1013 746 ut
1045 687 1212 762 Aristoteli,
1244 704 1334 746 eruum
1364 707 1434 766 ergo

74 787 259 830 communem
281 772 354 848 ipsis
376 781 488 831 motum
510 789 639 832 annuum
662 792 726 835 esse
749 772 839 858 (ipsis
862 777 981 851 inquam
1006 775 1141 848 orbibus,
1171 791 1230 834 nou
1253 774 1379 852 planctis
1403 779 1433 835 in

75 859 137 917 ruis
161 853 310 940 orbibus),
333 858 405 918 nihil
421 859 512 920 habet
534 861 662 922 absurdi.
702 863 750 933 Ita
770 863 899 940 perlecta
921 863 975 922 erit
997 862 1146 921 inductio:
1170 862 1245 922 lixae
1268 862 1433 923 tardissime

72 943 222 1020 incedunt,
246 963 312 1006 cum
335 948 394 1006 sint
417 945 483 1007 loco
506 947 663 1023 altissimo,
694 949 744 1010 Sol
770 968 835 1010 cum
857 955 1017 1027 systemate
1039 949 1221 1027 planetarum
1245 949 1311 1010 loco
1335 950 1433 1010 medio

72 1049 189 1092 munos
210 1033 283 1094 iacit
303 1032 423 1108 reditus,
445 1033 531 1094 Luna
554 1045 728 1110 menstruos,
756 1055 821 1097 cum
844 1040 883 1096 sit
905 1036 1014 1096 intima.

181 1121 209 1179 6.
239 1121 278 1180 Et
304 1128 402 1181 tamen
430 1122 459 1179 ln
489 1121 546 1183 hac
574 1124 736 1200 probabilis
764 1127 926 1202 argumenti
955 1134 1037 1201 parte
1066 1141 1132 1183 cum
1161 1125 1307 1199 attigisset
1330 1123 1433 1202 Tycho

72 1206 213 1268 sublimis
235 1211 292 1268 ista
314 1217 344 1268 et
366 1208 516 1270 recondita
538 1210 671 1272 sideralis
693 1213 833 1273 scientiae
856 1214 1012 1289 mysteria,
1035 1227 1093 1271 uon
1118 1214 1207 1270 utitur
1230 1220 1336 1280 tamen,
1361 1229 1433 1270 cou-

73 1302 170 1354 teutus
201 1295 267 1356 sola
296 1298 469 1374 apparentia
495 1306 636 1361 motuum.
683 1299 806 1360 Disertis
838 1303 913 1361 enim
946 1299 1044 1359 verbis
1071 1317 1105 1358 oo
1135 1299 1297 1372 tardiores,
1328 1300 1432 1375 inquit,

72 1382 206 1442 aderam
228 1392 329 1444 motus
349 1384 435 1444 nobie
457 1395 626 1462 opponat,-
648 1407 682 1446 eo
705 1387 858 1448 estmorae
880 1395 933 1446 cto.
956 1389 1196 1461 conspiciuntur.
1237 1385 1299 1444 Nec
1322 1388 1432 1463 patitur

74 1472 253 1530 instantiam.
291 1471 384 1531 Fixus
407 1474 484 1531 euim
499 1472 599 1533 dietim
623 1475 641 1533 8
663 1476 749 1535 tertia
770 1483 938 1552 prorepunt,
963 1492 998 1533 ex
1014 1472 1148 1550 planetis,
1173 1489 1238 1531 cum
1255 1472 1432 1532 velocissimi

73 1566 154 1631 suut,
179 1555 203 1637 Ῐ)
228 1560 247 1616 8
269 1559 380 1638 primo,
407 1553 443 1640 ‘ll
472 1561 537 1634 15¹,
570 1567 595 1628 0⁸
628 1560 688 1635 47⁴,
714 1564 753 1641 (ὁ)
779 1561 844 1634 61’,
869 1559 894 1641 Ω
920 1561 980 1635 iii‘,
1005 1556 1031 1639 Q
1059 1563 1139 1632 131‘,
1163 1567 1193 1618 at
1217 1559 1301 1618 Luna
1324 1559 1432 1633 infima,

73 1662 136 1703 euru
159 1644 344 1719 tardissima,
378 1645 456 1719 ultra
481 1644 544 1711 10⁰.
589 1648 620 1708 Si
645 1666 715 1725 ergo
738 1657 853 1710 cometa
874 1649 930 1708 sub
953 1648 1039 1707 Luna
1061 1648 1177 1720 luisset,
1212 1649 1309 1723 posito
1333 1649 1431 1720 etiam,

74 1731 152 1808 quod
167 1741 284 1810 raptum
308 1734 392 1811 primi
407 1740 504 1794 motus
527 1752 709 1796 communem
725 1744 873 1815 pateretur
896 1737 954 1794 uni
974 1753 1039 1794 curn
1063 1736 1139 1794 a'e'ris
1155 1751 1290 1810 suprema
1313 1736 1432 1810 regione

73 1822 163 1892 (imo,
196 1822 223 1879 si
245 1819 413 1899 Scipionem
436 1819 589 1896 audimus,
624 1826 801 1885 etiamnum
825 1824 897 1889 ima.
933 1825 961 1880 in
986 1839 1045 1899 qua
1067 1821 1168 1898 aves),
1203 1828 1432 1882 cousentaneum

74 1909 159 1967 mam
188 1917 266 1977 crat,
299 1918 345 1980 ut,
379 1909 451 1984 quia
479 1915 559 1969 motu
588 1914 706 1988 proprio
736 1915 764 1970 in
788 1912 963 1971 contrarium
987 1927 1066 1969 more
1090 1917 1251 1970 ceterorum
1274 1909 1431 1984 nitebatur,

75 1993 195 2055 celerius
217 2012 307 2072 quarn
329 1994 416 2055 Luna
437 2013 503 2055 sese
526 2014 562 2056 ex
586 2014 621 2058 eo
645 1999 805 2060 evolveret.

176 2085 205 2143 i.
241 2081 300 2143 Sed
329 2083 425 2143 lubuit
454 2087 646 2160 peripatetico
678 2087 870 2148 meditatione
900 2085 1111 2161 propositionis
1147 2083 1235 2161 hujus
1270 2084 1433 2144 ambulare

76 2167 191 2229 diutius.
237 2169 352 2231 Vellem
375 2170 510 2248 equidem
534 2189 599 2231 cum
623 2172 674 2233 illo
698 2173 896 2251 ambularem,
928 2171 1081 2230 auditurus
1105 2171 1142 2230 ab
1166 2188 1201 2230 eo
1225 2187 1339 2244 coram,
1365 2173 1431 2248 quis

76 2273 175 2317 sensus
199 2267 409 2331 metaurum,
433 2261 756 2334 qnaetotoiol.153.
781 2261 878 2321 verbis
902 2259 1010 2337 profert
1033 2259 1248 2318 obscurissimis
1271 2268 1301 2319 et
1324 2258 1432 2335 quibus

77 2352 121 2404 sut
134 2361 220 2405 meae
234 2347 341 2406 mentis
353 2345 500 2418 tenebrae,
517 2354 569 2406 aut
580 2349 756 2426 typographi
772 2349 845 2408 lorte
861 2354 1054 2407 atramentum
1070 2349 1245 2421 contagione
1260 2346 1430 2420 nocuerunt,

77 2433 101 2488 in
126 2431 186 2492 tine
214 2431 270 2492 hoe
298 2450 363 2511 cap.
389 2440 424 2505 7,
460 2432 540 2509 quod
568 2443 656 2512 negat
685 2435 883 2496 inductionem
911 2452 929 2492 a
956 2436 1033 2494 veris
1066 2433 1210 2492 sideribus
1239 2432 1278 2493 ad
1301 2440 1431 2494 cometas

78 2519 237 2690 procedere),
261 2537 326 2580 curn
342 2519 439 2580 adbuc
458 2523 541 2580 sitin
558 2526 767 2598 controversia,
790 2526 886 2583 sintne
902 2529 1034 2582 cornetae
1051 2538 1129 2594 vera,
1152 2521 1210 2580 hoe
1223 2527 1268 2579 ost
1291 2520 1432 2581 eoelestia

77 2606 176 2667 sidera.
193 2602 245 2668 ¹¹.

175 2695 206 2754 8.
239 2695 416 2772 Principium
447 2698 490 2756 ait
512 2695 683 2775 Tyehouem
710 2705 817 2775 potere.
863 2696 930 2774 Ipse
955 2696 1116 2772 imperitius
1138 2694 1225 2755 finem
1248 2696 1341 2774 petit,
1374 2695 1431 2756 hoc

78 2790 114 2841 ert
142 2798 329 2859 consequens
361 2792 466 2861 neget,
501 2785 580 2860 quod
611 2801 670 2843 nou
701 2794 746 2845 est
780 2783 970 2861 disputatoris
1004 2782 1136 2858 legitimi.
1180 2781 1256 2842 Nam
1290 2784 1346 2841 nisi
1379 2788 1431 2842 aut

79 2868 237 2930 dannetur
259 2870 451 2943 antecedens,
475 2880 622 2932 cometem
643 2874 738 2949 fuisse
759 2872 924 2932 tardiorem
950 2868 1057 2943 Luna,
1080 2876 1133 2929 ant
1156 2869 1336 2928 dissolvatur
1359 2886 1431 2929 con-

77 2959 238 3035 sequentia,
272 2957 356 3034 qood
377 2959 497 3018 tordius
525 2967 568 3019 esc
588 2959 667 3018 idem
689 2963 880 3036 deoperire
901 2975 975 3017 esse:
1009 2957 1111 3036 procul
1135 2955 1225 3016 dubio
1249 2972 1431 3034 consequens

77 3047 182 3123 iprum,
205 3053 353 3105 cometam
376 3063 435 3106 esre
457 3046 553 3106 Lunti
572 3051 776 3122 superiorem,
800 3054 1010 3122 consequetur,
1035 3044 1064 3103 id
1088 3052 1135 3104 est
1157 3044 1337 3104 obtinebitur
1359 3047 1432 3105 citra

77 3133 298 3194 oonuoversiam
320 3133 387 3209 lege
409 3133 571 3195 dialectica.

176 3222 206 3280 9.
236 3220 281 3279 Ex
304 3220 361 3280 hec
386 3220 448 3297 jam
479 3223 638 3300 respiciens
661 3220 698 3280 ad
721 3223 847 3300 priorem
869 3226 981 3298 partem
1006 3217 1197 3293 dilemmatis,
1228 3219 1307 3296 quod
1330 3218 1430 3297 Scipio

78 3307 148 3381 lecit,
171 3324 249 3385 pene
271 3310 366 3383 capio,
390 3307 462 3385 quid
484 3304 515 3369 id
538 3310 595 3368 sihi
618 3308 700 3370 velit.
740 3309 883 3368 Nimirum
907 3309 1146 3383 consequentiam
1170 3304 1286 3366 videtur
1307 3324 1427 3383 negare.

77 3393 134 3455 lion
165 3395 244 3454 enim
274 3397 373 3456 omnia
394 3398 559 3474 promiscue
581 3396 802 3472 phaenomena,
835 3398 859 3454 si
884 3395 939 3454 sub
964 3394 1047 3453 Luna
1068 3400 1231 3470 ponantur,
1261 3395 1429 3453 necessario

78 3488 101 3540 et
128 3481 271 3543 celeriora
302 3484 410 3543 lutura.
455 3484 547 3558 Nam,
581 3486 692 3561 iuquit,
727 3486 752 3541 si
782 3484 842 3543 lixa
871 3482 972 3559 aliqua
1002 3481 1120 3542 revulsa
1153 3480 1188 3539 de
1219 3498 1274 3540 sua
1303 3480 1430 3557 sphaera

77 3577 229 3645 poneretur
258 3571 286 3627 in
315 3575 397 3643 aire,
433 3579 548 3631 exercet
577 3571 625 3631 hic
648 3579 760 3632 motum
782 3572 839 3631 sibi
861 3572 1023 3648 ingenitum
1046 3586 1104 3628 non
1128 3571 1222 3627 minus
1246 3584 1336 3644 quam
1358 3585 1430 3628 aves

76 3657 179 3718 ibidem
202 3674 298 3717 suum.
1316 3676 1319 3681 ·

180 3745 230 3804 10.
261 3744 353 3821 Atqui
381 3743 464 3805 nulla
493 3744 567 3805 baec
594 3751 638 3805 est
668 3747 822 3818 instantia,
857 3752 890 3804 ut
919 3760 995 3820 quae
1017 3742 1137 3821 fingitur
1158 3749 1314 3821 potestque
1336 3760 1431 3820 aeque

75 3832 157 3893 troile
186 3835 299 3909 negari.
345 3831 420 3891 Nam
449 3833 554 3893 avibus
585 3832 704 3909 quidem
727 3834 845 3893 volatus
869 3835 897 3890 in
922 3832 1041 3892 arbitrio
1064 3837 1124 3905 est,
1155 3830 1252 3892 sidera
1274 3832 1431 3892 incitantur

75 3918 211 3994 aliunde,
243 3918 372 3980 modulis
403 3919 440 3979 ad
471 3919 568 3980 locum
591 3922 828 3997 proportionatis.
876 3920 927 3978 Ait
955 3919 1073 3994 quidem
1097 3921 1319 3996 peripateticus,
1351 3925 1432 3979 astra

76 4010 101 4065 vi
135 4008 256 4085 propria
289 4013 385 4067 motus
417 4023 486 4066 suos
520 4007 674 4084 perficere,
711 4018 742 4066 ut
775 4025 846 4068 aves
882 4006 1028 4079 volatum,
1063 4007 1212 4082 habetque
1244 4006 1432 4082 aliquatenus

74 4096 281 4154 mseudenteru
297 4094 477 4172 Tychonem,
501 4104 645 4170 quatenus
660 4104 760 4155 manet
782 4103 892 4154 aslrum
907 4094 1046 4172 quodque
1068 4111 1123 4154 suo
1139 4094 1220 4169 loco;
1244 4094 1286 4152 ait
1301 4094 1431 4152 vicissim

75 4183 167 4254 alius,
192 4181 289 4241 sidera
311 4182 349 4242 ab
372 4182 490 4242 orbibus
514 4182 591 4256 vehi,
616 4184 714 4242 orbern
738 4183 902 4242 inferiorern
923 4200 942 4241 a
963 4183 1105 4258 superiori
1129 4183 1201 4258 rapi,
1225 4197 1370 4239 summum
1394 4180 1432 4240 ab

74 4269 180 4348 angelo
211 4272 339 4344 moveri,
372 4269 535 4329 inferiorem
565 4289 600 4330 ex
627 4279 713 4346 raptu
736 4272 893 4347 superioris
916 4270 953 4328 ab
976 4268 1083 4345 angelo
1107 4266 1236 4328 secundo
1260 4276 1314 4327 etc.
1343 4269 1431 4344 eripi;

75 4359 114 4417 stt
129 4357 316 4430 Aristoteles,
340 4354 492 4416 celeriores
507 4374 571 4418 esse
592 4360 643 4434 qui
659 4358 818 4431 inferiores,
841 4358 911 4433 qnia
933 4358 1028 4415 minus
1044 4355 1239 4432 impediantur
1253 4372 1271 4413 a
1287 4356 1432 4414 contrario

76 4451 155 4505 motu
178 4446 281 4522 primo,
306 4451 338 4502 ut
358 4446 523 4520 remotiori3
547 4447 589 4505 ait
604 4444 778 4522 Kepplerus,
803 4445 943 4504 coelestia
967 4447 996 4502 vi
1019 4445 1125 4520 speciei
1148 4442 1252 4503 solaris
1276 4445 1304 4501 in
1327 4459 1431 4520 gyrum

76 4532 172 4592 euntis
194 4533 322 4604 incitari,
347 4538 379 4590 ut
400 4549 506 4592 navem
529 4551 548 4591 a
570 4533 703 4604 flumine,
728 4532 884 4593 celeritatis
907 4530 1041 4591 modulos
1064 4548 1129 4590 cum
1153 4526 1291 4590 abscessu
1314 4527 1432 4589 mobilis

77 4638 94 4678 a
123 4618 205 4679 iouia
235 4626 332 4678 motus
362 4617 533 4695 dispensari.
581 4620 748 4679 Astrouomi
779 4626 890 4680 certant
920 4629 949 4679 et
980 4619 1076 4678 adhuc
1107 4618 1161 4677 sub
1186 4616 1287 4694 judice
1316 4617 1353 4677 lis
1376 4622 1430 4687 est,

77 4707 146 4765 Duo
166 4708 344 4784 posteriores
366 4705 461 4780 modi,
484 4715 650 4785 postremus
672 4709 853 4786 praesertim,
876 4706 1048 4766 verisimiles
1071 4714 1138 4765 sunt
1160 4713 1189 4765 et
1213 4703 1319 4764 tollunt
1341 4704 1431 4764 liber-

77 4801 167 4857 trtero
188 4792 334 4857 sideribus
354 4794 508 4856 exercendi
530 4802 627 4856 urotns
650 4811 720 4855 suos
744 4795 904 4856 invariatos
925 4811 978 4872 per
1000 4795 1066 4855 loca
1089 4795 1186 4869 varia,
1220 4794 1346 4877 primus,
1379 4793 1431 4876 qui
