3284 5520
246 1147 431 1210 Joannes
459 1148 725 1222 Torrentius,
758 1156 845 1209 natus
877 1147 1066 1210 Constantiae
1097 1165 1123 1209 c.
1154 1147 1241 1209 tinem
1271 1147 1361 1209 seculi
1393 1145 1500 1206 decimi

139 1238 227 1310 sexti,
251 1236 366 1298 celeber
388 1235 494 1296 studiis
515 1236 731 1297 mathematicis
753 1245 783 1296 et
804 1235 940 1309 medicis,
969 1253 1047 1296 anno
1072 1241 1165 1296 1611.
1189 1238 1228 1301 in,
1242 1235 1371 1296 ordinem
1394 1233 1499 1294 Josul·

139 1331 238 1383 tarum
270 1332 418 1385 assumtus
452 1333 513 1401 ost,
547 1327 674 1402 peractis
706 1323 820 1400 aliquot
853 1325 938 1384 annis
972 1326 1000 1382 in
1033 1322 1204 1397 Lusitania,
1239 1340 1266 1384 c.
1292 1340 1319 1382 a.
1345 1328 1437 1384 1618.
1469 1323 1497 1378 in

139 1408 230 1471 Sinas
253 1414 383 1486 transiit,
405 1420 439 1471 ut
460 1411 615 1488 legationi,
645 1428 722 1488 quae
746 1410 930 1471 Christianae
953 1409 1104 1471 doetrinae
1126 1408 1206 1488 apud
1228 1408 1366 1471 Sirenses
1390 1425 1500 1487 propa-

140 1497 259 1574 gandae
280 1501 376 1574 gratia
397 1501 487 1558 missa
511 1507 563 1572 est,
587 1516 619 1559 se
641 1498 825 1574 adjungeret.
863 1497 967 1558 Editos
989 1497 1049 1557 illic
1071 1499 1109 1557 ab
1133 1514 1168 1559 ee
1190 1505 1320 1558 recenset
1337 1496 1499 1574 Alegambo

141 1583 338 1662 (bibliotheca
361 1587 533 1664 scriptorum
556 1588 706 1646 societatis
728 1583 817 1663 Jesu)
839 1583 944 1657 libros,
966 1583 1068 1661 lingna
1089 1587 1200 1646 sinonsl
1223 1586 1362 1663 scriptos,
1386 1584 1421 1644 do
1443 1600 1499 1642 an·
1600 1598 1606 1617 ‘

140 1671 220 1748 gulis
244 1673 413 1749 sphaericis,
438 1673 474 1733 do
497 1690 633 1733 mensura
656 1671 740 1745 coeli,
765 1672 800 1732 de
825 1670 1020 1732 declinatione
1043 1672 1204 1749 eclipticee,
1230 1671 1266 1730 de
1281 1671 1500 1732 ascensionibus

140 1761 239 1820 rectis.
285 1760 448 1837 Imperator
467 1760 599 1821 Sinoneis
622 1758 856 1821 emendationem
873 1758 1040 1818 calendarii
1062 1776 1169 1836 parans
1192 1758 1351 1819 advocavit
1374 1758 1500 1819 Torren-
1556 1796 1559 1803 =
1619 1832 1627 1837 .

140 1849 230 1920 tium,
264 1854 296 1907 ut
318 1847 451 1909 doctrina
472 1866 528 1908 sua
550 1847 705 1924 adjuvaret
728 1845 951 1907 mathematicos
973 1845 1129 1921 Sinonees,
1161 1863 1219 1924 qno
1241 1845 1380 1907 mandato
1403 1861 1501 1907 motus

140 1934 299 2010 epistolam
330 1937 447 2012 scripsit
473 1934 622 2012 publicam
651 1933 691 1995 ad
720 1933 944 1995 mathematicos
973 1932 1143 2012 Europaeos
1173 1950 1250 1994 anno
1282 1939 1381 2006 1603,
1413 1950 1500 2010 quam

140 2021 282 2081 Albcrtus
306 2020 424 2081 Curtius
452 2039 529 2083 anuo
556 2029 650 2082 1627.
675 2020 795 2097 Diiinga
823 2022 903 2080 misit
924 2019 1068 2097 Keploro,
1100 2029 1132 2080 ut
1154 2020 1191 2080 ad
1215 2022 1402 2098 quaestiones
1426 2020 1500 2080 Ter·

138 2111 228 2167 rentii
253 2108 450 2185 responderet.
495 2109 582 2170 Hauc
604 2112 822 2188 responsionem
845 2106 992 2187 Koplorue
1016 2110 1206 2171 ann01630.
1238 2108 1339 2184 proelo
1365 2107 1501 2184 subJocit,

142 2213 203 2272 quo
227 2195 330 2256 eodem
354 2212 431 2256 anno
454 2196 637 2257 'serrantium
660 2203 805 2255 morttmm
828 2195 915 2255 roiert
937 2202 1047 2268 auctor,
1071 2212 1159 2271 quem
1181 2211 1271 2272 supra
1293 2195 1427 2257 diximus.

248 2282 283 2341 In
305 2285 473 2360 praemissis
489 2284 688 2343 voluminibus
708 2287 769 2356 (111.
785 2305 812 2354 p.
827 2290 888 2341 618.
907 2292 932 2338 et
950 2289 994 2341 vi.
1011 2304 1039 2354 p.
1058 2286 1105 2354 66)
1122 2285 1223 2359 paucis
1238 2289 1413 2342 memoratur
1428 2280 1500 2341 Tor-

142 2371 264 2442 tentius,
290 2373 365 2430 sicut
380 2374 468 2432 otiam
485 2371 521 2430 A.
539 2371 670 2430 Curtium
687 2371 791 2432 eodem
806 2369 866 2429 vol.
883 2368 935 2429 VI.
958 2372 1069 2446 passim
1085 2371 1310 2429 nominavimus.
1343 2367 1426 2444 Quae
1440 2367 1502 2428 Ro-

141 2475 208 2516 mus
224 2457 353 2534 Koploro
376 2458 463 2518 roiert
485 2457 521 2518 do
537 2457 688 2519 Torrentio
708 2464 769 2529 (vL
787 2480 814 2529 p.
828 2462 885 2530 oe),
904 2459 1018 2535 integra
1034 2457 1083 2516 bic
1100 2455 1266 2516 exhibenda
1280 2462 1357 2515 sunt.
1395 2454 1502 2515 Scribit

140 2543 252 2604 Romus
275 2543 303 2603 d.
328 2547 379 2605 20.
405 2543 469 2607 Oet.
497 2551 597 2606 1618:
630 2545 754 2623 Scripsit
775 2544 847 2604 mihi
870 2562 962 2620 nuper
984 2544 1023 2604 D.
1048 2544 1157 2612 Faber,
1188 2544 1318 2605 medicus
1341 2542 1500 2617 Romanus,

143 2630 225 2708 quod
240 2632 273 2689 P.
291 2631 459 2692 Torrentius
482 2633 631 2693 licentiam
647 2632 783 2693 sumserit
797 2634 835 2693 ab
851 2633 987 2692 omnibus
1004 2631 1161 2691 Liaibonao
1177 2641 1246 2691 ante
1263 2646 1373 2709 paucos
1389 2647 1502 2690 menses

141 2720 205 2800 (27.
229 2717 295 2779 Oct.
327 2721 412 2779 litera
444 2727 563 2780 exarata
593 2728 637 2780 est
659 2717 783 2798 Romae)
815 2729 845 2780 et
875 2721 938 2796 ipso
960 2718 995 2777 P.
1019 2718 1186 2778 Torrentius
1214 2719 1350 2777 manibus
1379 2719 1503 2794 propriis

143 2806 217 2864 mihi
240 2808 379 2882 scriptam
403 2808 638 2867 observationem
661 2807 896 2879 communicavit,
920 2823 1009 2883 qnam
1024 2804 1108 2865 Tuae
1122 2804 1324 2867 Excellentiae
1348 2803 1448 2877 offero,
1472 2811 1504 2864 ut

142 2892 212 2953 inde
235 2894 319 2970 (quia
341 2892 424 2953 locus
447 2891 488 2974 ῼ·
504 2903 599 2954 certus
629 2895 684 2954 tibi
711 2896 845 2971 cognitus
874 2891 929 2974 est)
952 2892 1165 2970 longitudinem
1188 2892 1347 2954 [tritomo
1370 2899 1504 2970 respectu

141 2976 330 3055 Uranoburgi
353 2980 421 3041 inde
445 2998 545 3042 eruore
568 2989 667 3058 queat.
711 2981 811 3042 Verba
834 2981 898 3058 ejus
921 2979 995 3041 haec
1018 2988 1102 3040 sunt:

246 3087 304 3157 „D.
323 3088 362 3144 D.
380 3088 477 3146 Remo.
513 3089 597 3145 Anno
618 3090 695 3145 1617.
711 3090 768 3158 fait
785 3092 821 3148 (f
853 3095 925 3156 liet
949 3087 1074 3215 &33⁰⁶
1090 3088 1192 3144 occidit
1209 3087 1254 3144 ⁵0⁴
1271 3103 1294 3144 c.
1312 3102 1406 3144 moeso
1423 3087 1504 3144 modo

140 3158 240 3241 sumtis
252 3165 320 3243 poet
337 3175 463 3214 occasum
480 3157 555 3215 Solio
572 3159 598 3215 3.
618 3159 733 3242 (erravit
769 3158 831 3243 tuit·
840 3161 877 3227 6.)
896 3160 939 3241 dio
1006 3228 1012 3240 ι
1086 3156 1184 3214 Totam
1205 3155 1505 3240 mesopotamenus

142 3246 174 3282 rer
186 3229 407 3285 remeationem.
441 3228 533 3311 Veneto
550 3245 633 3300 reaper
649 3245 712 3299 epse
723 3200 809 3285 buseo
819 3235 972 3312 tempstate
984 3227 1135 3310 sedebatur.
1165 3227 1313 3299 Appleoato
1331 3227 1396 3282 tubo
1414 3233 1505 3296 opteco

138 3298 332 3434 idm?
350 3298 959 3494 ἴῗῷᾞέᾰὲῗῶἓξὲἕὲἒ
967 3297 1172 3437 imile
1195 3297 1506 3447 ‘detentet

142 3439 313 3494 corniculato
331 3444 357 3493 et
373 3444 491 3520 utroquo
508 3455 613 3495 cornua
630 3439 724 3495 eodem
740 3455 785 3520 mo
806 3456 823 3495 o
839 3455 868 3495 ec
885 3439 1024 3522 debebunt
1036 3444 1062 3493 ot
1073 3436 1112 3492 ud
1125 3436 1239 3518 medem
1246 3443 1362 3506 porum,
1376 3436 1506 3505 pentorn

143 3513 236 3564 samm
254 3513 333 3562 aaut
355 3506 468 3562 Veneres
485 3524 567 3578 quom
584 3509 691 3564 mineo.
729 3505 853 3564 Oreades
869 3509 1007 3564 cabades
1025 3514 1091 3563 taso
1107 3513 1245 3562 tremescere
1258 3521 1311 3575 per
1328 3520 1434 3560 cosmoe
1456 3503 1505 3560 Ve-

142 3578 219 3632 neris
236 3577 376 3658 trossebot
393 3583 502 3632 matum
538 3584 845 3658 meebomompartem
857 3594 944 3634 cernes
956 3577 1279 3659 septestmonolieipos‘ue
1291 3574 1399 3630 Mnus.
1429 3572 1506 3631 Haeo

179 3802 258 3857 omns
274 3787 368 3867 boaret
384 3804 416 3842 ea
433 3788 559 3856 ecliptica
577 3806 608 3843 sss
625 3787 674 3842 22⁰
686 3787 744 3854 tau
758 3789 765 3813 ¹
778 3792 821 3853 Φ,
838 3788 937 3843 scamas
954 3803 986 3840 m
1002 3786 1173 3858 medeae
1190 3786 1243 3842 locs
1261 3784 1354 3856 39¹t,⁰.
1392 3783 1507 3854 Tempus

144 3856 201 3924 titii
220 3856 419 3912 obeoroatsome
436 3857 463 3913 lt.
482 3860 509 3913 e.
530 3857 573 3913 te‘
585 3874 617 3926 p.
636 3873 681 3926 m,
699 3823 772 3912 asilo
789 3857 896 3927 reliquo
913 3855 1104 3926 contrastare

255 3961 328 4012 Anno
348 3965 426 4017 tete.
444 3964 521 4013 refert
538 3965 630 4014 nemus
648 3963 772 4027 Kepicro:
807 3955 975 4016 Torrentius
1005 3956 1080 4014 abiit
1110 3956 1268 4015 instructus
1298 3955 1378 4013 bona
1406 3949 1509 4029 supel-

145 4039 244 4102 lectile
276 4040 555 4102 medicamentorum
586 4042 793 4122 chymicomm.
848 4041 1015 4119 Responsio
1045 4040 1166 4119 Kepleri
1201 4040 1238 4102 ad
1272 4042 1370 4117 priora
1400 4038 1507 4116 iegitur

148 4127 208 4190 vol.
234 4127 287 4188 VI.
310 4146 378 4205 pag.
404 4133 455 4192 ot.

253 4214 400 4293 Koplorus
423 4214 572 4276 dedicavit
594 4213 726 4277 libellum
749 4215 977 4286 Walleustonio,
1006 4216 1168 4292 praemittit
1188 4213 1330 4274 Torrentii
1353 4212 1507 4292 epistolam

147 4319 273 4379 eamque
304 4304 381 4363 notis
412 4305 474 4363 suis
504 4303 631 4363 illustrat
653 4313 682 4362 ot
704 4302 871 4364 Sinonsium
900 4305 1109 4364 astronomiam
1137 4310 1167 4361 et
1194 4301 1391 4362 calendarium
1415 4308 1506 4360 taxat.

147 4388 308 4466 Quaerenti
331 4388 500 4465 Tonantio,
532 4407 601 4449 num
625 4398 719 4450 exstet
741 4409 820 4451 nova
842 4390 943 4468 aliqua
965 4389 1067 4449 Lunae
1089 4388 1219 4461 theoria,
1242 4406 1341 4462 suam,
1364 4405 1452 4465 quem
1476 4389 1505 4446 in

148 4474 273 4538 Tabulis
288 4475 485 4556 Rudolphinis
507 4485 536 4536 ct
559 4476 801 4556 premeridibus
823 4486 1024 4556 proposuerat,
1048 4476 1196 4553 explicat3
1218 4476 1247 4533 in
1269 4474 1327 4535 dno
1348 4473 1432 4534 addit
1454 4473 1507 4534 de·

148 4565 336 4641 scriptionem
360 4574 389 4625 et
413 4564 557 4626 calculum
579 4562 658 4625 Solis
682 4564 807 4644 eclipsis,
831 4564 860 4625 d.
879 4567 929 4626 10.
944 4564 1029 4639 Junii
1047 4566 1139 4625 1630.
1164 4565 1358 4640 appariturae.
