3284 5520
147 358 212 428 828
501 362 543 415 Do
560 362 735 431 septuaginta
753 362 968 419 hebdomadibus
985 361 1014 417 in
1031 360 1151 417 Daniele.

147 540 254 598 Darius
278 556 346 599 aero
362 539 521 600 Nehemiao
540 540 652 615 habuit,
676 559 734 602 non
750 544 803 602 erit
819 543 907 618 igitur
922 542 978 600 iste
992 537 1151 618 Hystaspis
1166 538 1255 613 filius,
1279 538 1336 599 sed
1350 541 1497 616 posterior,

145 627 260 686 Notlrns
283 630 463 703 cognomine.

250 714 364 773 Deinde
387 717 471 774 initia
493 718 574 791 regni
597 716 704 777 Darius
720 716 876 795 Hystaspis
899 733 956 775 nou
980 716 1052 774 satis
1075 722 1180 792 pacata
1195 713 1313 791 babuit,
1337 711 1498 771 deiecerant

146 804 223 860 enim
245 802 365 873 Arabes,
389 801 525 862 Judaeee
548 808 731 879 contermini,
756 814 784 864 et
807 804 927 877 Orates,
951 802 1085 862 Sardium
1110 802 1292 878 praelectus,
1318 798 1496 883 clandestina

146 889 277 964 agitabat
308 890 437 948 consilia.
485 889 582 964 erare
611 892 693 966 vide,
723 910 760 951 arr
783 894 869 951 rebus
892 893 934 949 sic
957 891 1102 948 stantibus
1127 887 1197 946 illud
1221 888 1339 947 celebre
1363 895 1394 945 st
1417 886 1496 964 plano

144 978 255 1052 regium
282 979 450 1036 convivium
473 977 568 1041 tileth.
590 982 615 1050 1,
633 980 675 1056 3.)
704 979 854 1039 commode
882 978 1020 1037 exhibere
1049 978 1175 1053 potnerit
1206 983 1249 1033 tot
1279 976 1496 1053 provinciarum

145 1065 389 1138 magistratibus?
412 1065 510 1123 'lertio
529 1070 593 1124 16⁸¹·
612 1068 637 1125 is
660 1085 753 1125 antius
769 1073 831 1128 erat
847 1084 865 1125 a
881 1074 968 1142 capta
983 1062 1135 1140 Babylone
1152 1071 1180 1122 et
1194 1063 1331 1120 stabilita
1347 1061 1496 1121 Persarum

145 1153 292 1229 potentia,
322 1169 443 1227 quorum
469 1151 621 1228 plerosque
645 1156 699 1212 sab
723 1154 799 1232 Cyro
821 1161 850 1213 et
873 1153 1019 1229 cambyse
1043 1151 1150 1209 Darius
1168 1150 1231 1224 jam
1256 1152 1286 1206 in
1310 1148 1495 1224 Massagetis,

142 1241 203 1314 jorn
233 1241 261 1296 in
286 1240 422 1318 Aegypto
450 1240 635 1299 militaverat.
684 1241 745 1301 Nec
773 1238 911 1301 credibile
939 1248 998 1311 eat,
1031 1238 1121 1296 Dario
1149 1236 1268 1296 mollem
1293 1236 1377 1295 illam
1402 1239 1495 1306 vitam,

145 1328 353 1404 posterioribus
382 1328 499 1403 regibus
528 1337 704 1398 assumtam,
733 1330 795 1404 jam
818 1329 855 1387 ab
878 1329 962 1385 initio
985 1327 1065 1400 regni
1090 1327 1134 1382 sui
1158 1324 1322 1401 placuisse,
1356 1332 1391 1381 ut
1414 1323 1495 1382 talem

146 1430 210 1471 sese
234 1414 383 1473 exhiberet
405 1416 433 1471 in
457 1416 613 1488 amoribus,
637 1416 753 1490 qualem
776 1433 808 1474 se
831 1416 938 1473 Darius
962 1412 1011 1471 illo
1037 1411 1115 1470 Esth.
1140 1418 1168 1483 2,
1193 1417 1211 1471 9
1236 1410 1382 1471 exhibuit.

250 1500 379 1559 llecimo.
418 1501 486 1560 End.
505 1508 532 1560 4.
558 1506 743 1578 magistratus
770 1506 796 1560 in
813 1501 906 1579 Syria,
931 1501 1098 1559 Artaxerxis
1119 1497 1277 1575 praesides,
1302 1498 1495 1557 hosteserant
1535 1558 1542 1569 ,

143 1585 324 1646 ludaeorum
348 1588 472 1664 illosque
486 1591 613 1663 graviter
628 1592 815 1649 accusabant.
853 1589 963 1647 Esdrae
980 1594 1007 1647 5.
1031 1586 1090 1645 alia
1105 1593 1172 1645 stret
1187 1584 1356 1663 praesidum
1373 1587 1494 1658 uomina,

144 1674 204 1732 alia
227 1692 307 1733 meus
328 1678 354 1731 irr
371 1674 512 1735 ludaeos.
552 1676 680 1735 Veniunt
697 1677 813 1754 quidem
828 1675 1022 1754 speculantes,
1045 1691 1114 1731 num
1131 1672 1200 1749 quid
1214 1671 1328 1732 Judaei
1343 1672 1497 1731 moliantur

144 1764 173 1818 in
197 1762 327 1821 iraedsrn
351 1765 472 1840 imperii,
499 1764 550 1822 sed
574 1764 674 1823 audita
697 1783 803 1824 causae
827 1764 1018 1841 expositione,
1042 1762 1216 1819 amicissime
1239 1759 1277 1817 ad
1302 1777 1403 1837 regem
1426 1760 1495 1819 rele-

143 1856 209 1907 runt
232 1858 261 1909 et
282 1849 464 1909 Judacorum
488 1853 620 1910 instituta
643 1862 824 1929 promovent,
867 1850 979 1908 Horum
1003 1856 1156 1924 uirumque
1179 1849 1223 1906 sic
1245 1857 1363 1924 oportet
1387 1857 1495 1924 tempo·

143 1936 223 1995 ribus
256 1935 404 2008 dirimere,
436 1945 469 1995 ut
490 1938 598 2013 Justum
621 1939 800 2015 relinquatur
823 1940 963 2016 spatium,
996 1939 1024 1994 in
1048 1952 1105 2011 quo
1129 1937 1199 1992 nori
1221 1934 1377 2012 praesides
1399 1952 1494 1993 succe·

143 2022 214 2081 dant
244 2023 369 2100 odisque
399 2026 558 2083 vicinorum
591 2027 721 2084 nonnihil
753 2028 988 2101 interquiescant.
1034 2024 1074 2080 At
1096 2022 1258 2098 Cambyses
1292 2029 1321 2081 et
1350 2039 1447 2079 annus
1469 2028 1493 2081 1.

144 2108 225 2168 Darii
241 2109 398 2188 Hystaspis
422 2111 578 2171 admodum
602 2115 755 2190 propinqui
779 2122 847 2173 sunt
869 2114 1002 2184 invicem,
1027 2110 1101 2169 adeo
1125 2112 1229 2167 utrix
1254 2115 1271 2167 6
1300 2108 1346 2167 vel
1374 2116 1391 2167 'i
1416 2111 1494 2167 annis

144 2204 297 2274 utrumqne
313 2198 374 2258 fieri
391 2198 531 2258 debuerit.
565 2201 739 2260 Artaxerxes
755 2218 824 2260 vero
841 2199 1040 2275 Congimonus
1056 2206 1084 2255 et
1100 2197 1207 2255 Darius
1223 2195 1342 2254 Notbus
1357 2199 1442 2254 annis
1459 2202 1494 2255 to

142 2286 181 2344 ab
204 2286 328 2344 invicem
353 2288 443 2345 initiis
459 2289 561 2346 remoti
578 2295 654 2361 stret,
680 2305 748 2363 ergo
767 2289 943 2345 Artaxerxes
959 2295 988 2343 et
1004 2286 1121 2356 Darius,
1145 2283 1213 2341 iisd.
1231 2290 1327 2342 4-6.
1352 2283 1492 2362 descripti,

142 2388 200 2431 non
222 2380 291 2431 sunt
313 2376 474 2451 Cambyses
498 2383 526 2434 et
549 2377 626 2451 prior
648 2376 765 2449 Darius,
788 2375 840 2434 sed
862 2374 904 2431 illi
928 2373 1021 2446 alteri,
1045 2370 1132 2429 modo
1156 2370 1234 2429 dicti.

246 2457 416 2523 Undecimo.
454 2461 614 2539 Cambyses
637 2464 744 2522 bonam
767 2464 879 2539 imperii
903 2470 1015 2537 partem
1033 2458 1154 2517 militias
1170 2460 1197 2514 in
1215 2457 1335 2532 Arabia,
1361 2458 1493 2535 Aegypto

143 2547 359 2624 Aethiopiaqae
383 2550 488 2624 exegit,
512 2566 569 2605 non
592 2552 621 2607 in
644 2550 754 2621 Persia,
778 2559 809 2608 at
824 2548 971 2626 praesides
985 2546 1107 2605 Assueri
1123 2554 1152 2604 et
1168 2545 1339 2603 Artaxerxis
1357 2544 1440 2622 (End.
1456 2544 1493 2617 4.)

142 2633 325 2712 Babylonem
348 2635 480 2695 ludaeos
504 2635 645 2696 deterunt.
691 2638 768 2713 Ergo
792 2637 954 2713 Catnbyses
977 2651 1034 2693 non
1059 2639 1103 2693 est
1125 2633 1314 2691 Artaxerxes.

247 2723 438 2782 Drrodeeimo.
477 2723 546 2782 End.
567 2730 594 2796 4,
619 2730 668 2784 15.
694 2725 869 2783 Artaxerxes
892 2723 1038 2798 relegatur
1059 2738 1078 2778 a
1100 2721 1160 2777 suis
1183 2719 1339 2797 praesectis
1363 2722 1395 2776 in
1418 2737 1493 2778 conr·

143 2813 299 2869 montarios
322 2819 437 2886 patrum
460 2828 587 2883 suorum,
611 2811 750 2889 Cambysi
774 2828 831 2869 rron
856 2811 911 2869 latit
925 2811 980 2868 nisi
998 2826 1073 2867 unus
1087 2818 1170 2884 pater
1186 2811 1214 2865 in
1231 2809 1354 2882 imperio
1370 2806 1492 2877 Persico,

143 2898 295 2956 Artaxerxi
319 2915 388 2957 vero
414 2898 595 2974 lrongimano
616 2900 696 2958 tuere
720 2898 835 2958 Xerxes
857 2905 948 2974 pater,
973 2897 1081 2955 Darius
1096 2893 1253 2972 Hystaspis
1277 2909 1365 2965 arus,
1391 2894 1493 2953 Atussa

142 2986 211 3044 aria
227 2993 256 3043 et
271 2984 359 3059 hujus
375 2992 457 3061 pater
472 2986 575 3062 Cyrus,
593 3003 730 3061 proavus.
761 2984 857 3058 Quare
874 2986 980 3043 rectius
997 2983 1065 3042 huic
1080 2999 1167 3058 quam
1184 2980 1226 3039 illi
1242 2981 1371 3056 quadrat
1387 2999 1450 3057 cap.
1467 2988 1491 3040 4.

248 3074 368 3130 Decimo
399 3073 483 3131 tertio
512 3073 651 3149 probatur
679 3075 844 3131 institrrtnm
867 3082 997 3129 nostrum
1022 3089 1056 3130 ex
1080 3069 1226 3129 aetatibus
1250 3079 1279 3127 et
1302 3068 1491 3144 genealogiis.

124 3160 216 3217 'Nam
240 3160 398 3218 Nehomiac
422 3161 600 3234 temporibus
624 3163 752 3236 trinepos
767 3147 876 3217 lesurae
893 3157 985 3216 Onias
1007 3160 1106 3216 vivere
1119 3157 1180 3231 jam
1196 3164 1322 3233 poterat,
1347 3159 1420 3231 quia
1435 3157 1493 3230 ejus

141 3246 272 3324 adnepos
296 3246 433 3306 Manasse
457 3248 510 3305 suit
533 3265 622 3323 gener
644 3246 835 3319 Sambellitis,
866 3247 1005 3303 referente
1029 3243 1171 3304 Nehemia
1194 3250 1224 3302 et
1245 3242 1384 3318 Josepho
1408 3246 1493 3301 iuter·

141 3342 233 3409 prete.
272 3334 467 3393 leterinerunt
490 3337 578 3410 igitur
600 3337 674 3393 inter
691 3334 813 3394 Jesuam
831 3342 859 3391 et
874 3333 1043 3391 Nehemiam
1067 3334 1270 3407 generationes
1296 3337 1324 3390 r'r.
1364 3331 1493 3405 Cumque

141 3423 276 3495 longaevi
301 3422 406 3481 interint
430 3423 492 3496 ejus
516 3425 653 3496 temporis
677 3421 852 3493 sacerdotes,
878 3420 955 3495 quod
979 3419 1077 3476 multis
1100 3418 1216 3494 probari
1238 3426 1352 3492 potest,
1378 3417 1494 3493 longum

141 3511 228 3567 etiarm
254 3518 367 3585 tempus
390 3510 583 3568 interfluxisse
607 3508 779 3568 credendum
804 3517 862 3579 est,
893 3515 1052 3582 natumque
1076 3523 1139 3564 osse
1165 3506 1269 3563 (iniant
1294 3523 1389 3581 prope
1412 3505 1495 3563 linem

141 3596 325 3654 monarchiae
349 3596 500 3666 Persicae,
535 3596 654 3672 proinde
684 3607 713 3654 et
735 3595 921 3665 Nchemianr,
953 3597 1001 3666 qui
1030 3595 1125 3668 patrui
1149 3592 1296 3651 Manassis
1327 3592 1495 3666 illegitimas

140 3686 252 3741 taxavit
275 3685 400 3758 nuptias,
426 3701 481 3741 nou
507 3686 608 3759 prioris
632 3683 682 3741 sed
709 3685 876 3760 posterioris
894 3682 1061 3739 Artaxerxis
1078 3681 1256 3755 temporibus
1273 3678 1395 3738 ducatui
1411 3697 1495 3755 prae·

140 3770 239 3828 inisse.
278 3770 352 3828 Nam
376 3771 432 3827 hue
457 3771 577 3845 raecedit,
601 3773 624 3828 si
648 3771 722 3828 lraec
746 3771 822 3828 iacta
845 3769 976 3827 dicamus
1000 3770 1076 3826 circa
1094 3774 1153 3826 110
1177 3768 1395 3842 acrrptivitate,
1420 3765 1495 3842 quod

139 3858 323 3932 sequentium
346 3856 529 3916 sacerdotum
554 3860 620 3915 anni
644 3858 849 3932 gerterationis,
874 3854 1060 3933 pontificatus
1086 3864 1115 3914 et
1140 3857 1244 3913 aetatis
1271 3856 1359 3910 nimis
1385 3871 1496 3928 augen-

140 3952 195 4002 tnr.
240 3943 360 4003 Jaddrra
392 3961 456 4002 curn
483 3944 647 4003 Alexandro
672 3945 711 4002 M.
744 3955 873 4002 mortuus
904 3950 962 4013 est,
995 3940 1085 4000 (inias
1115 3941 1192 3999 filins
1222 3943 1277 4016 ipsi
1302 3944 1446 4000 successit
1469 3944 1494 3996 in

139 4030 311 4103 sacerdotalia,
338 4035 364 4089 ei
387 4049 472 4108 porro
496 4030 572 4089 lilius
589 4032 688 4091 Simon
704 4032 819 4104 Justus,
843 4031 943 4089 Simon
968 4031 1093 4088 moriens
1111 4029 1203 4086 filiurn
1219 4028 1362 4087 infantem
1380 4028 1495 4103 reliquit

138 4119 192 4176 snb
208 4134 276 4192 rege
294 4121 419 4196 Aegypti
434 4118 604 4177 Ptolemaeo
616 4118 808 4195 Philadelpho
826 4137 850 4178 c.
868 4134 975 4175 arreum
991 4136 1008 4174 a
1024 4115 1120 4174 soluta
1137 4116 1310 4192 captivitate
1328 4122 1409 4188 2603
1425 4115 1494 4173 sub-

139 4205 221 4263 trahe
248 4212 302 4277 90,
332 4224 439 4264 arrnurn
463 4223 504 4265 sc.
528 4208 589 4264 nati
611 4205 763 4278 Jadduao,
792 4207 884 4263 serius
908 4206 984 4262 enim
1008 4206 1087 4261 nasci
1111 4220 1168 4260 uon
1192 4203 1304 4278 potuit,
1336 4205 1410 4277 qnia
1433 4211 1496 4278 post

140 4299 180 4352 20
196 4310 288 4351 aureos
312 4294 399 4351 t'rater
422 4295 512 4369 ipsius
534 4294 632 4369 junior
655 4312 773 4352 uxorem
797 4292 890 4363 duxit,
913 4299 1024 4349 restant
1050 4297 1110 4349 170
1127 4293 1204 4355 antri,
1231 4291 1306 4346 intra
1330 4306 1409 4363 ques
1432 4299 1495 4347 tan-

139 4388 199 4438 tum
225 4386 243 4438 4
267 4380 404 4439 caderent
427 4384 647 4455 generationes:
671 4380 809 4438 ,ladduae
825 4382 852 4435 in
869 4380 1020 4454 principio,
1045 4375 1140 4436 Ouiae
1155 4386 1182 4435 et
1199 4376 1326 4434 Simonis
1342 4379 1374 4432 in
1393 4377 1494 4447 medio,

54 4506 61 4519 ·
139 4473 168 4526 et
190 4467 305 4543 parvuli
329 4468 379 4525 lilii
404 4469 432 4524 iu
456 4468 511 4526 tine
535 4468 622 4545 hujus
645 4485 785 4535 summae,
811 4485 875 4525 cnm
893 4485 908 4524 e
926 4475 1026 4523 contra
1040 4466 1100 4523 sere
1117 4463 1235 4521 dimidio
1252 4463 1333 4520 illius
1349 4465 1495 4539 temporis,

138 4570 179 4614 sc.
210 4557 293 4612 annis
319 4561 358 4614 90
383 4573 400 4612 n
424 4557 595 4630 captivitate
624 4555 728 4612 suerint
758 4554 878 4612 totidem
910 4554 1126 4628 generationes,
1150 4550 1271 4611 Eliaaibi
1297 4568 1332 4609 ex
1356 4549 1496 4626 Jojakrm,

139 4637 251 4700 leenae
267 4641 337 4714 filio,
362 4642 416 4699 sub
431 4645 613 4717 principium,
637 4640 774 4716 JoJ'arlac,
798 4640 925 4700 Jonatae
941 4643 970 4697 in
986 4639 1091 4712 medio,
1114 4637 1250 4697 ladduae
1267 4640 1296 4694 iu
1312 4637 1382 4697 fine.
1414 4637 1497 4695 Alio-

139 4727 190 4798 qui
212 4729 235 4783 al
260 4745 351 4786 annos
376 4735 448 4800 330,
473 4746 546 4804 quos
570 4731 644 4786 intra
668 4738 745 4788 certo
766 4731 827 4786 nati
843 4737 911 4786 snnt
926 4726 1056 4786 Josedelr
1072 4734 1139 4785 ante
1157 4727 1370 4801 captivitatem,
1395 4724 1495 4797 Jesue,

138 4808 270 4886 Jojakim
293 4816 322 4872 in
346 4817 531 4892 captivitate,
555 4815 683 4890 Eliasib,
706 4815 831 4890 Jodaja,
855 4814 1025 4889 Jonathan,
1048 4812 1185 4887 daddus,
1209 4809 1318 4886 Onias,
1342 4812 1445 4872 Simon
1469 4818 1497 4871 ct
