3284 5520
139 332 206 403 672
600 331 644 386 Ad
661 331 707 387 Jo.
727 330 862 391 Terrenlii
880 332 1033 404 Epistulam

138 511 244 589 plenae
275 509 383 571 iabulis
413 518 443 569 et
470 517 633 588 temporum
663 510 746 571 nulla
773 516 853 570 certa
880 506 997 568 indicia.
1043 509 1204 570 Numerant
1226 528 1315 588 porro
1337 530 1357 572 a
1379 512 1445 574 Yao
1465 514 1500 576 sd

139 600 214 659 baec
235 608 367 677 tempora
388 597 448 657 lere
471 605 597 674 quatuor
619 597 713 657 miliia
734 612 886 668 annorum,
909 596 1096 674 procedendo
1118 615 1171 674 per
1193 600 1312 677 cyclum
1335 606 1398 674 00,
1430 604 1501 662 sicut

139 704 195 747 uos
217 684 458 763 0011500108.
497 685 541 744 Eo
564 695 697 764 tempore
720 687 913 745 observarunt
934 682 1092 745 solstitium
1119 702 1210 764 prope
1234 687 1389 764 cuspidem
1405 687 1501 764 Sagit-

140 776 222 848 tarii,
253 789 312 832 non
342 772 461 832 memini
483 770 607 848 gradus,
639 774 682 833 ita
710 783 743 832 ut
762 772 825 847 jam
849 770 1001 848 bucusque
1024 776 1197 849 processerit
1218 773 1298 834 ultra
1322 780 1363 835 52
1387 776 1499 852 gradus.

140 862 283 936 Congruit
305 861 429 919 multum
453 875 517 918 cura
541 859 728 937 Tycbonicis.
773 857 868 918 Paulo
900 868 968 935 post
994 867 1127 936 tempora
1149 860 1214 921 Yao
1238 870 1362 921 notetur
1384 864 1500 939 insignis

142 946 268 1024 eclipsis,
293 965 370 1023 qnae
394 946 499 1006 dicitur
521 948 679 1023 contigisse
703 945 876 1006 insecundo
892 944 985 1022 gradu
1002 945 1126 1025 Scorpii.
1166 949 1285 1008 Annum
1301 949 1384 1024 daut,
1408 953 1499 1011 nescia

140 1053 178 1095 an
202 1044 231 1096 et
253 1035 326 1094 bora
350 1043 380 1094 et
402 1033 574 1110 magnitudo
595 1037 713 1094 sciatur.
750 1032 811 1092 Res
827 1032 1055 1106 differendaest,
1079 1033 1172 1095 donec
1185 1035 1290 1097 Pekiui
1307 1055 1376 1097 cnm
1391 1038 1499 1099 100110-

10 1178 19 1187 .
140 1124 255 1183 melicis
286 1124 375 1199 regiis
403 1140 499 1197 agam.
544 1121 665 1183 Habent
694 1119 908 1180 arithmeticam
938 1119 1063 1180 similem
1091 1131 1210 1183 nostrae
1240 1133 1271 1184 et
1293 1125 1499 1185 fractionesin

140 1212 305 1286 quantitate
328 1212 397 1268 anni
420 1211 497 1269 eirca
519 1217 651 1285 tempora
666 1208 732 1268 Yao
756 1207 911 1284 diligenter
925 1207 1130 1272 adhibuerunt.
1167 1209 1288 1271 Habent
1303 1215 1396 1272 etiarn
1413 1230 1499 1288 quae·

140 1297 209 1357 dam
231 1295 416 1376 problemata
430 1299 624 1372 geometrica,
648 1314 742 1372 nuper
758 1295 819 1353 vidi
836 1301 885 1366 lb,
910 1313 985 1371 quae
1000 1305 1139 1375 superant
1156 1303 1241 1358 0000
1265 1315 1373 1359 annos.
1413 1299 1446 1358 In
1468 1301 1498 1359 i'a

140 1387 265 1462 primurn
287 1392 332 1443 est
353 1382 515 1460 penultima
536 1387 631 1460 primi.
677 1383 837 1443 zodiacum
865 1381 1000 1442 dividunt
1028 1386 1057 1441 io
1082 1390 1122 1444 28
1147 1384 1401 1447 constellationes.
1447 1386 1497 1446 Cor

141 1472 254 1548 Scorpil
278 1479 386 1530 vocant
409 1487 458 1531 cor
481 1471 635 1545 Draconis,
658 1471 783 1530 caudam
806 1469 919 1547 Scorpli
943 1480 1051 1530 vocant
1073 1470 1197 1531 caudam
1221 1472 1386 1547 Draconis,
1412 1474 1495 1534 Cani·

142 1559 238 1620 culam
261 1568 370 1618 vocant
392 1558 517 1635 Lupum,
541 1557 751 1635 Capricornum
774 1556 1033 1632 vocantssorem,
1056 1558 1174 1619 stellam
1194 1563 1389 1636 posteriorem
1412 1559 1496 1622 Ursae

143 1648 263 1707 minoris
288 1656 394 1706 vocant
416 1645 539 1722 Regem,
562 1648 633 1723 quia
655 1645 725 1706 olim
748 1654 810 1705 erat
831 1642 923 1722 p'rope
945 1644 1046 1722 polum
1068 1646 1236 1721 immobilis,
1260 1665 1351 1725 quarn
1375 1650 1498 1725 reliquae

142 1751 243 1794 omnes
267 1734 490 1796 venerabantur.
528 1733 606 1793 Anto
628 1750 739 1811 paucos
762 1731 824 1791 dies
847 1735 947 1810 accepi
963 1730 1077 1806 librum,
1101 1735 1153 1793 ubi
1168 1743 1248 1794 totns
1263 1735 1398 1795 calculus
1414 1736 1497 1814 eclip-

142 1824 218 1881 sium
241 1823 431 1881 contineatur.
471 1819 608 1880 Nondum
630 1822 837 1895 transscriptus
861 1828 921 1893 est3
945 1828 1101 1897 postquam
1116 1821 1198 1882 illum
1213 1822 1357 1883 studuero
1373 1833 1403 1883 et
1418 1823 1497 1884 intei-

142 1908 255 1980 lexcro,
288 1907 423 1983 Europae
455 1905 578 1967 libenter
609 1907 840 1967 communicabo.
884 1906 920 1965 In
942 1923 996 1966 suo
1020 1917 1158 1985 computo
1181 1902 1240 1969 non
1263 1920 1363 1970 emant
1387 1909 1497 1971 uiuat

142 2002 195 2055 ant
210 2001 228 2055 ii
246 1993 432 2072 quadrantes,
457 1993 537 2069 quod
559 1996 672 2070 nrirum,
696 1997 725 2053 in
747 2000 831 2054 4000
855 1995 940 2053 annis
963 2011 1020 2054 non
1040 1994 1108 2073 plus
1130 1998 1270 2057 variasse.
1310 1997 1355 2057 Ex
1371 1997 1497 2075 Cbangt·

144 2081 244 2158 scbeu,
267 2098 345 2141 anno
368 2079 580 2144 MDCXXlll.

581 2193 617 2254 lt
629 2193 665 2256 R
688 2193 726 2254 V.
739 2192 777 2254 V.
800 2210 903 2255 servus
924 2195 955 2252 in
979 2193 1096 2254 consto

1151 2306 1249 2369 Joan.
1276 2307 1463 2373 Percennius.

144 2621 180 2706 ln
214 2618 557 2706 {inutilitati
591 2616 832 2703 lil'lSlllllllll
872 2620 913 2701 ad
953 2618 1193 2703 llntbenaticos
1229 2621 1500 2726 lngolsiadienses

145 2746 281 2829 nissum
309 2771 348 2828 er
375 2747 452 2828 urbo
479 2742 627 2826 Sinarun
646 2743 874 2850 dbangtscbeu
902 2766 987 2823 anno
1005 2740 1202 2826 lllldlllllll.
1230 2743 1377 2850 billinga
1403 2752 1501 2827 bans·

275 2870 410 2953 missurn
448 2866 575 2954 111000
607 2889 629 2945 0
661 2861 865 2947 11111111.
893 2861 1016 2946 Curtio
1053 2889 1137 2946 anno
1163 2863 1376 2950 llllllllllllll.

381 3038 564 3108 JOANNIS
585 3036 797 3103 KEPPLERI
820 3039 1263 3104 COMMENTATIUNCULA.

248 3201 464 3278 „Meditaniur
487 3199 582 3259 Sinac
606 3199 785 3261 calendarii
812 3201 860 3256 sai
888 3198 1143 3272 emendationem,
1173 3202 1207 3258 in
1229 3218 1291 3276 quo
1310 3204 1499 3277 primarium

144 3297 298 3364 punctum
321 3297 362 3348 cai
384 3290 541 3364 eclipticam
560 3287 731 3364 praedictio
754 3293 782 3345 ei
800 3289 951 3361 processio
974 3289 1267 3362 aequinoctiorum.“

251 3394 380 3453 Primum
403 3401 491 3470 nota,
523 3391 603 3470 quod
626 3399 727 3451 auctor
750 3390 859 3449 scribat
882 3390 1050 3465 Proceaaio,
1082 3408 1141 3450 non
1162 3388 1247 3466 lapsu
1270 3391 1432 3468 grapbico,
1455 3389 1499 3451 sed

148 3483 217 3556 quia
244 3480 346 3557 lapsus
377 3483 517 3540 memoria
544 3497 596 3555 pro
624 3497 673 3548 eo,
705 3477 784 3554 quod
813 3477 888 3536 fixae
917 3477 996 3553 apud
1018 3476 1221 3536 Ptolemaeum
1248 3480 1286 3537 ab
1311 3482 1500 3556 aequinoctiis

147 3568 380 3645 progrediuntur,
404 3572 466 3647 ipse
489 3569 633 3643 opinatur,
657 3565 844 3641 aequinoctia
857 3565 912 3623 sub
927 3562 992 3623 lixis
1007 3565 1152 3641 progredi,
1177 3574 1208 3623 ut
1222 3568 1379 3641 sequentia
1395 3576 1501 3626 testan-

26 3682 31 3697 ·
147 3665 203 3715 tur.
241 3656 377 3716 Secundo
400 3664 479 3725 nota,
503 3654 582 3731 quod
606 3656 705 3729 inepta
727 3655 786 3711 sint
808 3650 974 3711 calendaria
996 3653 1121 3723 usualia,
1146 3652 1183 3710 ad
1206 3654 1331 3728 eclipses
1355 3663 1386 3712 et
1402 3656 1500 3730 aequi-

147 3745 246 3802 noctia
269 3746 420 3802 verissima
443 3753 472 3801 et
495 3742 578 3801 coelo
601 3757 731 3801 consona
755 3739 859 3798 diebus
875 3742 960 3798 certis
977 3739 1088 3799 usualis
1104 3739 1260 3798 calendarii
1276 3739 1441 3816 alliganda,
1464 3744 1501 3799 sic

148 3838 180 3888 ut
204 3830 276 3890 baec
298 3831 502 3908 phaenomena
524 3838 591 3907 post
614 3828 712 3905 cyclos
736 3843 877 3884 annorum
897 3825 1066 3887 tolerabiles
1081 3827 1185 3886 iisdem
1200 3830 1268 3885 anni
1285 3826 1393 3887 diebus
1409 3845 1501 3888 rever·

147 3926 255 3980 tantm.
300 3919 344 3977 Ex
368 3918 424 3976 lroc
445 3918 577 3993 sequitur
600 3919 702 3988 tertio,
732 3912 904 3973 Sinensibus
927 3913 1005 3973 idem
1028 3931 1091 3973 esse
1115 3914 1313 3973 calendarium
1337 3927 1366 3975 et
1390 3914 1501 3975 tabulas

147 4014 280 4065 motuum
303 4006 380 4065 Solis
404 4013 433 4064 et
454 4003 565 4065 Lunae.
610 4002 755 4062 Videntur
784 4003 873 4076 igitur
895 3999 984 4060 Sinas
1015 4001 1127 4060 nullum
1158 4010 1268 4061 certum
1291 4010 1321 4061 et
1344 4011 1455 4062 statum
1475 4008 1501 4062 et

147 4101 288 4171 perpetuo
320 4094 492 4151 uniformem
515 4100 617 4168 typunr
641 4093 710 4149 anni
733 4088 840 4148 babere
864 4105 965 4163 posse,
999 4092 1024 4147 si
1046 4090 1123 4148 iesta
1144 4106 1198 4148 sua
1221 4090 1448 4149 accommodant
1467 4087 1500 4148 ad

146 4182 294 4258 ipsissima
316 4180 504 4255 aequinoctia
527 4178 623 4254 adque
641 4177 764 4253 eclipses
781 4177 942 4252 ipsissimas
959 4175 1036 4234 Solis
1053 4186 1082 4235 et
1096 4175 1207 4235 Lunae.
1246 4175 1374 4251 Quarto:
1400 4177 1500 4254 quodsi

147 4268 285 4329 Sinenses
308 4276 429 4326 utuntur
453 4265 561 4325 tabulis
583 4263 786 4324 astronomicis
810 4262 875 4321 loco
899 4262 1066 4335 calendarii,
1091 4265 1248 4338 quaeritur,
1272 4264 1440 4340 cujusmodi
1454 4272 1500 4323 aut

147 4356 230 4431 cujus
253 4357 380 4415 auctoris
403 4352 513 4425 tabulis
536 4355 581 4411 usi
604 4354 663 4411 sint
683 4349 849 4410 hactenus?
882 4348 959 4409 Ante
982 4366 1075 4410 annos
1098 4350 1164 4426 0100
1187 4352 1282 4409 minus
1308 4357 1349 4411 14
1371 4352 1432 4428 legi
1455 4352 1499 4410 iti·

147 4445 293 4502 aerarium
316 4440 470 4518 cujusdam
492 4439 621 4515 religiosi
644 4457 695 4515 per
718 4438 882 4496 Tartariam
905 4446 935 4496 et
956 4453 1076 4512 regnum
1100 4436 1223 4513 Mongul
1246 4433 1288 4518 (si
1312 4440 1388 4498 bene
1411 4436 1500 4498 recol·

147 4528 208 4606 ligo
234 4531 355 4603 nomen)
379 4531 409 4587 in
429 4527 603 4605 Catlrayam,
627 4526 675 4586 vel
699 4537 731 4585 ut
754 4527 816 4600 ipse
840 4524 966 4599 conjecit
986 4525 1073 4583 Sinas
1097 4527 1186 4601 ipsos.
1225 4524 1337 4584 Auctor
1360 4529 1386 4584 is
1408 4524 1499 4596 tradit,

148 4615 206 4676 duo
230 4634 293 4676 esse
317 4615 474 4676 tribunalia
497 4619 655 4690 praecipua
677 4623 910 4674 astronomorum
932 4628 983 4687 per
1006 4611 1110 4685 Sinas,
1141 4628 1232 4686 penes
1261 4629 1335 4688 quos
1364 4623 1500 4690 tanquam

146 4703 314 4764 sacerdotes
335 4705 374 4763 sit
395 4710 526 4782 potestas
548 4701 695 4761 indicendi
717 4702 800 4772 festa,
825 4707 854 4757 et
876 4699 1016 4774 majorem
1030 4717 1093 4759 esse
1109 4697 1188 4758 iliius
1203 4700 1358 4759 tribunalis
1374 4701 1500 4760 auctori·

148 4796 253 4866 tatem,
276 4808 313 4852 ex
335 4807 394 4868 quo
417 4793 555 4853 cerneres
577 4788 742 4869 habeantur
764 4784 981 4864 praedictiones
1002 4786 1165 4866 eclipsium.
1210 4787 1325 4849 Auctor
1347 4789 1500 4862 mistmat
