<?xml version="1.0" encoding="UTF-8"?>
<!DOCTYPE html PUBLIC "-//W3C//DTD XHTML 1.0 Transitional//EN"
    "http://www.w3.org/TR/xhtml1/DTD/xhtml1-transitional.dtd">
<html xmlns="http://www.w3.org/1999/xhtml" xml:lang="en" lang="en">
 <head>
  <title>
</title>
<meta http-equiv="Content-Type" content="text/html;charset=utf-8" />
  <meta name='ocr-system' content='tesseract 3.04.00' />
  <meta name='ocr-capabilities' content='ocr_page ocr_carea ocr_par ocr_line ocrx_word'/>
</head>
<body>
  <div class='ocr_page' id='page_1' title='image "./joanniskepleria07frisgoog/joanniskepleria07frisgoog_0137.png"; bbox 0 0 3284 5520; ppageno 0'>
   <div class='ocr_carea' id='block_1_1' title="bbox 147 306 998 375">
    <p class='ocr_par' dir='ltr' id='par_1_1' title="bbox 147 306 998 375">
     <span class='ocr_line' id='line_1_1' title="bbox 147 306 998 375; baseline -0.016 0"><span class='ocrx_word' id='word_1_1' title='bbox 147 307 212 375; x_wconf 83' lang='lat'><strong>120</strong></span> <span class='ocrx_word' id='word_1_2' title='bbox 648 308 690 362; x_wconf 81' lang='lat' dir='ltr'><strong>ne</strong></span> <span class='ocrx_word' id='word_1_3' title='bbox 710 307 827 362; x_wconf 79' lang='lat' dir='ltr'><strong>comae</strong></span> <span class='ocrx_word' id='word_1_4' title='bbox 845 306 931 362; x_wconf 83' lang='lat' dir='ltr'><strong>uoau</strong></span> <span class='ocrx_word' id='word_1_5' title='bbox 948 307 998 361; x_wconf 90' lang='lat' dir='ltr'><strong>rn.</strong></span> 
     </span>
    </p>
   </div>
   <div class='ocr_carea' id='block_1_2' title="bbox 147 486 1508 739">
    <p class='ocr_par' dir='ltr' id='par_1_2' title="bbox 147 486 1508 739">
     <span class='ocr_line' id='line_1_2' title="bbox 147 486 1508 564; baseline 0 -19"><span class='ocrx_word' id='word_1_6' title='bbox 147 490 246 564; x_wconf 90' lang='lat' dir='ltr'><strong>itaque</strong></span> <span class='ocrx_word' id='word_1_7' title='bbox 271 487 426 547; x_wconf 89' lang='lat' dir='ltr'><strong>coelestem</strong></span> <span class='ocrx_word' id='word_1_8' title='bbox 451 504 640 562; x_wconf 82' lang='lat' dir='ltr'><strong>praeconem,</strong></span> <span class='ocrx_word' id='word_1_9' title='bbox 672 496 704 545; x_wconf 93' lang='lat' dir='ltr'><strong>ut</strong></span> <span class='ocrx_word' id='word_1_10' title='bbox 725 505 778 564; x_wconf 91' lang='lat' dir='ltr'><strong>pro</strong></span> <span class='ocrx_word' id='word_1_11' title='bbox 801 505 833 547; x_wconf 91' lang='lat' dir='ltr'><strong>se</strong></span> <span class='ocrx_word' id='word_1_12' title='bbox 856 487 981 562; x_wconf 82' lang='lat' dir='ltr'><strong>quilibet</strong></span> <span class='ocrx_word' id='word_1_13' title='bbox 1005 487 1069 547; x_wconf 90' lang='lat' dir='ltr'><strong>Deo</strong></span> <span class='ocrx_word' id='word_1_14' title='bbox 1092 486 1307 559; x_wconf 79' lang='lat' dir='ltr'><strong>reconcilietur,</strong></span> <span class='ocrx_word' id='word_1_15' title='bbox 1336 487 1508 563; x_wconf 71' lang='lat' dir='ltr'><strong>migrationi</strong></span> 
     </span>
     <span class='ocr_line' id='line_1_3' title="bbox 147 572 1502 651; baseline -0.001 -17"><span class='ocrx_word' id='word_1_16' title='bbox 147 593 179 634; x_wconf 90' lang='lat' dir='ltr'><strong>se</strong></span> <span class='ocrx_word' id='word_1_17' title='bbox 202 585 298 651; x_wconf 91' lang='lat' dir='ltr'><strong>paret,</strong></span> <span class='ocrx_word' id='word_1_18' title='bbox 333 583 446 633; x_wconf 90' lang='lat' dir='ltr'><strong>terrena</strong></span> <span class='ocrx_word' id='word_1_19' title='bbox 468 576 526 633; x_wconf 88' lang='lat' dir='ltr'><strong>ista</strong></span> <span class='ocrx_word' id='word_1_20' title='bbox 548 578 681 651; x_wconf 85' lang='lat' dir='ltr'><strong>negotia,</strong></span> <span class='ocrx_word' id='word_1_21' title='bbox 713 594 787 649; x_wconf 90' lang='lat' dir='ltr'><strong>rem,</strong></span> <span class='ocrx_word' id='word_1_22' title='bbox 810 575 925 648; x_wconf 88' lang='lat' dir='ltr'><strong>studia,</strong></span> <span class='ocrx_word' id='word_1_23' title='bbox 958 575 1065 634; x_wconf 89' lang='lat' dir='ltr'><strong>liberos</strong></span> <span class='ocrx_word' id='word_1_24' title='bbox 1090 579 1118 633; x_wconf 93' lang='lat' dir='ltr'><strong>ct</strong></span> <span class='ocrx_word' id='word_1_25' title='bbox 1140 572 1249 634; x_wconf 84' lang='lat' dir='ltr'><strong>similia</strong></span> <span class='ocrx_word' id='word_1_26' title='bbox 1270 576 1313 633; x_wconf 91' lang='lat' dir='ltr'><strong>sic</strong></span> <span class='ocrx_word' id='word_1_27' title='bbox 1335 582 1502 650; x_wconf 89' lang='lat' dir='ltr'><strong>componat,</strong></span> 
     </span>
     <span class='ocr_line' id='line_1_4' title="bbox 148 660 1504 739; baseline -0.001 -19"><span class='ocrx_word' id='word_1_28' title='bbox 148 665 190 720; x_wconf 93' lang='lat' dir='ltr'><strong>uti</strong></span> <span class='ocrx_word' id='word_1_29' title='bbox 222 669 303 737; x_wconf 91' lang='lat' dir='ltr'><strong>optat</strong></span> <span class='ocrx_word' id='word_1_30' title='bbox 336 681 355 720; x_wconf 89' lang='lat' dir='ltr'><strong>a</strong></span> <span class='ocrx_word' id='word_1_31' title='bbox 384 660 505 720; x_wconf 90' lang='lat' dir='ltr'><strong>decessu</strong></span> <span class='ocrx_word' id='word_1_32' title='bbox 532 679 587 721; x_wconf 89' lang='lat' dir='ltr'><strong>suo</strong></span> <span class='ocrx_word' id='word_1_33' title='bbox 617 665 776 722; x_wconf 89' lang='lat' dir='ltr'><strong>constituta</strong></span> <span class='ocrx_word' id='word_1_34' title='bbox 805 673 834 721; x_wconf 91' lang='lat' dir='ltr'><strong>ct</strong></span> <span class='ocrx_word' id='word_1_35' title='bbox 865 665 1027 739; x_wconf 88' lang='lat' dir='ltr'><strong>composita</strong></span> <span class='ocrx_word' id='word_1_36' title='bbox 1055 663 1213 721; x_wconf 88' lang='lat' dir='ltr'><strong>observari.</strong></span> <span class='ocrx_word' id='word_1_37' title='bbox 1258 660 1314 720; x_wconf 89' lang='lat' dir='ltr'><strong>His</strong></span> <span class='ocrx_word' id='word_1_38' title='bbox 1336 663 1457 720; x_wconf 90' lang='lat' dir='ltr'><strong>monitis</strong></span> <span class='ocrx_word' id='word_1_39' title='bbox 1477 664 1504 720; x_wconf 85' lang='lat' dir='ltr'><strong>ai</strong></span> 
     </span>
    </p>
   </div>
   <div class='ocr_carea' id='block_1_3' title="bbox 40 749 1502 835">
    <p class='ocr_par' dir='ltr' id='par_1_3' title="bbox 40 749 1502 835">
     <span class='ocr_line' id='line_1_5' title="bbox 40 749 1502 835; baseline 0.001 -28"><span class='ocrx_word' id='word_1_40' title='bbox 40 828 43 835; x_wconf 29' lang='grc' dir='ltr'>Ι</span> <span class='ocrx_word' id='word_1_41' title='bbox 148 752 177 807; x_wconf 92' lang='lat' dir='ltr'><strong>iu</strong></span> <span class='ocrx_word' id='word_1_42' title='bbox 193 766 344 809; x_wconf 89' lang='lat' dir='ltr'><strong>commuue</strong></span> <span class='ocrx_word' id='word_1_43' title='bbox 359 756 505 824; x_wconf 88' lang='lat' dir='ltr'><strong>pareatur,</strong></span> <span class='ocrx_word' id='word_1_44' title='bbox 530 758 599 808; x_wconf 92' lang='lat' dir='ltr'><strong>tunc</strong></span> <span class='ocrx_word' id='word_1_45' title='bbox 615 757 744 826; x_wconf 84' lang='lat' dir='ltr'><strong>atquem</strong></span> <span class='ocrx_word' id='word_1_46' title='bbox 765 767 841 809; x_wconf 91' lang='lat' dir='ltr'><strong>mors</strong></span> <span class='ocrx_word' id='word_1_47' title='bbox 856 751 994 825; x_wconf 87' lang='lat' dir='ltr'><strong>rapuerit,</strong></span> <span class='ocrx_word' id='word_1_48' title='bbox 1018 752 1042 808; x_wconf 89' lang='lat' dir='ltr'><strong>is</strong></span> <span class='ocrx_word' id='word_1_49' title='bbox 1058 749 1180 808; x_wconf 84' lang='lat' dir='ltr'><strong>feliciter</strong></span> <span class='ocrx_word' id='word_1_50' title='bbox 1194 749 1331 824; x_wconf 77' lang='lat' dir='ltr'><strong>migrabit</strong></span> <span class='ocrx_word' id='word_1_51' title='bbox 1346 751 1502 824; x_wconf 89' lang='lat' dir='ltr'><strong>minusque</strong></span> 
     </span>
    </p>
   </div>
   <div class='ocr_carea' id='block_1_4' title="bbox 147 835 1509 2222">
    <p class='ocr_par' dir='ltr' id='par_1_4' title="bbox 147 835 1505 1175">
     <span class='ocr_line' id='line_1_6' title="bbox 147 835 1504 912; baseline -0.001 -16"><span class='ocrx_word' id='word_1_52' title='bbox 147 837 325 896; x_wconf 89' lang='lat' dir='ltr'><strong>confusionis</strong></span> <span class='ocrx_word' id='word_1_53' title='bbox 354 835 529 894; x_wconf 85' lang='lat' dir='ltr'><strong>haeredibus</strong></span> <span class='ocrx_word' id='word_1_54' title='bbox 553 836 711 911; x_wconf 87' lang='lat' dir='ltr'><strong>relinquet,</strong></span> <span class='ocrx_word' id='word_1_55' title='bbox 747 846 776 895; x_wconf 88' lang='lat' dir='ltr'><strong>et</strong></span> <span class='ocrx_word' id='word_1_56' title='bbox 798 840 849 912; x_wconf 92' lang='lat' dir='ltr'><strong>qui</strong></span> <span class='ocrx_word' id='word_1_57' title='bbox 871 837 988 912; x_wconf 87' lang='lat' dir='ltr'><strong>lougius</strong></span> <span class='ocrx_word' id='word_1_58' title='bbox 1012 837 1223 912; x_wconf 81' lang='lat' dir='ltr'><strong>supervixerit,</strong></span> <span class='ocrx_word' id='word_1_59' title='bbox 1258 843 1401 896; x_wconf 86' lang='lat' dir='ltr'><strong>cometam</strong></span> <span class='ocrx_word' id='word_1_60' title='bbox 1423 836 1504 899; x_wconf 90' lang='lat' dir='ltr'><strong>huuc</strong></span> 
     </span>
     <span class='ocr_line' id='line_1_7' title="bbox 148 922 1505 1000; baseline 0.001 -19"><span class='ocrx_word' id='word_1_61' title='bbox 148 925 176 982; x_wconf 93' lang='lat' dir='ltr'><strong>iu</strong></span> <span class='ocrx_word' id='word_1_62' title='bbox 205 923 370 1000; x_wconf 90' lang='lat' dir='ltr'><strong>praeclaros</strong></span> <span class='ocrx_word' id='word_1_63' title='bbox 402 941 471 982; x_wconf 94' lang='lat' dir='ltr'><strong>usus</strong></span> <span class='ocrx_word' id='word_1_64' title='bbox 502 922 681 997; x_wconf 84' lang='lat' dir='ltr'><strong>adhibuerit3</strong></span> <span class='ocrx_word' id='word_1_65' title='bbox 715 941 832 999; x_wconf 88' lang='lat' dir='ltr'><strong>quoque</strong></span> <span class='ocrx_word' id='word_1_66' title='bbox 855 924 953 999; x_wconf 90' lang='lat' dir='ltr'><strong>plures</strong></span> <span class='ocrx_word' id='word_1_67' title='bbox 975 924 1079 982; x_wconf 91' lang='lat' dir='ltr'><strong>horum</strong></span> <span class='ocrx_word' id='word_1_68' title='bbox 1101 923 1189 980; x_wconf 92' lang='lat' dir='ltr'><strong>futuri</strong></span> <span class='ocrx_word' id='word_1_69' title='bbox 1212 929 1296 997; x_wconf 88' lang='lat' dir='ltr'><strong>suut,</strong></span> <span class='ocrx_word' id='word_1_70' title='bbox 1328 925 1385 983; x_wconf 91' lang='lat' dir='ltr'><strong>boc</strong></span> <span class='ocrx_word' id='word_1_71' title='bbox 1407 925 1505 982; x_wconf 85' lang='lat' dir='ltr'><strong>minus</strong></span> 
     </span>
     <span class='ocr_line' id='line_1_8' title="bbox 148 1009 1503 1088; baseline -0.001 -18"><span class='ocrx_word' id='word_1_72' title='bbox 148 1011 331 1088; x_wconf 85' lang='lat' dir='ltr'><strong>querelarum</strong></span> <span class='ocrx_word' id='word_1_73' title='bbox 364 1017 477 1083; x_wconf 90' lang='lat' dir='ltr'><strong>serent,</strong></span> <span class='ocrx_word' id='word_1_74' title='bbox 515 1028 569 1071; x_wconf 91' lang='lat' dir='ltr'><strong>uec</strong></span> <span class='ocrx_word' id='word_1_75' title='bbox 601 1029 666 1071; x_wconf 87' lang='lat' dir='ltr'><strong>aesc</strong></span> <span class='ocrx_word' id='word_1_76' title='bbox 700 1013 738 1071; x_wconf 92' lang='lat' dir='ltr'><strong>ab</strong></span> <span class='ocrx_word' id='word_1_77' title='bbox 772 1012 921 1088; x_wconf 84' lang='lat' dir='ltr'><strong>astrologo</strong></span> <span class='ocrx_word' id='word_1_78' title='bbox 956 1011 1030 1071; x_wconf 87' lang='lat' dir='ltr'><strong>adeo</strong></span> <span class='ocrx_word' id='word_1_79' title='bbox 1065 1009 1186 1070; x_wconf 80' lang='lat' dir='ltr'><strong>feliciter</strong></span> <span class='ocrx_word' id='word_1_80' title='bbox 1220 1009 1337 1071; x_wconf 92' lang='lat' dir='ltr'><strong>delusos</strong></span> <span class='ocrx_word' id='word_1_81' title='bbox 1372 1028 1503 1087; x_wconf 89' lang='lat' dir='ltr'><strong>unquam</strong></span> 
     </span>
     <span class='ocr_line' id='line_1_9' title="bbox 149 1092 505 1175; baseline -0.006 -19"><span class='ocrx_word' id='word_1_82' title='bbox 149 1099 387 1175; x_wconf 87' lang='lat' dir='ltr'><strong>indignabuntur.</strong></span> <span class='ocrx_word' id='word_1_83' title='bbox 504 1092 505 1099; x_wconf 61' lang='lat'><em>&#39;</em></span> 
     </span>
    </p>

    <p class='ocr_par' dir='ltr' id='par_1_5' title="bbox 149 1183 1509 2222">
     <span class='ocr_line' id='line_1_10' title="bbox 252 1183 1503 1260; baseline 0 -16"><span class='ocrx_word' id='word_1_84' title='bbox 252 1185 317 1244; x_wconf 88' lang='lat' dir='ltr'><strong>Nou</strong></span> <span class='ocrx_word' id='word_1_85' title='bbox 341 1186 418 1244; x_wconf 93' lang='lat' dir='ltr'><strong>enim</strong></span> <span class='ocrx_word' id='word_1_86' title='bbox 440 1183 513 1244; x_wconf 88' lang='lat' dir='ltr'><strong>hacc</strong></span> <span class='ocrx_word' id='word_1_87' title='bbox 536 1202 570 1244; x_wconf 93' lang='lat' dir='ltr'><strong>eo</strong></span> <span class='ocrx_word' id='word_1_88' title='bbox 586 1184 661 1260; x_wconf 92' lang='lat' dir='ltr'><strong>dico,</strong></span> <span class='ocrx_word' id='word_1_89' title='bbox 685 1203 721 1245; x_wconf 91' lang='lat' dir='ltr'><strong>ac</strong></span> <span class='ocrx_word' id='word_1_90' title='bbox 743 1186 767 1243; x_wconf 93' lang='lat' dir='ltr'><strong>si</strong></span> <span class='ocrx_word' id='word_1_91' title='bbox 792 1194 922 1245; x_wconf 87' lang='lat' dir='ltr'><strong>cometae</strong></span> <span class='ocrx_word' id='word_1_92' title='bbox 946 1186 1006 1243; x_wconf 90' lang='lat' dir='ltr'><strong>viru</strong></span> <span class='ocrx_word' id='word_1_93' title='bbox 1029 1186 1154 1244; x_wconf 90' lang='lat' dir='ltr'><strong>tribuam</strong></span> <span class='ocrx_word' id='word_1_94' title='bbox 1178 1183 1337 1260; x_wconf 89' lang='lat' dir='ltr'><strong>perimendi</strong></span> <span class='ocrx_word' id='word_1_95' title='bbox 1359 1185 1503 1256; x_wconf 85' lang='lat' dir='ltr'><strong>homiues,</strong></span> 
     </span>
     <span class='ocr_line' id='line_1_11' title="bbox 150 1271 1503 1349; baseline -0.001 -18"><span class='ocrx_word' id='word_1_96' title='bbox 150 1272 228 1349; x_wconf 91' lang='lat' dir='ltr'><strong>quod</strong></span> <span class='ocrx_word' id='word_1_97' title='bbox 256 1274 413 1348; x_wconf 89' lang='lat' dir='ltr'><strong>pertineret</strong></span> <span class='ocrx_word' id='word_1_98' title='bbox 440 1271 477 1329; x_wconf 90' lang='lat' dir='ltr'><strong>ad</strong></span> <span class='ocrx_word' id='word_1_99' title='bbox 507 1275 630 1348; x_wconf 89' lang='lat' dir='ltr'><strong>primum</strong></span> <span class='ocrx_word' id='word_1_100' title='bbox 659 1272 792 1346; x_wconf 90' lang='lat' dir='ltr'><strong>modurn,</strong></span> <span class='ocrx_word' id='word_1_101' title='bbox 826 1275 877 1348; x_wconf 92' lang='lat' dir='ltr'><strong>qui</strong></span> <span class='ocrx_word' id='word_1_102' title='bbox 908 1282 951 1331; x_wconf 86' lang='lat' dir='ltr'><strong>est</strong></span> <span class='ocrx_word' id='word_1_103' title='bbox 973 1279 1111 1344; x_wconf 87' lang='lat' dir='ltr'><strong>naturae,</strong></span> <span class='ocrx_word' id='word_1_104' title='bbox 1146 1280 1198 1330; x_wconf 91' lang='lat' dir='ltr'><strong>aut</strong></span> <span class='ocrx_word' id='word_1_105' title='bbox 1220 1275 1305 1347; x_wconf 91' lang='lat' dir='ltr'><strong>quasi</strong></span> <span class='ocrx_word' id='word_1_106' title='bbox 1327 1290 1385 1329; x_wconf 93' lang='lat' dir='ltr'><strong>non</strong></span> <span class='ocrx_word' id='word_1_107' title='bbox 1409 1289 1503 1349; x_wconf 90' lang='lat' dir='ltr'><strong>aeque</strong></span> 
     </span>
     <span class='ocr_line' id='line_1_12' title="bbox 151 1357 1503 1437; baseline -0.001 -18"><span class='ocrx_word' id='word_1_108' title='bbox 151 1363 229 1419; x_wconf 86' lang='lat' dir='ltr'><strong>bona</strong></span> <span class='ocrx_word' id='word_1_109' title='bbox 243 1378 311 1437; x_wconf 89' lang='lat' dir='ltr'><strong>pars</strong></span> <span class='ocrx_word' id='word_1_110' title='bbox 326 1359 445 1418; x_wconf 89' lang='lat' dir='ltr'><strong>humaui</strong></span> <span class='ocrx_word' id='word_1_111' title='bbox 461 1363 575 1433; x_wconf 81' lang='lat' dir='ltr'><strong>generis</strong></span> <span class='ocrx_word' id='word_1_112' title='bbox 592 1359 639 1418; x_wconf 93' lang='lat' dir='ltr'><strong>vel</strong></span> <span class='ocrx_word' id='word_1_113' title='bbox 663 1363 724 1419; x_wconf 90' lang='lat' dir='ltr'><strong>sine</strong></span> <span class='ocrx_word' id='word_1_114' title='bbox 741 1368 855 1419; x_wconf 88' lang='lat' dir='ltr'><strong>cometa</strong></span> <span class='ocrx_word' id='word_1_115' title='bbox 871 1361 1010 1418; x_wconf 87' lang='lat' dir='ltr'><strong>moritura</strong></span> <span class='ocrx_word' id='word_1_116' title='bbox 1026 1360 1138 1432; x_wconf 89' lang='lat' dir='ltr'><strong>fuisset,</strong></span> <span class='ocrx_word' id='word_1_117' title='bbox 1163 1376 1228 1417; x_wconf 90' lang='lat' dir='ltr'><strong>cum</strong></span> <span class='ocrx_word' id='word_1_118' title='bbox 1245 1359 1275 1417; x_wconf 92' lang='lat' dir='ltr'><strong>id</strong></span> <span class='ocrx_word' id='word_1_119' title='bbox 1298 1357 1503 1434; x_wconf 90' lang='lat' dir='ltr'><strong>quotidianum</strong></span> 
     </span>
     <span class='ocr_line' id='line_1_13' title="bbox 150 1446 1503 1522; baseline -0.001 -16"><span class='ocrx_word' id='word_1_120' title='bbox 150 1451 197 1506; x_wconf 90' lang='lat' dir='ltr'><strong>sit.</strong></span> <span class='ocrx_word' id='word_1_121' title='bbox 244 1447 328 1505; x_wconf 77' lang='lat' dir='ltr'><strong>Alius</strong></span> <span class='ocrx_word' id='word_1_122' title='bbox 359 1453 404 1507; x_wconf 92' lang='lat' dir='ltr'><strong>est</strong></span> <span class='ocrx_word' id='word_1_123' title='bbox 430 1449 593 1522; x_wconf 87' lang='lat' dir='ltr'><strong>argumenti</strong></span> <span class='ocrx_word' id='word_1_124' title='bbox 623 1452 679 1507; x_wconf 89' lang='lat' dir='ltr'><strong>mei</strong></span> <span class='ocrx_word' id='word_1_125' title='bbox 707 1465 824 1506; x_wconf 88' lang='lat' dir='ltr'><strong>sensus:</strong></span> <span class='ocrx_word' id='word_1_126' title='bbox 860 1448 993 1505; x_wconf 89' lang='lat' dir='ltr'><strong>nimirum</strong></span> <span class='ocrx_word' id='word_1_127' title='bbox 1018 1454 1150 1506; x_wconf 87' lang='lat' dir='ltr'><strong>cometae</strong></span> <span class='ocrx_word' id='word_1_128' title='bbox 1174 1446 1299 1517; x_wconf 91' lang='lat' dir='ltr'><strong>indicio,</strong></span> <span class='ocrx_word' id='word_1_129' title='bbox 1330 1453 1424 1504; x_wconf 89' lang='lat' dir='ltr'><strong>toturn</strong></span> <span class='ocrx_word' id='word_1_130' title='bbox 1448 1446 1503 1505; x_wconf 90' lang='lat' dir='ltr'><strong>hoc</strong></span> 
     </span>
     <span class='ocr_line' id='line_1_14' title="bbox 149 1533 1503 1611; baseline -0.001 -18"><span class='ocrx_word' id='word_1_131' title='bbox 149 1537 318 1594; x_wconf 91' lang='lat' dir='ltr'><strong>universum</strong></span> <span class='ocrx_word' id='word_1_132' title='bbox 349 1533 482 1608; x_wconf 87' lang='lat' dir='ltr'><strong>adeoque</strong></span> <span class='ocrx_word' id='word_1_133' title='bbox 512 1543 541 1594; x_wconf 93' lang='lat' dir='ltr'><strong>et</strong></span> <span class='ocrx_word' id='word_1_134' title='bbox 571 1536 666 1611; x_wconf 87' lang='lat' dir='ltr'><strong>ipsum</strong></span> <span class='ocrx_word' id='word_1_135' title='bbox 698 1535 811 1594; x_wconf 91' lang='lat' dir='ltr'><strong>coelum</strong></span> <span class='ocrx_word' id='word_1_136' title='bbox 840 1552 904 1594; x_wconf 88' lang='lat' dir='ltr'><strong>osse</strong></span> <span class='ocrx_word' id='word_1_137' title='bbox 932 1533 1119 1610; x_wconf 85' lang='lat' dir='ltr'><strong>corruptibile</strong></span> <span class='ocrx_word' id='word_1_138' title='bbox 1146 1540 1177 1593; x_wconf 88' lang='lat' dir='ltr'><strong>et</strong></span> <span class='ocrx_word' id='word_1_139' title='bbox 1204 1550 1339 1592; x_wconf 90' lang='lat' dir='ltr'><strong>successu</strong></span> <span class='ocrx_word' id='word_1_140' title='bbox 1364 1536 1503 1609; x_wconf 89' lang='lat' dir='ltr'><strong>temporis</strong></span> 
     </span>
     <span class='ocr_line' id='line_1_15' title="bbox 150 1618 1504 1702; baseline 0.001 -23"><span class='ocrx_word' id='word_1_141' title='bbox 150 1620 189 1702; x_wconf 93' lang='lat' dir='ltr'><strong>(iu</strong></span> <span class='ocrx_word' id='word_1_142' title='bbox 205 1623 338 1700; x_wconf 91' lang='lat' dir='ltr'><strong>partibus</strong></span> <span class='ocrx_word' id='word_1_143' title='bbox 354 1618 443 1697; x_wconf 91' lang='lat' dir='ltr'><strong>certe)</strong></span> <span class='ocrx_word' id='word_1_144' title='bbox 466 1620 626 1683; x_wconf 89' lang='lat' dir='ltr'><strong>alterabile.</strong></span> <span class='ocrx_word' id='word_1_145' title='bbox 664 1623 769 1697; x_wconf 90' lang='lat' dir='ltr'><strong>Itaque</strong></span> <span class='ocrx_word' id='word_1_146' title='bbox 786 1639 882 1697; x_wconf 92' lang='lat' dir='ltr'><strong>aequo</strong></span> <span class='ocrx_word' id='word_1_147' title='bbox 906 1624 1003 1679; x_wconf 92' lang='lat' dir='ltr'><strong>animo</strong></span> <span class='ocrx_word' id='word_1_148' title='bbox 1018 1621 1168 1680; x_wconf 90' lang='lat' dir='ltr'><strong>ferendam</strong></span> <span class='ocrx_word' id='word_1_149' title='bbox 1183 1620 1293 1680; x_wconf 89' lang='lat' dir='ltr'><strong>homini</strong></span> <span class='ocrx_word' id='word_1_150' title='bbox 1317 1621 1504 1680; x_wconf 87' lang='lat' dir='ltr'><strong>mortalitatis</strong></span> 
     </span>
     <span class='ocr_line' id='line_1_16' title="bbox 149 1707 1503 1784; baseline -0.001 -15"><span class='ocrx_word' id='word_1_151' title='bbox 149 1728 221 1770; x_wconf 91' lang='lat' dir='ltr'><strong>suae</strong></span> <span class='ocrx_word' id='word_1_152' title='bbox 237 1709 434 1769; x_wconf 88' lang='lat' dir='ltr'><strong>conditionem</strong></span> <span class='ocrx_word' id='word_1_153' title='bbox 450 1710 479 1765; x_wconf 92' lang='lat' dir='ltr'><strong>iu</strong></span> <span class='ocrx_word' id='word_1_154' title='bbox 502 1708 558 1768; x_wconf 91' lang='lat' dir='ltr'><strong>hoc</strong></span> <span class='ocrx_word' id='word_1_155' title='bbox 573 1709 688 1768; x_wconf 90' lang='lat' dir='ltr'><strong>mortali</strong></span> <span class='ocrx_word' id='word_1_156' title='bbox 710 1709 853 1769; x_wconf 88' lang='lat' dir='ltr'><strong>collocato</strong></span> <span class='ocrx_word' id='word_1_157' title='bbox 871 1709 1040 1782; x_wconf 91' lang='lat' dir='ltr'><strong>diversorio,</strong></span> <span class='ocrx_word' id='word_1_158' title='bbox 1065 1707 1192 1784; x_wconf 91' lang='lat' dir='ltr'><strong>dumque</strong></span> <span class='ocrx_word' id='word_1_159' title='bbox 1208 1708 1282 1767; x_wconf 87' lang='lat' dir='ltr'><strong>hanc</strong></span> <span class='ocrx_word' id='word_1_160' title='bbox 1305 1708 1380 1767; x_wconf 91' lang='lat' dir='ltr'><strong>coeli</strong></span> <span class='ocrx_word' id='word_1_161' title='bbox 1396 1707 1503 1780; x_wconf 87' lang='lat' dir='ltr'><strong>labem,</strong></span> 
     </span>
     <span class='ocr_line' id='line_1_17' title="bbox 151 1794 1505 1873; baseline -0.001 -18"><span class='ocrx_word' id='word_1_162' title='bbox 151 1816 239 1872; x_wconf 89' lang='lat' dir='ltr'><strong>quam</strong></span> <span class='ocrx_word' id='word_1_163' title='bbox 269 1803 413 1857; x_wconf 87' lang='lat' dir='ltr'><strong>cometam</strong></span> <span class='ocrx_word' id='word_1_164' title='bbox 445 1794 558 1869; x_wconf 91' lang='lat' dir='ltr'><strong>dicunt,</strong></span> <span class='ocrx_word' id='word_1_165' title='bbox 593 1798 733 1871; x_wconf 90' lang='lat' dir='ltr'><strong>intuetur,</strong></span> <span class='ocrx_word' id='word_1_166' title='bbox 767 1799 864 1856; x_wconf 88' lang='lat' dir='ltr'><strong>auimo</strong></span> <span class='ocrx_word' id='word_1_167' title='bbox 888 1796 1110 1873; x_wconf 90' lang='lat' dir='ltr'><strong>concipiendum</strong></span> <span class='ocrx_word' id='word_1_168' title='bbox 1132 1800 1161 1854; x_wconf 92' lang='lat' dir='ltr'><strong>et</strong></span> <span class='ocrx_word' id='word_1_169' title='bbox 1183 1812 1269 1863; x_wconf 87' lang='lat' dir='ltr'><strong>suum</strong></span> <span class='ocrx_word' id='word_1_170' title='bbox 1292 1794 1419 1869; x_wconf 88' lang='lat' dir='ltr'><strong>exitum,</strong></span> <span class='ocrx_word' id='word_1_171' title='bbox 1456 1799 1505 1872; x_wconf 92' lang='lat' dir='ltr'><strong>qui</strong></span> 
     </span>
     <span class='ocr_line' id='line_1_18' title="bbox 150 1883 1506 1959; baseline -0.001 -18"><span class='ocrx_word' id='word_1_172' title='bbox 150 1901 209 1943; x_wconf 92' lang='lat' dir='ltr'><strong>uon</strong></span> <span class='ocrx_word' id='word_1_173' title='bbox 239 1887 280 1943; x_wconf 87' lang='lat' dir='ltr'><strong>ita</strong></span> <span class='ocrx_word' id='word_1_174' title='bbox 308 1884 394 1959; x_wconf 89' lang='lat' dir='ltr'><strong>longe</strong></span> <span class='ocrx_word' id='word_1_175' title='bbox 426 1883 538 1941; x_wconf 90' lang='lat' dir='ltr'><strong>eminus</strong></span> <span class='ocrx_word' id='word_1_176' title='bbox 569 1886 730 1942; x_wconf 89' lang='lat' dir='ltr'><strong>certissimo</strong></span> <span class='ocrx_word' id='word_1_177' title='bbox 758 1883 850 1959; x_wconf 90' lang='lat' dir='ltr'><strong>gradu</strong></span> <span class='ocrx_word' id='word_1_178' title='bbox 881 1883 1011 1944; x_wconf 91' lang='lat' dir='ltr'><strong>accedat.</strong></span> <span class='ocrx_word' id='word_1_179' title='bbox 1057 1883 1166 1942; x_wconf 89' lang='lat' dir='ltr'><strong>Verum</strong></span> <span class='ocrx_word' id='word_1_180' title='bbox 1191 1885 1338 1941; x_wconf 89' lang='lat' dir='ltr'><strong>enimvero</strong></span> <span class='ocrx_word' id='word_1_181' title='bbox 1362 1890 1506 1942; x_wconf 87' lang='lat' dir='ltr'><strong>testantur</strong></span> 
     </span>
     <span class='ocr_line' id='line_1_19' title="bbox 151 1969 1507 2046; baseline -0.001 -16"><span class='ocrx_word' id='word_1_182' title='bbox 151 1972 291 2030; x_wconf 85' lang='lat' dir='ltr'><strong>historiae</strong></span> <span class='ocrx_word' id='word_1_183' title='bbox 314 1969 526 2045; x_wconf 90' lang='lat' dir='ltr'><strong>utplurimum,</strong></span> <span class='ocrx_word' id='word_1_184' title='bbox 550 1969 675 2029; x_wconf 91' lang='lat' dir='ltr'><strong>insolitis</strong></span> <span class='ocrx_word' id='word_1_185' title='bbox 695 1970 873 2046; x_wconf 79' lang='lat' dir='ltr'><strong>fulgentibus</strong></span> <span class='ocrx_word' id='word_1_186' title='bbox 896 1972 1017 2031; x_wconf 90' lang='lat' dir='ltr'><strong>cometis</strong></span> <span class='ocrx_word' id='word_1_187' title='bbox 1039 1972 1094 2029; x_wconf 90' lang='lat' dir='ltr'><strong>seri</strong></span> <span class='ocrx_word' id='word_1_188' title='bbox 1112 1971 1332 2042; x_wconf 87' lang='lat' dir='ltr'><strong>controversias,</strong></span> <span class='ocrx_word' id='word_1_189' title='bbox 1356 1969 1507 2028; x_wconf 89' lang='lat' dir='ltr'><strong>homiuum</strong></span> 
     </span>
     <span class='ocr_line' id='line_1_20' title="bbox 152 2052 1509 2139; baseline -0.001 -21"><span class='ocrx_word' id='word_1_190' title='bbox 152 2058 332 2118; x_wconf 90' lang='lat' dir='ltr'><strong>multitudini</strong></span> <span class='ocrx_word' id='word_1_191' title='bbox 364 2057 528 2117; x_wconf 87' lang='lat' dir='ltr'><strong>exitiabiles</strong></span> <span class='ocrx_word' id='word_1_192' title='bbox 552 2052 594 2139; x_wconf 82' lang='lat'><strong>(⁹)</strong></span> <span class='ocrx_word' id='word_1_193' title='bbox 618 2060 765 2133; x_wconf 90' lang='lat' dir='ltr'><strong>etiamque</strong></span> <span class='ocrx_word' id='word_1_194' title='bbox 788 2059 993 2134; x_wconf 88' lang='lat' dir='ltr'><strong>superstitibus</strong></span> <span class='ocrx_word' id='word_1_195' title='bbox 1015 2074 1221 2130; x_wconf 63' lang='lat' dir='ltr'><strong>aerumnosam</strong></span> <span class='ocrx_word' id='word_1_196' title='bbox 1254 2074 1308 2116; x_wconf 88' lang='lat' dir='ltr'><strong>nce</strong></span> <span class='ocrx_word' id='word_1_197' title='bbox 1331 2055 1360 2114; x_wconf 95' lang='lat' dir='ltr'><strong>id</strong></span> <span class='ocrx_word' id='word_1_198' title='bbox 1384 2074 1421 2117; x_wconf 87' lang='lat' dir='ltr'><strong>ex</strong></span> <span class='ocrx_word' id='word_1_199' title='bbox 1444 2058 1509 2117; x_wconf 91' lang='lat' dir='ltr'><strong>sola</strong></span> 
     </span>
     <span class='ocr_line' id='line_1_21' title="bbox 152 2142 1509 2222; baseline -0.001 -18"><span class='ocrx_word' id='word_1_200' title='bbox 152 2148 315 2222; x_wconf 90' lang='lat' dir='ltr'><strong>principum</strong></span> <span class='ocrx_word' id='word_1_201' title='bbox 330 2146 515 2203; x_wconf 89' lang='lat' dir='ltr'><strong>morientium</strong></span> <span class='ocrx_word' id='word_1_202' title='bbox 537 2162 691 2220; x_wconf 89' lang='lat' dir='ltr'><strong>rerumque</strong></span> <span class='ocrx_word' id='word_1_203' title='bbox 708 2145 812 2205; x_wconf 89' lang='lat' dir='ltr'><strong>exinde</strong></span> <span class='ocrx_word' id='word_1_204' title='bbox 835 2145 1036 2204; x_wconf 88' lang='lat' dir='ltr'><strong>novandarum</strong></span> <span class='ocrx_word' id='word_1_205' title='bbox 1057 2146 1219 2216; x_wconf 86' lang='lat' dir='ltr'><strong>occasione,</strong></span> <span class='ocrx_word' id='word_1_206' title='bbox 1242 2144 1294 2202; x_wconf 89' lang='lat' dir='ltr'><strong>sed</strong></span> <span class='ocrx_word' id='word_1_207' title='bbox 1309 2142 1389 2203; x_wconf 89' lang='lat' dir='ltr'><strong>mille</strong></span> <span class='ocrx_word' id='word_1_208' title='bbox 1413 2143 1509 2204; x_wconf 89' lang='lat' dir='ltr'><strong>modis</strong></span> 
     </span>
    </p>
   </div>
   <div class='ocr_carea' id='block_1_5' title="bbox 50 2227 1509 2314">
    <p class='ocr_par' dir='ltr' id='par_1_6' title="bbox 50 2227 1509 2314">
     <span class='ocr_line' id='line_1_22' title="bbox 50 2227 1509 2314; baseline -0.001 -23"><span class='ocrx_word' id='word_1_209' title='bbox 50 2304 53 2312; x_wconf 31' lang='grc' dir='ltr'>Ι</span> <span class='ocrx_word' id='word_1_210' title='bbox 154 2233 221 2292; x_wconf 89' lang='lat' dir='ltr'><strong>aliis</strong></span> <span class='ocrx_word' id='word_1_211' title='bbox 244 2227 314 2314; x_wconf 82' lang='lat'><strong>(¹⁰).</strong></span> <span class='ocrx_word' id='word_1_212' title='bbox 358 2231 419 2290; x_wconf 91' lang='lat' dir='ltr'><strong>Nec</strong></span> <span class='ocrx_word' id='word_1_213' title='bbox 443 2231 558 2305; x_wconf 86' lang='lat' dir='ltr'><strong>dixeris,</strong></span> <span class='ocrx_word' id='word_1_214' title='bbox 582 2233 733 2292; x_wconf 89' lang='lat' dir='ltr'><strong>fortuitum</strong></span> <span class='ocrx_word' id='word_1_215' title='bbox 756 2233 812 2292; x_wconf 89' lang='lat' dir='ltr'><strong>boc</strong></span> <span class='ocrx_word' id='word_1_216' title='bbox 835 2251 908 2306; x_wconf 90' lang='lat' dir='ltr'><strong>esse,</strong></span> <span class='ocrx_word' id='word_1_217' title='bbox 931 2250 986 2292; x_wconf 89' lang='lat' dir='ltr'><strong>uec</strong></span> <span class='ocrx_word' id='word_1_218' title='bbox 1008 2239 1153 2292; x_wconf 90' lang='lat' dir='ltr'><strong>cometam</strong></span> <span class='ocrx_word' id='word_1_219' title='bbox 1175 2230 1284 2308; x_wconf 88' lang='lat' dir='ltr'><strong>fulgere</strong></span> <span class='ocrx_word' id='word_1_220' title='bbox 1307 2231 1509 2307; x_wconf 91' lang='lat' dir='ltr'><strong>significandis</strong></span> 
     </span>
    </p>
   </div>
   <div class='ocr_carea' id='block_1_6' title="bbox 152 2318 1511 4842">
    <p class='ocr_par' dir='ltr' id='par_1_7' title="bbox 152 2318 1511 3791">
     <span class='ocr_line' id='line_1_23' title="bbox 153 2318 1510 2397; baseline 0 -18"><span class='ocrx_word' id='word_1_221' title='bbox 153 2318 354 2396; x_wconf 91' lang='lat' dir='ltr'><strong>hujuscemodi</strong></span> <span class='ocrx_word' id='word_1_222' title='bbox 385 2319 557 2379; x_wconf 84' lang='lat' dir='ltr'><strong>eventibus:</strong></span> <span class='ocrx_word' id='word_1_223' title='bbox 592 2329 756 2397; x_wconf 84' lang='lat' dir='ltr'><strong>repugnant</strong></span> <span class='ocrx_word' id='word_1_224' title='bbox 786 2322 842 2378; x_wconf 91' lang='lat' dir='ltr'><strong>viri</strong></span> <span class='ocrx_word' id='word_1_225' title='bbox 874 2320 1006 2379; x_wconf 89' lang='lat' dir='ltr'><strong>doctrina</strong></span> <span class='ocrx_word' id='word_1_226' title='bbox 1033 2325 1062 2379; x_wconf 89' lang='lat' dir='ltr'><strong>et</strong></span> <span class='ocrx_word' id='word_1_227' title='bbox 1092 2319 1203 2394; x_wconf 91' lang='lat' dir='ltr'><strong>judicio</strong></span> <span class='ocrx_word' id='word_1_228' title='bbox 1233 2321 1510 2383; x_wconf 87' lang='lat' dir='ltr'><strong>consummatissimi</strong></span> 
     </span>
     <span class='ocr_line' id='line_1_24' title="bbox 153 2407 1510 2483; baseline 0 -16"><span class='ocrx_word' id='word_1_229' title='bbox 153 2409 287 2483; x_wconf 86' lang='lat' dir='ltr'><strong>adeoque</strong></span> <span class='ocrx_word' id='word_1_230' title='bbox 319 2407 490 2482; x_wconf 84' lang='lat' dir='ltr'><strong>exceptione</strong></span> <span class='ocrx_word' id='word_1_231' title='bbox 519 2407 663 2482; x_wconf 86' lang='lat' dir='ltr'><strong>majores,</strong></span> <span class='ocrx_word' id='word_1_232' title='bbox 695 2425 795 2466; x_wconf 90' lang='lat' dir='ltr'><strong>omnes</strong></span> <span class='ocrx_word' id='word_1_233' title='bbox 824 2410 851 2464; x_wconf 89' lang='lat' dir='ltr'><strong>iu</strong></span> <span class='ocrx_word' id='word_1_234' title='bbox 876 2424 1027 2466; x_wconf 89' lang='lat' dir='ltr'><strong>commuue</strong></span> <span class='ocrx_word' id='word_1_235' title='bbox 1051 2407 1194 2478; x_wconf 91' lang='lat' dir='ltr'><strong>historici,</strong></span> <span class='ocrx_word' id='word_1_236' title='bbox 1226 2408 1412 2482; x_wconf 88' lang='lat' dir='ltr'><strong>paucissimis</strong></span> <span class='ocrx_word' id='word_1_237' title='bbox 1435 2407 1510 2467; x_wconf 85' lang='lat' dir='ltr'><strong>forte</strong></span> 
     </span>
     <span class='ocr_line' id='line_1_25' title="bbox 153 2493 1510 2571; baseline -0.001 -16"><span class='ocrx_word' id='word_1_238' title='bbox 153 2497 298 2570; x_wconf 89' lang='lat' dir='ltr'><strong>exceptis,</strong></span> <span class='ocrx_word' id='word_1_239' title='bbox 332 2502 361 2552; x_wconf 90' lang='lat' dir='ltr'><strong>et</strong></span> <span class='ocrx_word' id='word_1_240' title='bbox 388 2493 484 2552; x_wconf 90' lang='lat' dir='ltr'><strong>Deum</strong></span> <span class='ocrx_word' id='word_1_241' title='bbox 512 2495 720 2568; x_wconf 88' lang='lat' dir='ltr'><strong>immortalem,</strong></span> <span class='ocrx_word' id='word_1_242' title='bbox 751 2497 853 2571; x_wconf 92' lang='lat' dir='ltr'><strong>quanti</strong></span> <span class='ocrx_word' id='word_1_243' title='bbox 881 2496 951 2553; x_wconf 91' lang='lat' dir='ltr'><strong>viril</strong></span> <span class='ocrx_word' id='word_1_244' title='bbox 994 2493 1169 2569; x_wconf 89' lang='lat' dir='ltr'><strong>Philosophi</strong></span> <span class='ocrx_word' id='word_1_245' title='bbox 1198 2495 1378 2568; x_wconf 86' lang='lat' dir='ltr'><strong>gravissimi,</strong></span> <span class='ocrx_word' id='word_1_246' title='bbox 1414 2511 1510 2554; x_wconf 88' lang='lat' dir='ltr'><strong>rerum</strong></span> 
     </span>
     <span class='ocr_line' id='line_1_26' title="bbox 153 2579 1510 2658; baseline -0.001 -17"><span class='ocrx_word' id='word_1_247' title='bbox 153 2581 351 2642; x_wconf 88' lang='lat' dir='ltr'><strong>moderatores</strong></span> <span class='ocrx_word' id='word_1_248' title='bbox 381 2583 588 2657; x_wconf 83' lang='lat' dir='ltr'><strong>expertissimi,</strong></span> <span class='ocrx_word' id='word_1_249' title='bbox 621 2588 651 2641; x_wconf 91' lang='lat' dir='ltr'><strong>et</strong></span> <span class='ocrx_word' id='word_1_250' title='bbox 683 2592 715 2641; x_wconf 90' lang='lat' dir='ltr'><strong>ut</strong></span> <span class='ocrx_word' id='word_1_251' title='bbox 746 2582 862 2658; x_wconf 90' lang='lat' dir='ltr'><strong>aliquos</strong></span> <span class='ocrx_word' id='word_1_252' title='bbox 889 2598 1035 2657; x_wconf 88' lang='lat' dir='ltr'><strong>emagno</strong></span> <span class='ocrx_word' id='word_1_253' title='bbox 1065 2597 1186 2641; x_wconf 88' lang='lat' dir='ltr'><strong>numero</strong></span> <span class='ocrx_word' id='word_1_254' title='bbox 1210 2579 1321 2653; x_wconf 87' lang='lat' dir='ltr'><strong>dicam,</strong></span> <span class='ocrx_word' id='word_1_255' title='bbox 1357 2585 1510 2656; x_wconf 83' lang='lat' dir='ltr'><strong>egraeciu</strong></span> 
     </span>
     <span class='ocr_line' id='line_1_27' title="bbox 152 2667 1509 2745; baseline 0.001 -17"><span class='ocrx_word' id='word_1_256' title='bbox 152 2671 299 2728; x_wconf 91' lang='lat' dir='ltr'><strong>historicis</strong></span> <span class='ocrx_word' id='word_1_257' title='bbox 322 2667 499 2743; x_wconf 88' lang='lat' dir='ltr'><strong>Diodorum,</strong></span> <span class='ocrx_word' id='word_1_258' title='bbox 529 2670 670 2742; x_wconf 91' lang='lat' dir='ltr'><strong>Diouem,</strong></span> <span class='ocrx_word' id='word_1_259' title='bbox 696 2688 711 2729; x_wconf 91' lang='lat' dir='ltr'><strong>e</strong></span> <span class='ocrx_word' id='word_1_260' title='bbox 733 2670 833 2728; x_wconf 87' lang='lat' dir='ltr'><strong>latinis</strong></span> <span class='ocrx_word' id='word_1_261' title='bbox 856 2669 988 2742; x_wconf 84' lang='lat' dir='ltr'><strong>Livium,</strong></span> <span class='ocrx_word' id='word_1_262' title='bbox 1011 2668 1147 2727; x_wconf 82' lang='lat' dir='ltr'><strong>Tacitum</strong></span> <span class='ocrx_word' id='word_1_263' title='bbox 1169 2669 1257 2741; x_wconf 92' lang='lat' dir='ltr'><strong>sisto,</strong></span> <span class='ocrx_word' id='word_1_264' title='bbox 1282 2685 1298 2727; x_wconf 90' lang='lat' dir='ltr'><strong>c</strong></span> <span class='ocrx_word' id='word_1_265' title='bbox 1320 2668 1509 2745; x_wconf 88' lang='lat' dir='ltr'><strong>philosophis</strong></span> 
     </span>
     <span class='ocr_line' id='line_1_28' title="bbox 153 2755 1509 2833; baseline 0 -18"><span class='ocrx_word' id='word_1_266' title='bbox 153 2756 297 2829; x_wconf 90' lang='lat' dir='ltr'><strong>Plinium,</strong></span> <span class='ocrx_word' id='word_1_267' title='bbox 332 2755 472 2815; x_wconf 84' lang='lat' dir='ltr'><strong>Senecam</strong></span> <span class='ocrx_word' id='word_1_268' title='bbox 497 2765 526 2816; x_wconf 92' lang='lat' dir='ltr'><strong>et</strong></span> <span class='ocrx_word' id='word_1_269' title='bbox 550 2757 735 2829; x_wconf 86' lang='lat' dir='ltr'><strong>Ciceronem,</strong></span> <span class='ocrx_word' id='word_1_270' title='bbox 770 2757 934 2833; x_wconf 90' lang='lat' dir='ltr'><strong>epolitieis</strong></span> <span class='ocrx_word' id='word_1_271' title='bbox 964 2755 1082 2816; x_wconf 89' lang='lat' dir='ltr'><strong>eosdem</strong></span> <span class='ocrx_word' id='word_1_272' title='bbox 1109 2761 1139 2816; x_wconf 92' lang='lat' dir='ltr'><strong>et</strong></span> <span class='ocrx_word' id='word_1_273' title='bbox 1161 2755 1287 2815; x_wconf 90' lang='lat' dir='ltr'><strong>Diouem</strong></span> <span class='ocrx_word' id='word_1_274' title='bbox 1310 2762 1339 2814; x_wconf 90' lang='lat' dir='ltr'><strong>et</strong></span> <span class='ocrx_word' id='word_1_275' title='bbox 1361 2755 1509 2831; x_wconf 84' lang='lat' dir='ltr'><strong>Tacitum,</strong></span> 
     </span>
     <span class='ocr_line' id='line_1_29' title="bbox 154 2842 1510 2921; baseline 0.001 -18"><span class='ocrx_word' id='word_1_276' title='bbox 154 2845 287 2920; x_wconf 80' lang='lat' dir='ltr'><strong>epolitis</strong></span> <span class='ocrx_word' id='word_1_277' title='bbox 314 2845 475 2919; x_wconf 90' lang='lat' dir='ltr'><strong>principem</strong></span> <span class='ocrx_word' id='word_1_278' title='bbox 498 2843 669 2919; x_wconf 87' lang='lat' dir='ltr'><strong>Virgilium,</strong></span> <span class='ocrx_word' id='word_1_279' title='bbox 706 2844 878 2903; x_wconf 85' lang='lat' dir='ltr'><strong>divinissimi</strong></span> <span class='ocrx_word' id='word_1_280' title='bbox 907 2846 1001 2902; x_wconf 92' lang='lat' dir='ltr'><strong>virum</strong></span> <span class='ocrx_word' id='word_1_281' title='bbox 1023 2845 1145 2919; x_wconf 80' lang='lat' dir='ltr'><strong>ingenii,</strong></span> <span class='ocrx_word' id='word_1_282' title='bbox 1179 2842 1407 2921; x_wconf 87' lang='lat' dir='ltr'><strong>Lucanumque,</strong></span> <span class='ocrx_word' id='word_1_283' title='bbox 1441 2849 1510 2904; x_wconf 84' lang='lat' dir='ltr'><strong>ete</strong></span> 
     </span>
     <span class='ocr_line' id='line_1_30' title="bbox 155 2930 1510 3013; baseline 0 -23"><span class='ocrx_word' id='word_1_284' title='bbox 155 2930 276 2990; x_wconf 88' lang='lat' dir='ltr'><strong>Graecis</strong></span> <span class='ocrx_word' id='word_1_285' title='bbox 292 2930 492 3006; x_wconf 84' lang='lat' dir='ltr'><strong>Apollonium.</strong></span> <span class='ocrx_word' id='word_1_286' title='bbox 531 2931 638 3006; x_wconf 84' lang='lat' dir='ltr'><strong>Ingens</strong></span> <span class='ocrx_word' id='word_1_287' title='bbox 660 2932 789 3006; x_wconf 90' lang='lat' dir='ltr'><strong>profecto</strong></span> <span class='ocrx_word' id='word_1_288' title='bbox 806 2931 979 3007; x_wconf 87' lang='lat' dir='ltr'><strong>prodigium,</strong></span> <span class='ocrx_word' id='word_1_289' title='bbox 1002 2932 1027 2989; x_wconf 88' lang='lat' dir='ltr'><strong>ai</strong></span> <span class='ocrx_word' id='word_1_290' title='bbox 1046 2947 1146 2989; x_wconf 91' lang='lat' dir='ltr'><strong>omnes</strong></span> <span class='ocrx_word' id='word_1_291' title='bbox 1168 2931 1217 2988; x_wconf 91' lang='lat' dir='ltr'><strong>isti</strong></span> <span class='ocrx_word' id='word_1_292' title='bbox 1240 2947 1304 2988; x_wconf 89' lang='lat' dir='ltr'><strong>cum</strong></span> <span class='ocrx_word' id='word_1_293' title='bbox 1328 2933 1398 3013; x_wconf 88' lang='lat' dir='ltr'><strong>totis</strong></span> <span class='ocrx_word' id='word_1_294' title='bbox 1421 2935 1510 2990; x_wconf 85' lang='lat' dir='ltr'><strong>sectis</strong></span> 
     </span>
     <span class='ocr_line' id='line_1_31' title="bbox 154 3017 1510 3095; baseline -0.002 -16"><span class='ocrx_word' id='word_1_295' title='bbox 154 3026 263 3091; x_wconf 91' lang='lat' dir='ltr'><strong>errant,</strong></span> <span class='ocrx_word' id='word_1_296' title='bbox 289 3018 344 3076; x_wconf 86' lang='lat' dir='ltr'><strong>soli</strong></span> <span class='ocrx_word' id='word_1_297' title='bbox 367 3035 437 3077; x_wconf 88' lang='lat' dir='ltr'><strong>vero</strong></span> <span class='ocrx_word' id='word_1_298' title='bbox 462 3037 477 3077; x_wconf 88' lang='lat' dir='ltr'><strong>a</strong></span> <span class='ocrx_word' id='word_1_299' title='bbox 499 3017 682 3093; x_wconf 92' lang='lat' dir='ltr'><strong>philosophis</strong></span> <span class='ocrx_word' id='word_1_300' title='bbox 705 3019 823 3094; x_wconf 90' lang='lat' dir='ltr'><strong>pauculi</strong></span> <span class='ocrx_word' id='word_1_301' title='bbox 846 3017 972 3095; x_wconf 86' lang='lat' dir='ltr'><strong>argutuli</strong></span> <span class='ocrx_word' id='word_1_302' title='bbox 995 3035 1067 3077; x_wconf 88' lang='lat' dir='ltr'><strong>vera</strong></span> <span class='ocrx_word' id='word_1_303' title='bbox 1090 3017 1191 3076; x_wconf 90' lang='lat' dir='ltr'><strong>vident</strong></span> <span class='ocrx_word' id='word_1_304' title='bbox 1212 3019 1381 3092; x_wconf 90' lang='lat' dir='ltr'><strong>prioresque</strong></span> <span class='ocrx_word' id='word_1_305' title='bbox 1406 3020 1510 3078; x_wconf 85' lang='lat' dir='ltr'><strong>erroris</strong></span> 
     </span>
     <span class='ocr_line' id='line_1_32' title="bbox 155 3104 1510 3181; baseline 0 -16"><span class='ocrx_word' id='word_1_306' title='bbox 155 3113 318 3181; x_wconf 90' lang='lat' dir='ltr'><strong>compertos</strong></span> <span class='ocrx_word' id='word_1_307' title='bbox 341 3104 459 3163; x_wconf 90' lang='lat' dir='ltr'><strong>habent.</strong></span> <span class='ocrx_word' id='word_1_308' title='bbox 497 3106 538 3163; x_wconf 85' lang='lat' dir='ltr'><strong>At</strong></span> <span class='ocrx_word' id='word_1_309' title='bbox 561 3104 676 3178; x_wconf 86' lang='lat' dir='ltr'><strong>dixeris,</strong></span> <span class='ocrx_word' id='word_1_310' title='bbox 699 3107 831 3165; x_wconf 91' lang='lat' dir='ltr'><strong>morbum</strong></span> <span class='ocrx_word' id='word_1_311' title='bbox 853 3106 931 3164; x_wconf 93' lang='lat' dir='ltr'><strong>hunc</strong></span> <span class='ocrx_word' id='word_1_312' title='bbox 954 3107 1155 3171; x_wconf 85' lang='lat' dir='ltr'><strong>casamentis,</strong></span> <span class='ocrx_word' id='word_1_313' title='bbox 1180 3105 1335 3164; x_wconf 89' lang='lat' dir='ltr'><strong>universae</strong></span> <span class='ocrx_word' id='word_1_314' title='bbox 1358 3105 1510 3165; x_wconf 90' lang='lat' dir='ltr'><strong>bominum</strong></span> 
     </span>
     <span class='ocr_line' id='line_1_33' title="bbox 154 3190 1511 3268; baseline 0 -18"><span class='ocrx_word' id='word_1_315' title='bbox 154 3190 333 3251; x_wconf 85' lang='lat' dir='ltr'><strong>multitudini</strong></span> <span class='ocrx_word' id='word_1_316' title='bbox 355 3191 551 3252; x_wconf 78' lang='lat' dir='ltr'><strong>familiarem?</strong></span> <span class='ocrx_word' id='word_1_317' title='bbox 574 3193 721 3252; x_wconf 86' lang='lat' dir='ltr'><strong>Fortassis</strong></span> <span class='ocrx_word' id='word_1_318' title='bbox 743 3193 800 3251; x_wconf 91' lang='lat' dir='ltr'><strong>hoc</strong></span> <span class='ocrx_word' id='word_1_319' title='bbox 824 3195 910 3252; x_wconf 91' lang='lat' dir='ltr'><strong>ceteri</strong></span> <span class='ocrx_word' id='word_1_320' title='bbox 933 3195 1108 3268; x_wconf 91' lang='lat' dir='ltr'><strong>pervicerint</strong></span> <span class='ocrx_word' id='word_1_321' title='bbox 1131 3191 1280 3264; x_wconf 91' lang='lat' dir='ltr'><strong>homiues,</strong></span> <span class='ocrx_word' id='word_1_322' title='bbox 1303 3209 1340 3250; x_wconf 91' lang='lat' dir='ltr'><strong>ne</strong></span> <span class='ocrx_word' id='word_1_323' title='bbox 1360 3191 1511 3251; x_wconf 85' lang='lat' dir='ltr'><strong>Christum</strong></span> 
     </span>
     <span class='ocr_line' id='line_1_34' title="bbox 155 3278 1510 3357; baseline 0.001 -20"><span class='ocrx_word' id='word_1_324' title='bbox 155 3287 348 3348; x_wconf 85' lang='lat' dir='ltr'><strong>servatorem,</strong></span> <span class='ocrx_word' id='word_1_325' title='bbox 379 3280 629 3339; x_wconf 82' lang='lat' dir='ltr'><strong>absolutissimum</strong></span> <span class='ocrx_word' id='word_1_326' title='bbox 652 3284 836 3356; x_wconf 90' lang='lat' dir='ltr'><strong>incorruptae</strong></span> <span class='ocrx_word' id='word_1_327' title='bbox 858 3280 1047 3339; x_wconf 89' lang='lat' dir='ltr'><strong>humanitatis</strong></span> <span class='ocrx_word' id='word_1_328' title='bbox 1071 3279 1235 3355; x_wconf 86' lang='lat' dir='ltr'><strong>exemplum</strong></span> <span class='ocrx_word' id='word_1_329' title='bbox 1258 3278 1391 3354; x_wconf 86' lang='lat' dir='ltr'><strong>adeoque</strong></span> <span class='ocrx_word' id='word_1_330' title='bbox 1414 3282 1510 3357; x_wconf 90' lang='lat' dir='ltr'><strong>ipsam</strong></span> 
     </span>
     <span class='ocr_line' id='line_1_35' title="bbox 156 3366 1509 3443; baseline 0.001 -17"><span class='ocrx_word' id='word_1_331' title='bbox 156 3368 214 3426; x_wconf 89' lang='lat' dir='ltr'><strong>Dei</strong></span> <span class='ocrx_word' id='word_1_332' title='bbox 234 3368 324 3443; x_wconf 90' lang='lat' dir='ltr'><strong>patris</strong></span> <span class='ocrx_word' id='word_1_333' title='bbox 347 3369 521 3442; x_wconf 89' lang='lat' dir='ltr'><strong>sapientiam</strong></span> <span class='ocrx_word' id='word_1_334' title='bbox 544 3371 574 3424; x_wconf 92' lang='lat' dir='ltr'><strong>iu</strong></span> <span class='ocrx_word' id='word_1_335' title='bbox 596 3367 673 3427; x_wconf 91' lang='lat' dir='ltr'><strong>idem</strong></span> <span class='ocrx_word' id='word_1_336' title='bbox 697 3371 800 3428; x_wconf 89' lang='lat' dir='ltr'><strong>erroris</strong></span> <span class='ocrx_word' id='word_1_337' title='bbox 822 3370 998 3427; x_wconf 89' lang='lat' dir='ltr'><strong>consortium</strong></span> <span class='ocrx_word' id='word_1_338' title='bbox 1022 3367 1147 3425; x_wconf 90' lang='lat' dir='ltr'><strong>trahant.</strong></span> <span class='ocrx_word' id='word_1_339' title='bbox 1187 3367 1308 3439; x_wconf 85' lang='lat' dir='ltr'><strong>Erunt,</strong></span> <span class='ocrx_word' id='word_1_340' title='bbox 1332 3368 1427 3441; x_wconf 91' lang='lat' dir='ltr'><strong>iuquit</strong></span> <span class='ocrx_word' id='word_1_341' title='bbox 1450 3366 1509 3442; x_wconf 89' lang='lat' dir='ltr'><strong>ille,</strong></span> 
     </span>
     <span class='ocr_line' id='line_1_36' title="bbox 155 3455 1510 3530; baseline 0.001 -18"><span class='ocrx_word' id='word_1_342' title='bbox 155 3458 243 3530; x_wconf 74' lang='lat' dir='ltr'><strong>ripae</strong></span> <span class='ocrx_word' id='word_1_343' title='bbox 271 3457 305 3510; x_wconf 82' lang='lat' dir='ltr'><strong>in</strong></span> <span class='ocrx_word' id='word_1_344' title='bbox 330 3455 420 3512; x_wconf 84' lang='lat' dir='ltr'><strong>stellis</strong></span> <span class='ocrx_word' id='word_1_345' title='bbox 447 3462 475 3511; x_wconf 87' lang='lat' dir='ltr'><strong>ct</strong></span> <span class='ocrx_word' id='word_1_346' title='bbox 503 3459 536 3512; x_wconf 85' lang='lat' dir='ltr'><strong>ia</strong></span> <span class='ocrx_word' id='word_1_347' title='bbox 566 3457 654 3512; x_wconf 78' lang='lat' dir='ltr'><strong>terrie</strong></span> <span class='ocrx_word' id='word_1_348' title='bbox 677 3473 822 3530; x_wconf 79' lang='lat' dir='ltr'><strong>pressura</strong></span> <span class='ocrx_word' id='word_1_349' title='bbox 853 3459 991 3530; x_wconf 76' lang='lat' dir='ltr'><strong>pontium</strong></span> <span class='ocrx_word' id='word_1_350' title='bbox 1019 3473 1099 3529; x_wconf 83' lang='lat' dir='ltr'><strong>proc</strong></span> <span class='ocrx_word' id='word_1_351' title='bbox 1126 3455 1310 3530; x_wconf 67' lang='lat' dir='ltr'><strong>confusione.</strong></span> <span class='ocrx_word' id='word_1_352' title='bbox 1361 3455 1510 3529; x_wconf 85' lang='lat' dir='ltr'><strong>Equidem</strong></span> 
     </span>
     <span class='ocr_line' id='line_1_37' title="bbox 157 3540 1510 3618; baseline 0 -18"><span class='ocrx_word' id='word_1_353' title='bbox 157 3544 333 3600; x_wconf 88' lang='lat' dir='ltr'><strong>vaticinatus</strong></span> <span class='ocrx_word' id='word_1_354' title='bbox 363 3551 407 3599; x_wconf 89' lang='lat' dir='ltr'><strong>est</strong></span> <span class='ocrx_word' id='word_1_355' title='bbox 435 3541 483 3599; x_wconf 90' lang='lat' dir='ltr'><strong>hic</strong></span> <span class='ocrx_word' id='word_1_356' title='bbox 513 3549 542 3600; x_wconf 92' lang='lat' dir='ltr'><strong>ct</strong></span> <span class='ocrx_word' id='word_1_357' title='bbox 570 3550 668 3601; x_wconf 90' lang='lat' dir='ltr'><strong>vatem</strong></span> <span class='ocrx_word' id='word_1_358' title='bbox 700 3550 821 3601; x_wconf 88' lang='lat' dir='ltr'><strong>eveutua</strong></span> <span class='ocrx_word' id='word_1_359' title='bbox 849 3543 1059 3618; x_wconf 89' lang='lat' dir='ltr'><strong>comprobavit.</strong></span> <span class='ocrx_word' id='word_1_360' title='bbox 1103 3541 1178 3599; x_wconf 89' lang='lat' dir='ltr'><strong>Nam</strong></span> <span class='ocrx_word' id='word_1_361' title='bbox 1201 3540 1349 3617; x_wconf 87' lang='lat' dir='ltr'><strong>Joscphus</strong></span> <span class='ocrx_word' id='word_1_362' title='bbox 1374 3551 1510 3615; x_wconf 87' lang='lat' dir='ltr'><strong>testatur,</strong></span> 
     </span>
     <span class='ocr_line' id='line_1_38' title="bbox 157 3628 1511 3706; baseline 0.001 -19"><span class='ocrx_word' id='word_1_363' title='bbox 157 3645 233 3687; x_wconf 92' lang='lat' dir='ltr'><strong>auno</strong></span> <span class='ocrx_word' id='word_1_364' title='bbox 257 3632 369 3704; x_wconf 86' lang='lat' dir='ltr'><strong>integro</strong></span> <span class='ocrx_word' id='word_1_365' title='bbox 393 3628 507 3686; x_wconf 88' lang='lat' dir='ltr'><strong>stellam</strong></span> <span class='ocrx_word' id='word_1_366' title='bbox 531 3629 660 3705; x_wconf 88' lang='lat' dir='ltr'><strong>xiphiam</strong></span> <span class='ocrx_word' id='word_1_367' title='bbox 682 3629 799 3689; x_wconf 85' lang='lat' dir='ltr'><strong>fulsisse</strong></span> <span class='ocrx_word' id='word_1_368' title='bbox 819 3648 907 3706; x_wconf 90' lang='lat' dir='ltr'><strong>supra</strong></span> <span class='ocrx_word' id='word_1_369' title='bbox 922 3628 1117 3706; x_wconf 84' lang='lat' dir='ltr'><strong>derosolyma,</strong></span> <span class='ocrx_word' id='word_1_370' title='bbox 1141 3646 1229 3704; x_wconf 92' lang='lat' dir='ltr'><strong>quam</strong></span> <span class='ocrx_word' id='word_1_371' title='bbox 1244 3635 1376 3687; x_wconf 89' lang='lat' dir='ltr'><strong>secutum</strong></span> <span class='ocrx_word' id='word_1_372' title='bbox 1399 3629 1511 3688; x_wconf 89' lang='lat' dir='ltr'><strong>bellum</strong></span> 
     </span>
     <span class='ocr_line' id='line_1_39' title="bbox 156 3714 942 3791; baseline -0.003 -16"><span class='ocrx_word' id='word_1_373' title='bbox 156 3714 304 3776; x_wconf 85' lang='lat' dir='ltr'><strong>exitiabile</strong></span> <span class='ocrx_word' id='word_1_374' title='bbox 328 3717 427 3789; x_wconf 91' lang='lat' dir='ltr'><strong>reique</strong></span> <span class='ocrx_word' id='word_1_375' title='bbox 450 3715 585 3791; x_wconf 89' lang='lat' dir='ltr'><strong>publicae</strong></span> <span class='ocrx_word' id='word_1_376' title='bbox 608 3715 754 3776; x_wconf 89' lang='lat' dir='ltr'><strong>Judaicae</strong></span> <span class='ocrx_word' id='word_1_377' title='bbox 776 3719 942 3776; x_wconf 87' lang='lat' dir='ltr'><strong>internecio.</strong></span> 
     </span>
    </p>

    <p class='ocr_par' dir='ltr' id='par_1_8' title="bbox 156 3801 1511 4406">
     <span class='ocr_line' id='line_1_40' title="bbox 261 3801 1511 3879; baseline 0.004 -20"><span class='ocrx_word' id='word_1_378' title='bbox 261 3802 354 3878; x_wconf 87' lang='lat' dir='ltr'><strong>Igitur</strong></span> <span class='ocrx_word' id='word_1_379' title='bbox 376 3809 510 3879; x_wconf 88' lang='lat' dir='ltr'><strong>apparet,</strong></span> <span class='ocrx_word' id='word_1_380' title='bbox 546 3801 625 3879; x_wconf 93' lang='lat' dir='ltr'><strong>quod</strong></span> <span class='ocrx_word' id='word_1_381' title='bbox 648 3807 731 3879; x_wconf 91' lang='lat' dir='ltr'><strong>coepi</strong></span> <span class='ocrx_word' id='word_1_382' title='bbox 755 3802 865 3871; x_wconf 84' lang='lat' dir='ltr'><strong>dicere,</strong></span> <span class='ocrx_word' id='word_1_383' title='bbox 896 3803 1055 3863; x_wconf 89' lang='lat' dir='ltr'><strong>secuudum</strong></span> <span class='ocrx_word' id='word_1_384' title='bbox 1078 3803 1156 3862; x_wconf 91' lang='lat' dir='ltr'><strong>huuc</strong></span> <span class='ocrx_word' id='word_1_385' title='bbox 1178 3820 1243 3862; x_wconf 89' lang='lat' dir='ltr'><strong>csse</strong></span> <span class='ocrx_word' id='word_1_386' title='bbox 1266 3802 1352 3862; x_wconf 88' lang='lat' dir='ltr'><strong>finem</strong></span> <span class='ocrx_word' id='word_1_387' title='bbox 1376 3811 1511 3864; x_wconf 84' lang='lat' dir='ltr'><strong>cometae</strong></span> 
     </span>
     <span class='ocr_line' id='line_1_41' title="bbox 157 3889 1509 3966; baseline 0 -18"><span class='ocrx_word' id='word_1_388' title='bbox 157 3892 186 3948; x_wconf 91' lang='lat' dir='ltr'><strong>iu</strong></span> <span class='ocrx_word' id='word_1_389' title='bbox 210 3890 292 3948; x_wconf 90' lang='lat' dir='ltr'><strong>coelo</strong></span> <span class='ocrx_word' id='word_1_390' title='bbox 316 3889 452 3964; x_wconf 89' lang='lat' dir='ltr'><strong>exhibiti,</strong></span> <span class='ocrx_word' id='word_1_391' title='bbox 489 3897 521 3948; x_wconf 89' lang='lat' dir='ltr'><strong>ut</strong></span> <span class='ocrx_word' id='word_1_392' title='bbox 542 3898 677 3964; x_wconf 88' lang='lat' dir='ltr'><strong>testetur,</strong></span> <span class='ocrx_word' id='word_1_393' title='bbox 713 3909 777 3951; x_wconf 84' lang='lat' dir='ltr'><strong>esse</strong></span> <span class='ocrx_word' id='word_1_394' title='bbox 801 3893 911 3962; x_wconf 88' lang='lat' dir='ltr'><strong>Deum,</strong></span> <span class='ocrx_word' id='word_1_395' title='bbox 947 3894 997 3964; x_wconf 91' lang='lat' dir='ltr'><strong>qui</strong></span> <span class='ocrx_word' id='word_1_396' title='bbox 1019 3891 1116 3948; x_wconf 87' lang='lat' dir='ltr'><strong>lutura</strong></span> <span class='ocrx_word' id='word_1_397' title='bbox 1138 3889 1306 3966; x_wconf 87' lang='lat' dir='ltr'><strong>provideat,</strong></span> <span class='ocrx_word' id='word_1_398' title='bbox 1341 3893 1509 3964; x_wconf 88' lang='lat' dir='ltr'><strong>annunciet,</strong></span> 
     </span>
     <span class='ocr_line' id='line_1_42' title="bbox 157 3977 1510 4054; baseline 0.001 -18"><span class='ocrx_word' id='word_1_399' title='bbox 157 3979 313 4037; x_wconf 89' lang='lat' dir='ltr'><strong>infortunia</strong></span> <span class='ocrx_word' id='word_1_400' title='bbox 330 3979 486 4053; x_wconf 88' lang='lat' dir='ltr'><strong>permittat,</strong></span> <span class='ocrx_word' id='word_1_401' title='bbox 512 3977 634 4052; x_wconf 91' lang='lat' dir='ltr'><strong>ordinet,</strong></span> <span class='ocrx_word' id='word_1_402' title='bbox 659 3978 831 4051; x_wconf 89' lang='lat' dir='ltr'><strong>moderatur,</strong></span> <span class='ocrx_word' id='word_1_403' title='bbox 856 3983 997 4050; x_wconf 86' lang='lat' dir='ltr'><strong>co&#39;e&#39;rueat,</strong></span> <span class='ocrx_word' id='word_1_404' title='bbox 1021 3994 1080 4052; x_wconf 91' lang='lat' dir='ltr'><strong>quo</strong></span> <span class='ocrx_word' id='word_1_405' title='bbox 1102 3979 1248 4054; x_wconf 89' lang='lat' dir='ltr'><strong>epicuraei</strong></span> <span class='ocrx_word' id='word_1_406' title='bbox 1264 3986 1293 4037; x_wconf 90' lang='lat' dir='ltr'><strong>et</strong></span> <span class='ocrx_word' id='word_1_407' title='bbox 1309 3978 1388 4037; x_wconf 87' lang='lat' dir='ltr'><strong>athei</strong></span> <span class='ocrx_word' id='word_1_408' title='bbox 1404 3982 1510 4038; x_wconf 90' lang='lat' dir='ltr'><strong>erroris</strong></span> 
     </span>
     <span class='ocr_line' id='line_1_43' title="bbox 157 4064 1510 4142; baseline 0 -16"><span class='ocrx_word' id='word_1_409' title='bbox 157 4066 385 4137; x_wconf 88' lang='lat' dir='ltr'><strong>admoneantur,</strong></span> <span class='ocrx_word' id='word_1_410' title='bbox 412 4065 554 4123; x_wconf 91' lang='lat' dir='ltr'><strong>malorum</strong></span> <span class='ocrx_word' id='word_1_411' title='bbox 585 4065 735 4124; x_wconf 89' lang='lat' dir='ltr'><strong>architecti</strong></span> <span class='ocrx_word' id='word_1_412' title='bbox 765 4064 1015 4142; x_wconf 84' lang='lat' dir='ltr'><strong>cupiditatumque</strong></span> <span class='ocrx_word' id='word_1_413' title='bbox 1046 4066 1192 4141; x_wconf 90' lang='lat' dir='ltr'><strong>mancipia</strong></span> <span class='ocrx_word' id='word_1_414' title='bbox 1214 4065 1251 4124; x_wconf 90' lang='lat' dir='ltr'><strong>ad</strong></span> <span class='ocrx_word' id='word_1_415' title='bbox 1275 4065 1510 4126; x_wconf 87' lang='lat' dir='ltr'><strong>emendationem</strong></span> 
     </span>
     <span class='ocr_line' id='line_1_44' title="bbox 156 4151 1510 4230; baseline 0 -17"><span class='ocrx_word' id='word_1_416' title='bbox 156 4156 236 4213; x_wconf 92' lang='lat' dir='ltr'><strong>vitac</strong></span> <span class='ocrx_word' id='word_1_417' title='bbox 258 4151 460 4229; x_wconf 88' lang='lat' dir='ltr'><strong>malorumque</strong></span> <span class='ocrx_word' id='word_1_418' title='bbox 491 4153 673 4211; x_wconf 89' lang='lat' dir='ltr'><strong>aversionem</strong></span> <span class='ocrx_word' id='word_1_419' title='bbox 697 4162 850 4226; x_wconf 92' lang='lat' dir='ltr'><strong>vocentur,</strong></span> <span class='ocrx_word' id='word_1_420' title='bbox 885 4152 1056 4229; x_wconf 87' lang='lat' dir='ltr'><strong>pusillorum</strong></span> <span class='ocrx_word' id='word_1_421' title='bbox 1080 4169 1149 4211; x_wconf 90' lang='lat' dir='ltr'><strong>vero</strong></span> <span class='ocrx_word' id='word_1_422' title='bbox 1173 4161 1203 4211; x_wconf 91' lang='lat' dir='ltr'><strong>et</strong></span> <span class='ocrx_word' id='word_1_423' title='bbox 1224 4170 1384 4230; x_wconf 89' lang='lat' dir='ltr'><strong>pauperum</strong></span> <span class='ocrx_word' id='word_1_424' title='bbox 1408 4161 1510 4213; x_wconf 90' lang='lat' dir='ltr'><strong>coetus</strong></span> 
     </span>
     <span class='ocr_line' id='line_1_45' title="bbox 157 4239 1510 4318; baseline 0 -17"><span class='ocrx_word' id='word_1_425' title='bbox 157 4244 279 4318; x_wconf 90' lang='lat' dir='ltr'><strong>exiguus</strong></span> <span class='ocrx_word' id='word_1_426' title='bbox 307 4239 413 4299; x_wconf 89' lang='lat' dir='ltr'><strong>solatio</strong></span> <span class='ocrx_word' id='word_1_427' title='bbox 444 4240 571 4300; x_wconf 88' lang='lat' dir='ltr'><strong>firmetur</strong></span> <span class='ocrx_word' id='word_1_428' title='bbox 600 4248 630 4299; x_wconf 91' lang='lat' dir='ltr'><strong>et</strong></span> <span class='ocrx_word' id='word_1_429' title='bbox 657 4239 694 4298; x_wconf 92' lang='lat' dir='ltr'><strong>ad</strong></span> <span class='ocrx_word' id='word_1_430' title='bbox 724 4243 866 4317; x_wconf 86' lang='lat' dir='ltr'><strong>patienter</strong></span> <span class='ocrx_word' id='word_1_431' title='bbox 893 4239 1041 4299; x_wconf 89' lang='lat' dir='ltr'><strong>ferendam</strong></span> <span class='ocrx_word' id='word_1_432' title='bbox 1069 4240 1223 4314; x_wconf 88' lang='lat' dir='ltr'><strong>benignam</strong></span> <span class='ocrx_word' id='word_1_433' title='bbox 1247 4240 1302 4298; x_wconf 89' lang='lat' dir='ltr'><strong>Dei</strong></span> <span class='ocrx_word' id='word_1_434' title='bbox 1326 4240 1510 4301; x_wconf 87' lang='lat' dir='ltr'><strong>voluntatem</strong></span> 
     </span>
     <span class='ocr_line' id='line_1_46' title="bbox 156 4329 461 4406; baseline -0.016 -16"><span class='ocrx_word' id='word_1_435' title='bbox 156 4334 284 4390; x_wconf 90' lang='lat' dir='ltr'><strong>animum</strong></span> <span class='ocrx_word' id='word_1_436' title='bbox 308 4329 461 4406; x_wconf 87' lang='lat' dir='ltr'><strong>concipiat.</strong></span> 
     </span>
    </p>

    <p class='ocr_par' dir='ltr' id='par_1_9' title="bbox 157 4413 1510 4842">
     <span class='ocr_line' id='line_1_47' title="bbox 260 4413 1508 4492; baseline -0.002 -18"><span class='ocrx_word' id='word_1_437' title='bbox 260 4416 370 4475; x_wconf 85' lang='lat' dir='ltr'><strong>Verum</strong></span> <span class='ocrx_word' id='word_1_438' title='bbox 387 4415 514 4492; x_wconf 90' lang='lat' dir='ltr'><strong>quidem,</strong></span> <span class='ocrx_word' id='word_1_439' title='bbox 538 4432 595 4473; x_wconf 93' lang='lat' dir='ltr'><strong>uou</strong></span> <span class='ocrx_word' id='word_1_440' title='bbox 617 4414 755 4489; x_wconf 91' lang='lat' dir='ltr'><strong>quicquid</strong></span> <span class='ocrx_word' id='word_1_441' title='bbox 779 4416 908 4490; x_wconf 89' lang='lat' dir='ltr'><strong>proxime</strong></span> <span class='ocrx_word' id='word_1_442' title='bbox 932 4414 1047 4473; x_wconf 88' lang='lat' dir='ltr'><strong>eveniet</strong></span> <span class='ocrx_word' id='word_1_443' title='bbox 1069 4420 1200 4472; x_wconf 90' lang='lat' dir='ltr'><strong>cometae</strong></span> <span class='ocrx_word' id='word_1_444' title='bbox 1222 4413 1291 4472; x_wconf 92' lang='lat' dir='ltr'><strong>buic</strong></span> <span class='ocrx_word' id='word_1_445' title='bbox 1312 4413 1508 4483; x_wconf 90' lang='lat' dir='ltr'><strong>tribuendum,</strong></span> 
     </span>
     <span class='ocr_line' id='line_1_48' title="bbox 158 4501 1510 4581; baseline -0.001 -18"><span class='ocrx_word' id='word_1_446' title='bbox 158 4512 187 4564; x_wconf 89' lang='lat' dir='ltr'><strong>et</strong></span> <span class='ocrx_word' id='word_1_447' title='bbox 215 4502 389 4581; x_wconf 89' lang='lat' dir='ltr'><strong>praevideo,</strong></span> <span class='ocrx_word' id='word_1_448' title='bbox 424 4502 532 4578; x_wconf 85' lang='lat' dir='ltr'><strong>vulgus</strong></span> <span class='ocrx_word' id='word_1_449' title='bbox 559 4502 709 4560; x_wconf 90' lang='lat' dir='ltr'><strong>homiuum</strong></span> <span class='ocrx_word' id='word_1_450' title='bbox 740 4505 814 4561; x_wconf 88' lang='lat' dir='ltr'><strong>eirca</strong></span> <span class='ocrx_word' id='word_1_451' title='bbox 842 4501 984 4579; x_wconf 87' lang='lat' dir='ltr'><strong>speciales</strong></span> <span class='ocrx_word' id='word_1_452' title='bbox 1014 4502 1132 4560; x_wconf 86' lang='lat' dir='ltr'><strong>effectus</strong></span> <span class='ocrx_word' id='word_1_453' title='bbox 1164 4508 1294 4560; x_wconf 88' lang='lat' dir='ltr'><strong>cornetae</strong></span> <span class='ocrx_word' id='word_1_454' title='bbox 1320 4502 1349 4557; x_wconf 91' lang='lat' dir='ltr'><strong>iu</strong></span> <span class='ocrx_word' id='word_1_455' title='bbox 1374 4504 1510 4561; x_wconf 87' lang='lat' dir='ltr'><strong>maximis</strong></span> 
     </span>
     <span class='ocr_line' id='line_1_49' title="bbox 157 4587 1508 4666; baseline -0.001 -18"><span class='ocrx_word' id='word_1_456' title='bbox 157 4599 338 4650; x_wconf 89' lang='lat' dir='ltr'><strong>versaturum</strong></span> <span class='ocrx_word' id='word_1_457' title='bbox 363 4591 519 4662; x_wconf 89' lang='lat' dir='ltr'><strong>erroribus,</strong></span> <span class='ocrx_word' id='word_1_458' title='bbox 553 4588 748 4665; x_wconf 89' lang='lat' dir='ltr'><strong>quodcunque</strong></span> <span class='ocrx_word' id='word_1_459' title='bbox 771 4592 902 4666; x_wconf 84' lang='lat' dir='ltr'><strong>proxima</strong></span> <span class='ocrx_word' id='word_1_460' title='bbox 927 4606 988 4647; x_wconf 88' lang='lat' dir='ltr'><strong>sors</strong></span> <span class='ocrx_word' id='word_1_461' title='bbox 1011 4587 1123 4659; x_wconf 87' lang='lat' dir='ltr'><strong>tulerit,</strong></span> <span class='ocrx_word' id='word_1_462' title='bbox 1158 4595 1288 4646; x_wconf 90' lang='lat' dir='ltr'><strong>cometae</strong></span> <span class='ocrx_word' id='word_1_463' title='bbox 1311 4588 1508 4663; x_wconf 89' lang='lat' dir='ltr'><strong>tribuendum,</strong></span> 
     </span>
     <span class='ocr_line' id='line_1_50' title="bbox 158 4671 1507 4755; baseline -0.001 -19"><span class='ocrx_word' id='word_1_464' title='bbox 158 4695 211 4737; x_wconf 93' lang='lat' dir='ltr'><strong>seu</strong></span> <span class='ocrx_word' id='word_1_465' title='bbox 233 4676 343 4737; x_wconf 88' lang='lat' dir='ltr'><strong>bellum</strong></span> <span class='ocrx_word' id='word_1_466' title='bbox 365 4694 489 4751; x_wconf 90' lang='lat' dir='ltr'><strong>novum,</strong></span> <span class='ocrx_word' id='word_1_467' title='bbox 512 4693 565 4735; x_wconf 92' lang='lat' dir='ltr'><strong>seu</strong></span> <span class='ocrx_word' id='word_1_468' title='bbox 587 4681 755 4752; x_wconf 87' lang='lat' dir='ltr'><strong>magnatum</strong></span> <span class='ocrx_word' id='word_1_469' title='bbox 778 4679 924 4739; x_wconf 88' lang='lat' dir='ltr'><strong>interitus.</strong></span> <span class='ocrx_word' id='word_1_470' title='bbox 954 4693 1006 4735; x_wconf 90' lang='lat' dir='ltr'><strong>seu</strong></span> <span class='ocrx_word' id='word_1_471' title='bbox 1030 4674 1101 4751; x_wconf 93' lang='lat' dir='ltr'><strong>quid</strong></span> <span class='ocrx_word' id='word_1_472' title='bbox 1124 4674 1204 4733; x_wconf 91' lang='lat' dir='ltr'><strong>aliud</strong></span> <span class='ocrx_word' id='word_1_473' title='bbox 1226 4675 1351 4732; x_wconf 89' lang='lat' dir='ltr'><strong>futurum</strong></span> <span class='ocrx_word' id='word_1_474' title='bbox 1377 4688 1420 4734; x_wconf 88' lang='lat' dir='ltr'><strong>est</strong></span> <span class='ocrx_word' id='word_1_475' title='bbox 1443 4671 1507 4755; x_wconf 86' lang='lat'>(¹¹).</span> 
     </span>
     <span class='ocr_line' id='line_1_51' title="bbox 159 4761 1508 4842; baseline -0.001 -18"><span class='ocrx_word' id='word_1_476' title='bbox 159 4763 209 4824; x_wconf 84' lang='lat' dir='ltr'><strong>Sic</strong></span> <span class='ocrx_word' id='word_1_477' title='bbox 231 4767 338 4826; x_wconf 82' lang='lat' dir='ltr'><strong>amavit</strong></span> <span class='ocrx_word' id='word_1_478' title='bbox 360 4773 390 4826; x_wconf 88' lang='lat' dir='ltr'><strong>et</strong></span> <span class='ocrx_word' id='word_1_479' title='bbox 412 4765 523 4826; x_wconf 87' lang='lat' dir='ltr'><strong>Seneca</strong></span> <span class='ocrx_word' id='word_1_480' title='bbox 546 4763 622 4824; x_wconf 90' lang='lat' dir='ltr'><strong>circa</strong></span> <span class='ocrx_word' id='word_1_481' title='bbox 646 4771 777 4824; x_wconf 89' lang='lat' dir='ltr'><strong>cometae</strong></span> <span class='ocrx_word' id='word_1_482' title='bbox 799 4764 958 4825; x_wconf 88' lang='lat' dir='ltr'><strong>Neroniani</strong></span> <span class='ocrx_word' id='word_1_483' title='bbox 980 4763 1123 4842; x_wconf 88' lang='lat' dir='ltr'><strong>speciales</strong></span> <span class='ocrx_word' id='word_1_484' title='bbox 1147 4761 1390 4839; x_wconf 83' lang='lat' dir='ltr'><strong>significationes,</strong></span> <span class='ocrx_word' id='word_1_485' title='bbox 1418 4763 1508 4839; x_wconf 89' lang='lat' dir='ltr'><strong>idque</strong></span> 
     </span>
    </p>
   </div>
   <div class='ocr_carea' id='block_1_7' title="bbox 0 0 1658 5520">
    <p class='ocr_par' dir='ltr' id='par_1_10' title="bbox 0 0 1658 5520">
     <span class='ocr_line' id='line_1_52' title="bbox 0 0 1658 5520; baseline 0 0"><span class='ocrx_word' id='word_1_486' title='bbox 0 0 1658 5520; x_wconf 95' lang='lat' dir='ltr'><strong> </strong></span> 
     </span>
    </p>
   </div>
  </div>
 </body>
</html>
