<?xml version="1.0" encoding="UTF-8"?>
<!DOCTYPE html PUBLIC "-//W3C//DTD XHTML 1.0 Transitional//EN"
    "http://www.w3.org/TR/xhtml1/DTD/xhtml1-transitional.dtd">
<html xmlns="http://www.w3.org/1999/xhtml" xml:lang="en" lang="en">
 <head>
  <title>
</title>
<meta http-equiv="Content-Type" content="text/html;charset=utf-8" />
  <meta name='ocr-system' content='tesseract 3.04.00' />
  <meta name='ocr-capabilities' content='ocr_page ocr_carea ocr_par ocr_line ocrx_word'/>
</head>
<body>
  <div class='ocr_page' id='page_1' title='image "./joanniskepleria07frisgoog/joanniskepleria07frisgoog_0566.png"; bbox 0 0 3284 5520; ppageno 0'>
   <div class='ocr_carea' id='block_1_1' title="bbox 609 381 1491 480">
    <p class='ocr_par' dir='ltr' id='par_1_1' title="bbox 609 381 1491 480">
     <span class='ocr_line' id='line_1_1' title="bbox 609 381 1491 480; baseline -0.001 -14"><span class='ocrx_word' id='word_1_1' title='bbox 609 405 770 480; x_wconf 76' lang='lat' dir='ltr'><strong>Ephemeris</strong></span> <span class='ocrx_word' id='word_1_2' title='bbox 788 403 824 463; x_wconf 83' lang='lat' dir='ltr'><strong>ed</strong></span> <span class='ocrx_word' id='word_1_3' title='bbox 841 381 940 463; x_wconf 79' lang='lat' dir='ltr'><strong>annum</strong></span> <span class='ocrx_word' id='word_1_4' title='bbox 957 402 1036 463; x_wconf 74' lang='lat' dir='ltr'><strong>test.</strong></span> <span class='ocrx_word' id='word_1_5' title='bbox 1428 396 1491 467; x_wconf 74' lang='lat'><strong>547</strong></span> 
     </span>
    </p>
   </div>
   <div class='ocr_carea' id='block_1_2' title="bbox 137 573 1502 3668">
    <p class='ocr_par' dir='ltr' id='par_1_2' title="bbox 137 573 1498 2315">
     <span class='ocr_line' id='line_1_2' title="bbox 138 573 1493 654; baseline -0.008 -15"><span class='ocrx_word' id='word_1_6' title='bbox 138 583 285 654; x_wconf 90' lang='lat' dir='ltr'><strong>opiniones</strong></span> <span class='ocrx_word' id='word_1_7' title='bbox 303 583 412 639; x_wconf 90' lang='lat' dir='ltr'><strong>illorum</strong></span> <span class='ocrx_word' id='word_1_8' title='bbox 430 596 485 637; x_wconf 89' lang='lat' dir='ltr'><strong>non</strong></span> <span class='ocrx_word' id='word_1_9' title='bbox 503 588 605 641; x_wconf 84' lang='lat' dir='ltr'><strong>tenear.</strong></span> <span class='ocrx_word' id='word_1_10' title='bbox 625 588 660 640; x_wconf 81' lang='lat'><strong>.·.</strong></span> <span class='ocrx_word' id='word_1_11' title='bbox 681 623 688 638; x_wconf 91' lang='lat'><strong>.</strong></span> <span class='ocrx_word' id='word_1_12' title='bbox 709 623 716 638; x_wconf 90' lang='lat'><strong><em>.</em></strong></span> <span class='ocrx_word' id='word_1_13' title='bbox 751 580 835 635; x_wconf 85' lang='lat' dir='ltr'><strong>Forte</strong></span> <span class='ocrx_word' id='word_1_14' title='bbox 856 585 888 634; x_wconf 94' lang='lat' dir='ltr'><strong>tu</strong></span> <span class='ocrx_word' id='word_1_15' title='bbox 911 578 1018 647; x_wconf 89' lang='lat' dir='ltr'><strong>quidem</strong></span> <span class='ocrx_word' id='word_1_16' title='bbox 1036 576 1190 649; x_wconf 85' lang='lat' dir='ltr'><strong>Tycbonem</strong></span> <span class='ocrx_word' id='word_1_17' title='bbox 1209 574 1340 631; x_wconf 87' lang='lat' dir='ltr'><strong>minutula</strong></span> <span class='ocrx_word' id='word_1_18' title='bbox 1357 573 1493 631; x_wconf 89' lang='lat' dir='ltr'><strong>interdum</strong></span> 
     </span>
     <span class='ocr_line' id='line_1_3' title="bbox 139 655 1494 742; baseline -0.009 -23"><span class='ocrx_word' id='word_1_19' title='bbox 139 663 279 733; x_wconf 80' lang='lat' dir='ltr'><strong>serpsisti,</strong></span> <span class='ocrx_word' id='word_1_20' title='bbox 296 677 389 718; x_wconf 77' lang='lat' dir='ltr'><strong>rerum</strong></span> <span class='ocrx_word' id='word_1_21' title='bbox 406 662 466 733; x_wconf 90' lang='lat' dir='ltr'><strong>ipse</strong></span> <span class='ocrx_word' id='word_1_22' title='bbox 484 676 593 732; x_wconf 92' lang='lat' dir='ltr'><strong>quoqne</strong></span> <span class='ocrx_word' id='word_1_23' title='bbox 610 661 707 716; x_wconf 91' lang='lat' dir='ltr'><strong>laetari</strong></span> <span class='ocrx_word' id='word_1_24' title='bbox 724 659 845 729; x_wconf 78' lang='lat' dir='ltr'>deberet,</span> <span class='ocrx_word' id='word_1_25' title='bbox 864 659 888 715; x_wconf 90' lang='lat' dir='ltr'><strong>si</strong></span> <span class='ocrx_word' id='word_1_26' title='bbox 903 658 1037 714; x_wconf 83' lang='lat' dir='ltr'><strong>redivivus</strong></span> <span class='ocrx_word' id='word_1_27' title='bbox 1050 659 1199 725; x_wconf 79' lang='lat' dir='ltr'><strong>sisteretur,</strong></span> <span class='ocrx_word' id='word_1_28' title='bbox 1218 655 1393 725; x_wconf 90' lang='lat' dir='ltr'><strong>plurimarum</strong></span> <span class='ocrx_word' id='word_1_29' title='bbox 1405 668 1494 742; x_wconf 80' lang='lat' dir='ltr'><strong>rerum</strong></span> 
     </span>
     <span class='ocr_line' id='line_1_4' title="bbox 140 731 1495 814; baseline -0.01 -17"><span class='ocrx_word' id='word_1_30' title='bbox 140 757 159 797; x_wconf 88' lang='grc' dir='ltr'><strong>ι</strong></span> <span class='ocrx_word' id='word_1_31' title='bbox 177 750 207 797; x_wconf 86' lang='grc' dir='ltr'><strong>ιι</strong></span> <span class='ocrx_word' id='word_1_32' title='bbox 225 743 353 814; x_wconf 90' lang='lat' dir='ltr'><strong>monitus,</strong></span> <span class='ocrx_word' id='word_1_33' title='bbox 372 742 406 798; x_wconf 90' lang='lat' dir='ltr'><strong>ad</strong></span> <span class='ocrx_word' id='word_1_34' title='bbox 426 757 494 811; x_wconf 91' lang='lat' dir='ltr'><strong>quas</strong></span> <span class='ocrx_word' id='word_1_35' title='bbox 512 743 577 798; x_wconf 90' lang='lat' dir='ltr'><strong>satis</strong></span> <span class='ocrx_word' id='word_1_36' title='bbox 596 758 651 798; x_wconf 92' lang='lat' dir='ltr'><strong>non</strong></span> <span class='ocrx_word' id='word_1_37' title='bbox 669 739 839 798; x_wconf 88' lang='lat' dir='ltr'><strong>attendisset.</strong></span> <span class='ocrx_word' id='word_1_38' title='bbox 877 740 948 795; x_wconf 85' lang='lat' dir='ltr'><strong>Cura</strong></span> <span class='ocrx_word' id='word_1_39' title='bbox 965 736 1091 809; x_wconf 86' lang='lat' dir='ltr'><strong>proinde,</strong></span> <span class='ocrx_word' id='word_1_40' title='bbox 1110 737 1146 791; x_wconf 91' lang='lat' dir='ltr'><strong>mi</strong></span> <span class='ocrx_word' id='word_1_41' title='bbox 1165 734 1306 803; x_wconf 80' lang='lat' dir='ltr'><strong>Hortensi,</strong></span> <span class='ocrx_word' id='word_1_42' title='bbox 1324 741 1354 790; x_wconf 90' lang='lat' dir='ltr'><strong>ut</strong></span> <span class='ocrx_word' id='word_1_43' title='bbox 1371 731 1495 802; x_wconf 82' lang='lat' dir='ltr'><strong>Tycham</strong></span> 
     </span>
     <span class='ocr_line' id='line_1_5' title="bbox 138 811 1494 893; baseline -0.01 -16"><span class='ocrx_word' id='word_1_44' title='bbox 138 836 208 877; x_wconf 85' lang='lat' dir='ltr'><strong>suns</strong></span> <span class='ocrx_word' id='word_1_45' title='bbox 225 823 321 893; x_wconf 87' lang='lat' dir='ltr'><strong>honor,</strong></span> <span class='ocrx_word' id='word_1_46' title='bbox 340 838 420 892; x_wconf 87' lang='lat' dir='ltr'><strong>quam</strong></span> <span class='ocrx_word' id='word_1_47' title='bbox 438 822 540 893; x_wconf 89' lang='lat' dir='ltr'><strong>poterit</strong></span> <span class='ocrx_word' id='word_1_48' title='bbox 557 825 679 892; x_wconf 87' lang='lat' dir='ltr'><strong>maguus,</strong></span> <span class='ocrx_word' id='word_1_49' title='bbox 698 835 805 890; x_wconf 85' lang='lat' dir='ltr'><strong>semper</strong></span> <span class='ocrx_word' id='word_1_50' title='bbox 821 818 999 887; x_wconf 90' lang='lat' dir='ltr'><strong>relinquatur.</strong></span> <span class='ocrx_word' id='word_1_51' title='bbox 1030 817 1108 872; x_wconf 81' lang='lat' dir='ltr'><strong>Atlas</strong></span> <span class='ocrx_word' id='word_1_52' title='bbox 1126 814 1249 886; x_wconf 92' lang='lat' dir='ltr'><strong>profecto</strong></span> <span class='ocrx_word' id='word_1_53' title='bbox 1266 812 1312 867; x_wconf 89' lang='lat' dir='ltr'><strong>ille</strong></span> <span class='ocrx_word' id='word_1_54' title='bbox 1330 811 1383 867; x_wconf 87' lang='lat' dir='ltr'><strong>fuit</strong></span> <span class='ocrx_word' id='word_1_55' title='bbox 1394 811 1494 879; x_wconf 92' lang='lat' dir='ltr'><strong>ipsum·</strong></span> 
     </span>
     <span class='ocr_line' id='line_1_6' title="bbox 138 892 1493 971; baseline -0.01 -15"><span class='ocrx_word' id='word_1_56' title='bbox 138 915 195 971; x_wconf 86' lang='lat' dir='ltr'><strong>que</strong></span> <span class='ocrx_word' id='word_1_57' title='bbox 212 906 291 969; x_wconf 63' lang='lat' dir='ltr'><strong>mata</strong></span> <span class='ocrx_word' id='word_1_58' title='bbox 307 901 495 957; x_wconf 81' lang='lat' dir='ltr'><strong>recordatione</strong></span> <span class='ocrx_word' id='word_1_59' title='bbox 513 900 617 970; x_wconf 86' lang='lat' dir='ltr'><strong>posteri</strong></span> <span class='ocrx_word' id='word_1_60' title='bbox 635 914 728 954; x_wconf 91' lang='lat' dir='ltr'><strong>omnes</strong></span> <span class='ocrx_word' id='word_1_61' title='bbox 745 905 954 967; x_wconf 85' lang='lat' dir='ltr'><strong>prosequentur.</strong></span> <span class='ocrx_word' id='word_1_62' title='bbox 992 895 1078 963; x_wconf 82' lang='lat' dir='ltr'><strong>Quam</strong></span> <span class='ocrx_word' id='word_1_63' title='bbox 1103 895 1138 950; x_wconf 96' lang='lat' dir='ltr'><strong>ob</strong></span> <span class='ocrx_word' id='word_1_64' title='bbox 1159 909 1216 949; x_wconf 91' lang='lat' dir='ltr'><strong>rem</strong></span> <span class='ocrx_word' id='word_1_65' title='bbox 1235 892 1324 947; x_wconf 89' lang='lat' dir='ltr'><strong>danda</strong></span> <span class='ocrx_word' id='word_1_66' title='bbox 1342 895 1493 959; x_wconf 87' lang='lat' dir='ltr'><strong>operaest,</strong></span> 
     </span>
     <span class='ocr_line' id='line_1_7' title="bbox 137 969 1494 1047; baseline -0.007 -14"><span class='ocrx_word' id='word_1_67' title='bbox 137 993 176 1034; x_wconf 90' lang='lat' dir='ltr'><strong>ne</strong></span> <span class='ocrx_word' id='word_1_68' title='bbox 188 978 217 1034; x_wconf 91' lang='lat' dir='ltr'><strong>iu</strong></span> <span class='ocrx_word' id='word_1_69' title='bbox 231 978 307 1034; x_wconf 88' lang='lat' dir='ltr'><strong>illum</strong></span> <span class='ocrx_word' id='word_1_70' title='bbox 319 979 359 1034; x_wconf 90' lang='lat' dir='ltr'><strong>sic</strong></span> <span class='ocrx_word' id='word_1_71' title='bbox 371 980 507 1047; x_wconf 78' lang='lat' dir='ltr'><strong>invehere,</strong></span> <span class='ocrx_word' id='word_1_72' title='bbox 526 984 557 1033; x_wconf 89' lang='lat' dir='ltr'><strong>ut</strong></span> <span class='ocrx_word' id='word_1_73' title='bbox 568 992 666 1032; x_wconf 89' lang='lat' dir='ltr'><strong>nomen</strong></span> <span class='ocrx_word' id='word_1_74' title='bbox 680 975 777 1031; x_wconf 84' lang='lat' dir='ltr'><strong>eximie</strong></span> <span class='ocrx_word' id='word_1_75' title='bbox 790 972 969 1029; x_wconf 89' lang='lat' dir='ltr'><strong>commacules</strong></span> <span class='ocrx_word' id='word_1_76' title='bbox 982 980 1066 1030; x_wconf 87' lang='lat' dir='ltr'><strong>tuam.</strong></span> <span class='ocrx_word' id='word_1_77' title='bbox 1096 975 1235 1043; x_wconf 89' lang='lat' dir='ltr'><strong>Deceptus</strong></span> <span class='ocrx_word' id='word_1_78' title='bbox 1247 970 1329 1026; x_wconf 87' lang='lat' dir='ltr'><strong>fuerit</strong></span> <span class='ocrx_word' id='word_1_79' title='bbox 1341 969 1494 1039; x_wconf 81' lang='lat' dir='ltr'><strong>aliquoties,</strong></span> 
     </span>
     <span class='ocr_line' id='line_1_8' title="bbox 137 1050 1495 1127; baseline -0.008 -14"><span class='ocrx_word' id='word_1_80' title='bbox 137 1064 169 1114; x_wconf 83' lang='lat' dir='ltr'><strong>at</strong></span> <span class='ocrx_word' id='word_1_81' title='bbox 188 1065 290 1127; x_wconf 88' lang='lat' dir='ltr'><strong>quanta</strong></span> <span class='ocrx_word' id='word_1_82' title='bbox 308 1058 418 1127; x_wconf 90' lang='lat' dir='ltr'><strong>dignum</strong></span> <span class='ocrx_word' id='word_1_83' title='bbox 431 1057 670 1124; x_wconf 82' lang='lat' dir='ltr'><strong>commendatione,</strong></span> <span class='ocrx_word' id='word_1_84' title='bbox 691 1054 813 1124; x_wconf 77' lang='lat' dir='ltr'><strong>attigisse</strong></span> <span class='ocrx_word' id='word_1_85' title='bbox 824 1053 900 1108; x_wconf 92' lang='lat' dir='ltr'><strong>illum</strong></span> <span class='ocrx_word' id='word_1_86' title='bbox 914 1069 972 1109; x_wconf 92' lang='lat' dir='ltr'><strong>eam</strong></span> <span class='ocrx_word' id='word_1_87' title='bbox 985 1051 1189 1123; x_wconf 89' lang='lat' dir='ltr'><strong>praecisionem,</strong></span> <span class='ocrx_word' id='word_1_88' title='bbox 1208 1067 1289 1122; x_wconf 91' lang='lat' dir='ltr'><strong>quam</strong></span> <span class='ocrx_word' id='word_1_89' title='bbox 1299 1050 1415 1120; x_wconf 69' lang='lat' dir='ltr'><strong>maimes</strong></span> <span class='ocrx_word' id='word_1_90' title='bbox 1428 1066 1495 1104; x_wconf 90' lang='lat' dir='ltr'><strong>nua-</strong></span> 
     </span>
     <span class='ocr_line' id='line_1_9' title="bbox 139 1132 1495 1208; baseline -0.007 -16"><span class='ocrx_word' id='word_1_91' title='bbox 139 1152 224 1207; x_wconf 86' lang='lat' dir='ltr'><strong>quem</strong></span> <span class='ocrx_word' id='word_1_92' title='bbox 242 1145 392 1208; x_wconf 88' lang='lat' dir='ltr'><strong>sperarant,</strong></span> <span class='ocrx_word' id='word_1_93' title='bbox 411 1144 439 1193; x_wconf 89' lang='lat' dir='ltr'><strong>st</strong></span> <span class='ocrx_word' id='word_1_94' title='bbox 456 1144 499 1193; x_wconf 93' lang='lat' dir='ltr'><strong>tot</strong></span> <span class='ocrx_word' id='word_1_95' title='bbox 516 1136 624 1207; x_wconf 87' lang='lat' dir='ltr'><strong>quidem</strong></span> <span class='ocrx_word' id='word_1_96' title='bbox 642 1135 781 1205; x_wconf 88' lang='lat' dir='ltr'><strong>tantisque</strong></span> <span class='ocrx_word' id='word_1_97' title='bbox 793 1133 931 1205; x_wconf 87' lang='lat' dir='ltr'><strong>impensis,</strong></span> <span class='ocrx_word' id='word_1_98' title='bbox 950 1133 1056 1204; x_wconf 79' lang='lat' dir='ltr'><strong>vigiliis,</strong></span> <span class='ocrx_word' id='word_1_99' title='bbox 1073 1132 1221 1198; x_wconf 89' lang='lat' dir='ltr'><strong>laboribus,</strong></span> <span class='ocrx_word' id='word_1_100' title='bbox 1240 1137 1271 1185; x_wconf 93' lang='lat' dir='ltr'><strong>ut</strong></span> <span class='ocrx_word' id='word_1_101' title='bbox 1281 1137 1395 1198; x_wconf 88' lang='lat' dir='ltr'><strong>taceam,</strong></span> <span class='ocrx_word' id='word_1_102' title='bbox 1414 1144 1495 1199; x_wconf 91' lang='lat' dir='ltr'><strong>quam</strong></span> 
     </span>
     <span class='ocr_line' id='line_1_10' title="bbox 138 1209 1495 1283; baseline -0.004 -13"><span class='ocrx_word' id='word_1_103' title='bbox 138 1215 257 1271; x_wconf 83' lang='lat' dir='ltr'><strong>arduum</strong></span> <span class='ocrx_word' id='word_1_104' title='bbox 275 1232 307 1272; x_wconf 88' lang='lat' dir='ltr'><strong>ac</strong></span> <span class='ocrx_word' id='word_1_105' title='bbox 324 1216 459 1273; x_wconf 89' lang='lat' dir='ltr'><strong>lubricum</strong></span> <span class='ocrx_word' id='word_1_106' title='bbox 478 1217 514 1272; x_wconf 87' lang='lat' dir='ltr'><strong>sit</strong></span> <span class='ocrx_word' id='word_1_107' title='bbox 531 1212 692 1271; x_wconf 82' lang='lat' dir='ltr'><strong>observandi</strong></span> <span class='ocrx_word' id='word_1_108' title='bbox 710 1211 848 1281; x_wconf 81' lang='lat' dir='ltr'><strong>negotium</strong></span> <span class='ocrx_word' id='word_1_109' title='bbox 868 1220 895 1267; x_wconf 93' lang='lat' dir='ltr'><strong>et</strong></span> <span class='ocrx_word' id='word_1_110' title='bbox 913 1229 995 1283; x_wconf 90' lang='lat' dir='ltr'><strong>quam</strong></span> <span class='ocrx_word' id='word_1_111' title='bbox 1013 1213 1049 1268; x_wconf 92' lang='lat' dir='ltr'><strong>sit</strong></span> <span class='ocrx_word' id='word_1_112' title='bbox 1065 1211 1181 1282; x_wconf 85' lang='lat' dir='ltr'><strong>facilius,</strong></span> <span class='ocrx_word' id='word_1_113' title='bbox 1200 1211 1251 1266; x_wconf 93' lang='lat' dir='ltr'><strong>hac</strong></span> <span class='ocrx_word' id='word_1_114' title='bbox 1265 1210 1294 1264; x_wconf 92' lang='lat' dir='ltr'><strong>in</strong></span> <span class='ocrx_word' id='word_1_115' title='bbox 1306 1227 1335 1264; x_wconf 92' lang='lat' dir='ltr'><strong>re</strong></span> <span class='ocrx_word' id='word_1_116' title='bbox 1348 1209 1495 1279; x_wconf 86' lang='lat' dir='ltr'><strong>praecipue</strong></span> 
     </span>
     <span class='ocr_line' id='line_1_11' title="bbox 138 1288 1496 1366; baseline -0.007 -16"><span class='ocrx_word' id='word_1_117' title='bbox 138 1293 233 1350; x_wconf 80' lang='lat' dir='ltr'><strong>aliena</strong></span> <span class='ocrx_word' id='word_1_118' title='bbox 249 1295 462 1366; x_wconf 84' lang='lat' dir='ltr'><strong>reprehendere,</strong></span> <span class='ocrx_word' id='word_1_119' title='bbox 487 1311 567 1364; x_wconf 91' lang='lat' dir='ltr'><strong>quam</strong></span> <span class='ocrx_word' id='word_1_120' title='bbox 590 1292 703 1347; x_wconf 90' lang='lat' dir='ltr'><strong>meliora</strong></span> <span class='ocrx_word' id='word_1_121' title='bbox 721 1304 755 1344; x_wconf 82' lang='lat' dir='ltr'><strong>ex</strong></span> <span class='ocrx_word' id='word_1_122' title='bbox 774 1305 803 1346; x_wconf 89' lang='lat' dir='ltr'><strong>se</strong></span> <span class='ocrx_word' id='word_1_123' title='bbox 820 1296 969 1360; x_wconf 86' lang='lat' dir='ltr'><strong>praestare.</strong></span> <span class='ocrx_word' id='word_1_124' title='bbox 1005 1292 1065 1348; x_wconf 93' lang='lat' dir='ltr'><strong>Hoc</strong></span> <span class='ocrx_word' id='word_1_125' title='bbox 1082 1298 1114 1347; x_wconf 87' lang='lat' dir='ltr'><strong>ut</strong></span> <span class='ocrx_word' id='word_1_126' title='bbox 1131 1292 1246 1347; x_wconf 89' lang='lat' dir='ltr'><strong>amicum</strong></span> <span class='ocrx_word' id='word_1_127' title='bbox 1264 1291 1398 1345; x_wconf 89' lang='lat' dir='ltr'><strong>sincerum</strong></span> <span class='ocrx_word' id='word_1_128' title='bbox 1417 1288 1496 1343; x_wconf 90' lang='lat' dir='ltr'><strong>decet</strong></span> 
     </span>
     <span class='ocr_line' id='line_1_12' title="bbox 139 1369 1496 1441; baseline -0.006 -13"><span class='ocrx_word' id='word_1_129' title='bbox 139 1389 173 1429; x_wconf 85' lang='lat' dir='ltr'><strong>ec</strong></span> <span class='ocrx_word' id='word_1_130' title='bbox 193 1373 221 1428; x_wconf 90' lang='lat' dir='ltr'><strong>in</strong></span> <span class='ocrx_word' id='word_1_131' title='bbox 239 1389 332 1429; x_wconf 88' lang='lat' dir='ltr'><strong>aurem</strong></span> <span class='ocrx_word' id='word_1_132' title='bbox 351 1372 453 1429; x_wconf 91' lang='lat' dir='ltr'><strong>dictum</strong></span> <span class='ocrx_word' id='word_1_133' title='bbox 469 1373 539 1431; x_wconf 80' lang='lat' dir='ltr'><strong>solo.</strong></span> <span class='ocrx_word' id='word_1_134' title='bbox 575 1372 665 1439; x_wconf 81' lang='lat' dir='ltr'><strong>Addo,</strong></span> <span class='ocrx_word' id='word_1_135' title='bbox 685 1369 743 1426; x_wconf 90' lang='lat' dir='ltr'><strong>fore</strong></span> <span class='ocrx_word' id='word_1_136' title='bbox 761 1376 791 1425; x_wconf 91' lang='lat' dir='ltr'><strong>ut</strong></span> <span class='ocrx_word' id='word_1_137' title='bbox 809 1370 970 1441; x_wconf 82' lang='lat' dir='ltr'><strong>experiaris,</strong></span> <span class='ocrx_word' id='word_1_138' title='bbox 988 1370 1056 1426; x_wconf 91' lang='lat' dir='ltr'><strong>nihil</strong></span> <span class='ocrx_word' id='word_1_139' title='bbox 1074 1370 1224 1427; x_wconf 83' lang='lat' dir='ltr'><strong>decessisse</strong></span> <span class='ocrx_word' id='word_1_140' title='bbox 1243 1387 1277 1426; x_wconf 85' lang='lat' dir='ltr'><strong>ex</strong></span> <span class='ocrx_word' id='word_1_141' title='bbox 1295 1377 1343 1427; x_wconf 90' lang='lat' dir='ltr'><strong>tuo</strong></span> <span class='ocrx_word' id='word_1_142' title='bbox 1360 1369 1496 1434; x_wconf 88' lang='lat' dir='ltr'><strong>instituto,</strong></span> 
     </span>
     <span class='ocr_line' id='line_1_13' title="bbox 139 1447 1497 1523; baseline -0.001 -17"><span class='ocrx_word' id='word_1_143' title='bbox 139 1467 204 1507; x_wconf 90' lang='lat' dir='ltr'><strong>cum</strong></span> <span class='ocrx_word' id='word_1_144' title='bbox 221 1451 256 1508; x_wconf 92' lang='lat' dir='ltr'><strong>de</strong></span> <span class='ocrx_word' id='word_1_145' title='bbox 273 1452 330 1508; x_wconf 83' lang='lat' dir='ltr'><strong>viro</strong></span> <span class='ocrx_word' id='word_1_146' title='bbox 349 1469 456 1523; x_wconf 90' lang='lat' dir='ltr'><strong>semper</strong></span> <span class='ocrx_word' id='word_1_147' title='bbox 473 1453 604 1520; x_wconf 89' lang='lat' dir='ltr'><strong>loquutus</strong></span> <span class='ocrx_word' id='word_1_148' title='bbox 623 1447 813 1505; x_wconf 82' lang='lat' dir='ltr'><strong>venerabundo</strong></span> <span class='ocrx_word' id='word_1_149' title='bbox 832 1447 933 1505; x_wconf 82' lang='lat' dir='ltr'><strong>affectu</strong></span> <span class='ocrx_word' id='word_1_150' title='bbox 949 1449 1041 1520; x_wconf 87' lang='lat' dir='ltr'><strong>fueris,</strong></span> <span class='ocrx_word' id='word_1_151' title='bbox 1059 1449 1139 1505; x_wconf 92' lang='lat' dir='ltr'><strong>immo</strong></span> <span class='ocrx_word' id='word_1_152' title='bbox 1156 1457 1233 1506; x_wconf 90' lang='lat' dir='ltr'><strong>tento</strong></span> <span class='ocrx_word' id='word_1_153' title='bbox 1246 1452 1335 1520; x_wconf 86' lang='lat' dir='ltr'><strong>majus</strong></span> <span class='ocrx_word' id='word_1_154' title='bbox 1347 1451 1497 1507; x_wconf 89' lang='lat' dir='ltr'><strong>accessisse</strong></span> 
     </span>
     <span class='ocr_line' id='line_1_14' title="bbox 138 1526 1496 1603; baseline -0.001 -18"><span class='ocrx_word' id='word_1_155' title='bbox 138 1530 263 1600; x_wconf 88' lang='lat' dir='ltr'><strong>pondus,</strong></span> <span class='ocrx_word' id='word_1_156' title='bbox 283 1539 386 1601; x_wconf 91' lang='lat' dir='ltr'><strong>quanto</strong></span> <span class='ocrx_word' id='word_1_157' title='bbox 404 1531 546 1603; x_wconf 87' lang='lat' dir='ltr'><strong>scripsisse</strong></span> <span class='ocrx_word' id='word_1_158' title='bbox 564 1527 698 1584; x_wconf 80' lang='lat' dir='ltr'><strong>videberis</strong></span> <span class='ocrx_word' id='word_1_159' title='bbox 717 1541 808 1581; x_wconf 86' lang='lat' dir='ltr'><strong>amore</strong></span> <span class='ocrx_word' id='word_1_160' title='bbox 826 1526 885 1581; x_wconf 91' lang='lat' dir='ltr'><strong>solo</strong></span> <span class='ocrx_word' id='word_1_161' title='bbox 903 1527 1032 1584; x_wconf 77' lang='lat' dir='ltr'><strong>veritatis.</strong></span> <span class='ocrx_word' id='word_1_162' title='bbox 1067 1529 1207 1599; x_wconf 80' lang='lat' dir='ltr'><strong>Agnosces</strong></span> <span class='ocrx_word' id='word_1_163' title='bbox 1226 1530 1320 1594; x_wconf 87' lang='lat' dir='ltr'><strong>etiam,</strong></span> <span class='ocrx_word' id='word_1_164' title='bbox 1343 1545 1398 1585; x_wconf 94' lang='lat' dir='ltr'><strong>non</strong></span> <span class='ocrx_word' id='word_1_165' title='bbox 1414 1527 1496 1584; x_wconf 93' lang='lat' dir='ltr'><strong>modo</strong></span> 
     </span>
     <span class='ocr_line' id='line_1_15' title="bbox 138 1606 1496 1678; baseline -0.004 -13"><span class='ocrx_word' id='word_1_166' title='bbox 138 1609 201 1665; x_wconf 88' lang='lat' dir='ltr'><strong>fore</strong></span> <span class='ocrx_word' id='word_1_167' title='bbox 218 1616 250 1665; x_wconf 90' lang='lat' dir='ltr'><strong>nt</strong></span> <span class='ocrx_word' id='word_1_168' title='bbox 267 1611 405 1667; x_wconf 89' lang='lat' dir='ltr'><strong>minuatur</strong></span> <span class='ocrx_word' id='word_1_169' title='bbox 423 1609 531 1674; x_wconf 85' lang='lat' dir='ltr'><strong>invidia,</strong></span> <span class='ocrx_word' id='word_1_170' title='bbox 550 1608 599 1664; x_wconf 90' lang='lat' dir='ltr'><strong>sed</strong></span> <span class='ocrx_word' id='word_1_171' title='bbox 617 1606 723 1662; x_wconf 86' lang='lat' dir='ltr'><strong>felicius</strong></span> <span class='ocrx_word' id='word_1_172' title='bbox 742 1607 822 1661; x_wconf 91' lang='lat' dir='ltr'><strong>etiam</strong></span> <span class='ocrx_word' id='word_1_173' title='bbox 841 1612 988 1663; x_wconf 88' lang='lat' dir='ltr'><strong>retractare</strong></span> <span class='ocrx_word' id='word_1_174' title='bbox 1006 1606 1096 1677; x_wconf 90' lang='lat' dir='ltr'><strong>possis</strong></span> <span class='ocrx_word' id='word_1_175' title='bbox 1113 1608 1254 1664; x_wconf 90' lang='lat' dir='ltr'><strong>materiam</strong></span> <span class='ocrx_word' id='word_1_176' title='bbox 1272 1608 1394 1678; x_wconf 89' lang='lat' dir='ltr'><strong>eandem,</strong></span> <span class='ocrx_word' id='word_1_177' title='bbox 1414 1607 1437 1662; x_wconf 92' lang='lat' dir='ltr'><strong>si</strong></span> <span class='ocrx_word' id='word_1_178' title='bbox 1449 1606 1496 1660; x_wconf 89' lang='lat' dir='ltr'><strong>ali-</strong></span> 
     </span>
     <span class='ocr_line' id='line_1_16' title="bbox 139 1686 1497 1760; baseline -0.005 -16"><span class='ocrx_word' id='word_1_179' title='bbox 139 1689 251 1760; x_wconf 87' lang='lat' dir='ltr'><strong>qnando</strong></span> <span class='ocrx_word' id='word_1_180' title='bbox 268 1687 339 1746; x_wconf 90' lang='lat' dir='ltr'><strong>forte</strong></span> <span class='ocrx_word' id='word_1_181' title='bbox 355 1690 489 1757; x_wconf 87' lang='lat' dir='ltr'><strong>lubuerit,</strong></span> <span class='ocrx_word' id='word_1_182' title='bbox 508 1705 540 1746; x_wconf 90' lang='lat' dir='ltr'><strong>ac</strong></span> <span class='ocrx_word' id='word_1_183' title='bbox 558 1694 700 1758; x_wconf 90' lang='lat' dir='ltr'><strong>praeterea</strong></span> <span class='ocrx_word' id='word_1_184' title='bbox 717 1686 848 1740; x_wconf 91' lang='lat' dir='ltr'><strong>bonorem</strong></span> <span class='ocrx_word' id='word_1_185' title='bbox 866 1686 916 1742; x_wconf 92' lang='lat' dir='ltr'><strong>tibi</strong></span> <span class='ocrx_word' id='word_1_186' title='bbox 934 1687 1090 1744; x_wconf 87' lang='lat' dir='ltr'><strong>conciliabis</strong></span> <span class='ocrx_word' id='word_1_187' title='bbox 1108 1704 1189 1758; x_wconf 91' lang='lat' dir='ltr'><strong>qaam</strong></span> <span class='ocrx_word' id='word_1_188' title='bbox 1207 1688 1365 1753; x_wconf 84' lang='lat' dir='ltr'><strong>maximum,</strong></span> <span class='ocrx_word' id='word_1_189' title='bbox 1384 1690 1497 1756; x_wconf 89' lang='lat' dir='ltr'><strong>propter</strong></span> 
     </span>
     <span class='ocr_line' id='line_1_17' title="bbox 138 1763 1496 1838; baseline -0.004 -15"><span class='ocrx_word' id='word_1_190' title='bbox 138 1769 260 1837; x_wconf 85' lang='lat' dir='ltr'><strong>speciem</strong></span> <span class='ocrx_word' id='word_1_191' title='bbox 277 1769 374 1825; x_wconf 92' lang='lat' dir='ltr'><strong>indolis</strong></span> <span class='ocrx_word' id='word_1_192' title='bbox 393 1769 567 1838; x_wconf 88' lang='lat' dir='ltr'><strong>plenissimae</strong></span> <span class='ocrx_word' id='word_1_193' title='bbox 588 1764 684 1820; x_wconf 90' lang='lat' dir='ltr'><strong>summi</strong></span> <span class='ocrx_word' id='word_1_194' title='bbox 703 1763 837 1821; x_wconf 90' lang='lat' dir='ltr'><strong>candoris.</strong></span> <span class='ocrx_word' id='word_1_195' title='bbox 876 1765 955 1833; x_wconf 79' lang='lat' dir='ltr'><strong>Quod</strong></span> <span class='ocrx_word' id='word_1_196' title='bbox 980 1783 1030 1836; x_wconf 91' lang='lat' dir='ltr'><strong>ego</strong></span> <span class='ocrx_word' id='word_1_197' title='bbox 1049 1783 1156 1837; x_wconf 90' lang='lat' dir='ltr'><strong>semper</strong></span> <span class='ocrx_word' id='word_1_198' title='bbox 1175 1771 1265 1822; x_wconf 79' lang='lat' dir='ltr'><strong>aerem</strong></span> <span class='ocrx_word' id='word_1_199' title='bbox 1283 1767 1418 1837; x_wconf 90' lang='lat' dir='ltr'><strong>quendam</strong></span> <span class='ocrx_word' id='word_1_200' title='bbox 1435 1778 1496 1819; x_wconf 88' lang='lat' dir='ltr'><strong>coe-</strong></span> 
     </span>
     <span class='ocr_line' id='line_1_18' title="bbox 138 1842 1496 1918; baseline -0.004 -17"><span class='ocrx_word' id='word_1_201' title='bbox 138 1845 258 1903; x_wconf 89' lang='lat' dir='ltr'><strong>lestibus</strong></span> <span class='ocrx_word' id='word_1_202' title='bbox 276 1848 363 1918; x_wconf 90' lang='lat' dir='ltr'><strong>globis</strong></span> <span class='ocrx_word' id='word_1_203' title='bbox 381 1848 572 1905; x_wconf 88' lang='lat' dir='ltr'><strong>circumfusum</strong></span> <span class='ocrx_word' id='word_1_204' title='bbox 583 1844 699 1899; x_wconf 91' lang='lat' dir='ltr'><strong>habeam</strong></span> <span class='ocrx_word' id='word_1_205' title='bbox 719 1844 846 1914; x_wconf 86' lang='lat' dir='ltr'><strong>(tantum,</strong></span> <span class='ocrx_word' id='word_1_206' title='bbox 866 1851 985 1914; x_wconf 91' lang='lat' dir='ltr'><strong>quantus</strong></span> <span class='ocrx_word' id='word_1_207' title='bbox 1004 1853 1046 1901; x_wconf 91' lang='lat' dir='ltr'><strong>est</strong></span> <span class='ocrx_word' id='word_1_208' title='bbox 1063 1846 1108 1901; x_wconf 93' lang='lat' dir='ltr'><strong>bic</strong></span> <span class='ocrx_word' id='word_1_209' title='bbox 1126 1853 1218 1902; x_wconf 90' lang='lat' dir='ltr'><strong>noster</strong></span> <span class='ocrx_word' id='word_1_210' title='bbox 1234 1851 1361 1916; x_wconf 90' lang='lat' dir='ltr'><strong>respectu</strong></span> <span class='ocrx_word' id='word_1_211' title='bbox 1373 1842 1496 1911; x_wconf 86' lang='lat' dir='ltr'><strong>Terrae),</strong></span> 
     </span>
     <span class='ocr_line' id='line_1_19' title="bbox 139 1921 1498 1994; baseline -0.003 -15"><span class='ocrx_word' id='word_1_212' title='bbox 139 1940 196 1980; x_wconf 91' lang='lat' dir='ltr'><strong>non</strong></span> <span class='ocrx_word' id='word_1_213' title='bbox 214 1926 444 1984; x_wconf 90' lang='lat' dir='ltr'><strong>demonstratione</strong></span> <span class='ocrx_word' id='word_1_214' title='bbox 462 1933 510 1984; x_wconf 86' lang='lat' dir='ltr'><strong>aut</strong></span> <span class='ocrx_word' id='word_1_215' title='bbox 527 1923 584 1980; x_wconf 91' lang='lat' dir='ltr'><strong>ullo</strong></span> <span class='ocrx_word' id='word_1_216' title='bbox 598 1921 697 1977; x_wconf 80' lang='lat' dir='ltr'><strong>effectu</strong></span> <span class='ocrx_word' id='word_1_217' title='bbox 710 1921 830 1976; x_wconf 87' lang='lat' dir='ltr'><strong>sensibili</strong></span> <span class='ocrx_word' id='word_1_218' title='bbox 843 1922 1016 1991; x_wconf 89' lang='lat' dir='ltr'><strong>persuadeor,</strong></span> <span class='ocrx_word' id='word_1_219' title='bbox 1034 1924 1082 1979; x_wconf 89' lang='lat' dir='ltr'><strong>sed</strong></span> <span class='ocrx_word' id='word_1_220' title='bbox 1096 1925 1254 1994; x_wconf 88' lang='lat' dir='ltr'><strong>conjectura</strong></span> <span class='ocrx_word' id='word_1_221' title='bbox 1267 1925 1400 1979; x_wconf 70' lang='lat' dir='ltr'><strong>dunmxat</strong></span> <span class='ocrx_word' id='word_1_222' title='bbox 1413 1921 1498 1978; x_wconf 88' lang='lat' dir='ltr'><strong>ducor</strong></span> 
     </span>
     <span class='ocr_line' id='line_1_20' title="bbox 139 1999 1497 2073; baseline -0.004 -13"><span class='ocrx_word' id='word_1_223' title='bbox 139 2019 176 2060; x_wconf 84' lang='lat' dir='ltr'><strong>ex</strong></span> <span class='ocrx_word' id='word_1_224' title='bbox 195 2005 370 2063; x_wconf 90' lang='lat' dir='ltr'><strong>similitudine</strong></span> <span class='ocrx_word' id='word_1_225' title='bbox 388 2024 448 2064; x_wconf 91' lang='lat' dir='ltr'><strong>eum</strong></span> <span class='ocrx_word' id='word_1_226' title='bbox 466 2016 573 2064; x_wconf 85' lang='lat' dir='ltr'><strong>terreno</strong></span> <span class='ocrx_word' id='word_1_227' title='bbox 592 2001 681 2072; x_wconf 87' lang='lat' dir='ltr'><strong>globo.</strong></span> <span class='ocrx_word' id='word_1_228' title='bbox 717 2000 836 2056; x_wconf 88' lang='lat' dir='ltr'><strong>Nimium</strong></span> <span class='ocrx_word' id='word_1_229' title='bbox 859 2000 1002 2073; x_wconf 89' lang='lat' dir='ltr'><strong>absumus,</strong></span> <span class='ocrx_word' id='word_1_230' title='bbox 1027 2011 1058 2059; x_wconf 91' lang='lat' dir='ltr'><strong>ut</strong></span> <span class='ocrx_word' id='word_1_231' title='bbox 1075 2005 1260 2073; x_wconf 81' lang='lat' dir='ltr'><strong>experimento</strong></span> <span class='ocrx_word' id='word_1_232' title='bbox 1278 2000 1451 2057; x_wconf 88' lang='lat' dir='ltr'><strong>manifestare</strong></span> <span class='ocrx_word' id='word_1_233' title='bbox 1468 1999 1497 2054; x_wconf 90' lang='lat' dir='ltr'><strong>id</strong></span> 
     </span>
     <span class='ocr_line' id='line_1_21' title="bbox 138 2080 1497 2152; baseline -0.002 -14"><span class='ocrx_word' id='word_1_234' title='bbox 138 2082 255 2151; x_wconf 78' lang='lat' dir='ltr'><strong>valeam,</strong></span> <span class='ocrx_word' id='word_1_235' title='bbox 273 2086 322 2140; x_wconf 91' lang='lat' dir='ltr'><strong>sed</strong></span> <span class='ocrx_word' id='word_1_236' title='bbox 345 2101 424 2141; x_wconf 92' lang='lat' dir='ltr'><strong>nemo</strong></span> <span class='ocrx_word' id='word_1_237' title='bbox 449 2088 531 2143; x_wconf 90' lang='lat' dir='ltr'><strong>etiam</strong></span> <span class='ocrx_word' id='word_1_238' title='bbox 555 2105 612 2146; x_wconf 86' lang='lat' dir='ltr'><strong>ram</strong></span> <span class='ocrx_word' id='word_1_239' title='bbox 636 2101 715 2143; x_wconf 89' lang='lat' dir='ltr'><strong>secus</strong></span> <span class='ocrx_word' id='word_1_240' title='bbox 738 2083 839 2139; x_wconf 90' lang='lat' dir='ltr'><strong>babere</strong></span> <span class='ocrx_word' id='word_1_241' title='bbox 862 2082 989 2139; x_wconf 85' lang='lat' dir='ltr'><strong>ostendat</strong></span> <span class='ocrx_word' id='word_1_242' title='bbox 990 2125 1106 2141; x_wconf 88' lang='grc'><strong>.....</strong></span> <span class='ocrx_word' id='word_1_243' title='bbox 1142 2084 1174 2138; x_wconf 93' lang='grc' dir='ltr'><strong>Ιι</strong></span> <span class='ocrx_word' id='word_1_244' title='bbox 1196 2081 1393 2152; x_wconf 88' lang='lat' dir='ltr'><strong>posterioribus</strong></span> <span class='ocrx_word' id='word_1_245' title='bbox 1411 2080 1497 2135; x_wconf 90' lang='lat' dir='ltr'><strong>literis</strong></span> 
     </span>
     <span class='ocr_line' id='line_1_22' title="bbox 139 2160 1497 2234; baseline -0.002 -16"><span class='ocrx_word' id='word_1_246' title='bbox 139 2162 239 2234; x_wconf 79' lang='lat' dir='ltr'><strong>(teet)</strong></span> <span class='ocrx_word' id='word_1_247' title='bbox 261 2162 345 2221; x_wconf 81' lang='lat' dir='ltr'><strong>refert</strong></span> <span class='ocrx_word' id='word_1_248' title='bbox 369 2167 527 2224; x_wconf 77' lang='lat' dir='ltr'><strong>(lassandus</strong></span> <span class='ocrx_word' id='word_1_249' title='bbox 550 2167 711 2234; x_wconf 89' lang='lat' dir='ltr'><strong>Hortensio,</strong></span> <span class='ocrx_word' id='word_1_250' title='bbox 736 2164 830 2234; x_wconf 89' lang='lat' dir='ltr'><strong>plures</strong></span> <span class='ocrx_word' id='word_1_251' title='bbox 855 2162 1058 2218; x_wconf 86' lang='lat' dir='ltr'><strong>observationes</strong></span> <span class='ocrx_word' id='word_1_252' title='bbox 1080 2161 1109 2216; x_wconf 92' lang='lat' dir='ltr'><strong>in</strong></span> <span class='ocrx_word' id='word_1_253' title='bbox 1132 2177 1164 2218; x_wconf 87' lang='lat' dir='ltr'><strong>ao</strong></span> <span class='ocrx_word' id='word_1_254' title='bbox 1187 2164 1351 2232; x_wconf 90' lang='lat' dir='ltr'><strong>consentire,</strong></span> <span class='ocrx_word' id='word_1_255' title='bbox 1377 2166 1408 2217; x_wconf 89' lang='grc' dir='ltr'><strong>ιι</strong></span> <span class='ocrx_word' id='word_1_256' title='bbox 1426 2160 1497 2216; x_wconf 87' lang='lat' dir='ltr'><strong>Solis</strong></span> 
     </span>
     <span class='ocr_line' id='line_1_23' title="bbox 138 2243 907 2315; baseline 0.001 -16"><span class='ocrx_word' id='word_1_257' title='bbox 138 2243 256 2314; x_wconf 83' lang='lat' dir='ltr'><strong>apogeei</strong></span> <span class='ocrx_word' id='word_1_258' title='bbox 275 2243 403 2300; x_wconf 84' lang='lat' dir='ltr'><strong>diameter</strong></span> <span class='ocrx_word' id='word_1_259' title='bbox 421 2245 457 2300; x_wconf 90' lang='lat' dir='ltr'><strong>sit</strong></span> <span class='ocrx_word' id='word_1_260' title='bbox 476 2246 520 2301; x_wconf 76' lang='lat'><strong>30⁴</strong></span> <span class='ocrx_word' id='word_1_261' title='bbox 537 2247 598 2315; x_wconf 83' lang='lat'><strong>12¹¹,</strong></span> <span class='ocrx_word' id='word_1_262' title='bbox 616 2244 736 2315; x_wconf 88' lang='lat' dir='ltr'><strong>perigaei</strong></span> <span class='ocrx_word' id='word_1_263' title='bbox 754 2244 796 2298; x_wconf 81' lang='lat'><strong>31¹</strong></span> <span class='ocrx_word' id='word_1_264' title='bbox 814 2243 858 2300; x_wconf 72' lang='grc' dir='ltr'><strong>δ”.</strong></span> <span class='ocrx_word' id='word_1_265' title='bbox 880 2273 907 2283; x_wconf 96' lang='grc'>-</span> 
     </span>
    </p>

    <p class='ocr_par' dir='ltr' id='par_1_3' title="bbox 138 2328 1502 3668">
     <span class='ocr_line' id='line_1_24' title="bbox 248 2328 1496 2403; baseline -0.002 -17"><span class='ocrx_word' id='word_1_266' title='bbox 248 2331 416 2389; x_wconf 73' lang='lat' dir='ltr'><strong>ieremias</strong></span> <span class='ocrx_word' id='word_1_267' title='bbox 433 2333 649 2403; x_wconf 85' lang='lat' dir='ltr'><strong>Horroccius,</strong></span> <span class='ocrx_word' id='word_1_268' title='bbox 676 2346 756 2401; x_wconf 91' lang='lat' dir='ltr'><strong>quem</strong></span> <span class='ocrx_word' id='word_1_269' title='bbox 780 2330 882 2400; x_wconf 90' lang='lat' dir='ltr'><strong>passim</strong></span> <span class='ocrx_word' id='word_1_270' title='bbox 904 2330 932 2384; x_wconf 90' lang='lat' dir='ltr'><strong>in</strong></span> <span class='ocrx_word' id='word_1_271' title='bbox 950 2330 1131 2386; x_wconf 84' lang='lat' dir='ltr'><strong>voluminibus</strong></span> <span class='ocrx_word' id='word_1_272' title='bbox 1149 2330 1304 2399; x_wconf 83' lang='lat' dir='ltr'><strong>praemissis</strong></span> <span class='ocrx_word' id='word_1_273' title='bbox 1324 2329 1439 2385; x_wconf 74' lang='lat' dir='ltr'><strong>diximus</strong></span> <span class='ocrx_word' id='word_1_274' title='bbox 1457 2328 1496 2383; x_wconf 93' lang='lat' dir='ltr'><strong>lo-</strong></span> 
     </span>
     <span class='ocr_line' id='line_1_25' title="bbox 138 2407 1496 2481; baseline -0.004 -15"><span class='ocrx_word' id='word_1_275' title='bbox 138 2416 323 2481; x_wconf 86' lang='lat' dir='ltr'><strong>quentemque</strong></span> <span class='ocrx_word' id='word_1_276' title='bbox 341 2410 497 2467; x_wconf 86' lang='lat' dir='ltr'><strong>induximus</strong></span> <span class='ocrx_word' id='word_1_277' title='bbox 514 2410 696 2481; x_wconf 85' lang='lat' dir='ltr'><strong>Keplerianae</strong></span> <span class='ocrx_word' id='word_1_278' title='bbox 709 2409 890 2465; x_wconf 88' lang='lat' dir='ltr'><strong>astronomiae</strong></span> <span class='ocrx_word' id='word_1_279' title='bbox 903 2408 1125 2477; x_wconf 88' lang='lat' dir='ltr'><strong>addictissimum,</strong></span> <span class='ocrx_word' id='word_1_280' title='bbox 1144 2407 1281 2464; x_wconf 82' lang='lat' dir='ltr'><strong>Hortensii</strong></span> <span class='ocrx_word' id='word_1_281' title='bbox 1294 2408 1496 2477; x_wconf 88' lang='lat' dir='ltr'><strong>objurgationes</strong></span> 
     </span>
     <span class='ocr_line' id='line_1_26' title="bbox 138 2486 1496 2558; baseline -0.001 -16"><span class='ocrx_word' id='word_1_282' title='bbox 138 2487 246 2544; x_wconf 82' lang='lat' dir='ltr'><strong>refutat</strong></span> <span class='ocrx_word' id='word_1_283' title='bbox 268 2503 428 2558; x_wconf 88' lang='lat' dir='ltr'><strong>erroresque</strong></span> <span class='ocrx_word' id='word_1_284' title='bbox 452 2489 561 2558; x_wconf 87' lang='lat' dir='ltr'><strong>detegit.</strong></span> <span class='ocrx_word' id='word_1_285' title='bbox 598 2491 630 2545; x_wconf 91' lang='lat' dir='ltr'><strong>ln</strong></span> <span class='ocrx_word' id='word_1_286' title='bbox 655 2488 885 2558; x_wconf 78' lang='lat' dir='ltr'><strong>›prolegomenis‹</strong></span> <span class='ocrx_word' id='word_1_287' title='bbox 905 2487 1070 2544; x_wconf 90' lang='lat' dir='ltr'><strong>Horroccius</strong></span> <span class='ocrx_word' id='word_1_288' title='bbox 1094 2489 1162 2543; x_wconf 91' lang='lat' dir='ltr'><strong>hacc</strong></span> <span class='ocrx_word' id='word_1_289' title='bbox 1180 2486 1273 2555; x_wconf 85' lang='lat' dir='ltr'><strong>affert,</strong></span> <span class='ocrx_word' id='word_1_290' title='bbox 1298 2506 1359 2543; x_wconf 92' lang='lat' dir='ltr'><strong>cum</strong></span> <span class='ocrx_word' id='word_1_291' title='bbox 1376 2486 1496 2556; x_wconf 87' lang='lat' dir='ltr'><strong>Keplero</strong></span> 
     </span>
     <span class='ocr_line' id='line_1_27' title="bbox 138 2565 1498 2637; baseline 0.003 -17"><span class='ocrx_word' id='word_1_292' title='bbox 138 2566 242 2636; x_wconf 80' lang='lat' dir='ltr'><strong>partim</strong></span> <span class='ocrx_word' id='word_1_293' title='bbox 259 2567 433 2623; x_wconf 88' lang='lat' dir='ltr'><strong>consentiens</strong></span> <span class='ocrx_word' id='word_1_294' title='bbox 450 2568 549 2637; x_wconf 91' lang='lat' dir='ltr'><strong>partim</strong></span> <span class='ocrx_word' id='word_1_295' title='bbox 568 2568 602 2623; x_wconf 94' lang='lat' dir='ltr'><strong>ab</strong></span> <span class='ocrx_word' id='word_1_296' title='bbox 622 2582 654 2622; x_wconf 93' lang='lat' dir='ltr'><strong>eo</strong></span> <span class='ocrx_word' id='word_1_297' title='bbox 674 2567 849 2622; x_wconf 88' lang='lat' dir='ltr'><strong>dissentiens:</strong></span> <span class='ocrx_word' id='word_1_298' title='bbox 872 2565 965 2633; x_wconf 79' lang='lat' dir='ltr'><strong>»Quod</strong></span> <span class='ocrx_word' id='word_1_299' title='bbox 985 2567 1105 2622; x_wconf 88' lang='lat' dir='ltr'><strong>calculus</strong></span> <span class='ocrx_word' id='word_1_300' title='bbox 1118 2567 1308 2637; x_wconf 91' lang='lat' dir='ltr'><strong>Rudolphinus</strong></span> <span class='ocrx_word' id='word_1_301' title='bbox 1320 2584 1337 2623; x_wconf 91' lang='lat' dir='ltr'><strong>a</strong></span> <span class='ocrx_word' id='word_1_302' title='bbox 1349 2569 1498 2624; x_wconf 89' lang='lat' dir='ltr'><strong>Ptolemaei</strong></span> 
     </span>
     <span class='ocr_line' id='line_1_28' title="bbox 139 2643 1497 2714; baseline 0.003 -15"><span class='ocrx_word' id='word_1_303' title='bbox 139 2643 293 2701; x_wconf 80' lang='lat' dir='ltr'><strong>observatis</strong></span> <span class='ocrx_word' id='word_1_304' title='bbox 312 2645 454 2700; x_wconf 91' lang='lat' dir='ltr'><strong>dissentiat</strong></span> <span class='ocrx_word' id='word_1_305' title='bbox 474 2648 503 2701; x_wconf 86' lang='lat'><strong>1⁰</strong></span> <span class='ocrx_word' id='word_1_306' title='bbox 521 2647 553 2714; x_wconf 82' lang='lat'><strong>3¹,</strong></span> <span class='ocrx_word' id='word_1_307' title='bbox 577 2660 632 2699; x_wconf 92' lang='lat' dir='ltr'><strong>uon</strong></span> <span class='ocrx_word' id='word_1_308' title='bbox 656 2658 747 2699; x_wconf 87' lang='lat' dir='ltr'><strong>errore</strong></span> <span class='ocrx_word' id='word_1_309' title='bbox 765 2644 857 2713; x_wconf 89' lang='lat' dir='ltr'><strong>aliquo</strong></span> <span class='ocrx_word' id='word_1_310' title='bbox 877 2643 977 2714; x_wconf 86' lang='lat' dir='ltr'><strong>evenit,</strong></span> <span class='ocrx_word' id='word_1_311' title='bbox 1005 2644 1052 2699; x_wconf 91' lang='lat' dir='ltr'><strong>sed</strong></span> <span class='ocrx_word' id='word_1_312' title='bbox 1072 2645 1136 2700; x_wconf 91' lang='lat' dir='ltr'><strong>data</strong></span> <span class='ocrx_word' id='word_1_313' title='bbox 1153 2662 1236 2714; x_wconf 92' lang='lat' dir='ltr'><strong>opcra</strong></span> <span class='ocrx_word' id='word_1_314' title='bbox 1256 2646 1383 2704; x_wconf 83' lang='lat' dir='ltr'><strong>effectum</strong></span> <span class='ocrx_word' id='word_1_315' title='bbox 1402 2655 1444 2703; x_wconf 91' lang='lat' dir='ltr'><strong>est</strong></span> <span class='ocrx_word' id='word_1_316' title='bbox 1461 2648 1497 2703; x_wconf 92' lang='lat' dir='ltr'><strong>ob</strong></span> 
     </span>
     <span class='ocr_line' id='line_1_29' title="bbox 139 2722 1499 2794; baseline 0.001 -17"><span class='ocrx_word' id='word_1_317' title='bbox 139 2722 169 2777; x_wconf 93' lang='lat' dir='ltr'><strong>id</strong></span> <span class='ocrx_word' id='word_1_318' title='bbox 186 2724 286 2793; x_wconf 88' lang='lat' dir='ltr'><strong>ipsum,</strong></span> <span class='ocrx_word' id='word_1_319' title='bbox 305 2737 339 2778; x_wconf 90' lang='lat' dir='ltr'><strong>ne</strong></span> <span class='ocrx_word' id='word_1_320' title='bbox 356 2723 435 2778; x_wconf 88' lang='lat' dir='ltr'><strong>fieret</strong></span> <span class='ocrx_word' id='word_1_321' title='bbox 454 2739 537 2794; x_wconf 89' lang='lat' dir='ltr'><strong>error,</strong></span> <span class='ocrx_word' id='word_1_322' title='bbox 556 2724 619 2793; x_wconf 91' lang='lat' dir='ltr'><strong>quia</strong></span> <span class='ocrx_word' id='word_1_323' title='bbox 631 2722 804 2778; x_wconf 87' lang='lat' dir='ltr'><strong>Ptolemaeus</strong></span> <span class='ocrx_word' id='word_1_324' title='bbox 822 2722 981 2777; x_wconf 86' lang='lat' dir='ltr'><strong>tantundem</strong></span> <span class='ocrx_word' id='word_1_325' title='bbox 1000 2723 1100 2777; x_wconf 81' lang='lat' dir='ltr'><strong>errarit</strong></span> <span class='ocrx_word' id='word_1_326' title='bbox 1114 2723 1141 2776; x_wconf 95' lang='lat' dir='ltr'><strong>in</strong></span> <span class='ocrx_word' id='word_1_327' title='bbox 1155 2724 1321 2780; x_wconf 89' lang='lat' dir='ltr'><strong>numerando</strong></span> <span class='ocrx_word' id='word_1_328' title='bbox 1334 2725 1499 2794; x_wconf 90' lang='lat' dir='ltr'><strong>aequinoctii</strong></span> 
     </span>
     <span class='ocr_line' id='line_1_30' title="bbox 139 2798 1499 2871; baseline 0.004 -18"><span class='ocrx_word' id='word_1_329' title='bbox 139 2798 214 2857; x_wconf 87' lang='lat' dir='ltr'><strong>loco.</strong></span> <span class='ocrx_word' id='word_1_330' title='bbox 252 2801 377 2857; x_wconf 87' lang='lat' dir='ltr'><strong>Ridicule</strong></span> <span class='ocrx_word' id='word_1_331' title='bbox 399 2800 482 2870; x_wconf 86' lang='lat' dir='ltr'><strong>igitur</strong></span> <span class='ocrx_word' id='word_1_332' title='bbox 504 2811 532 2858; x_wconf 92' lang='lat' dir='ltr'><strong>et</strong></span> <span class='ocrx_word' id='word_1_333' title='bbox 553 2816 681 2871; x_wconf 79' lang='lat' dir='ltr'><strong>perverse</strong></span> <span class='ocrx_word' id='word_1_334' title='bbox 704 2799 822 2869; x_wconf 87' lang='lat' dir='ltr'><strong>peccatis</strong></span> <span class='ocrx_word' id='word_1_335' title='bbox 846 2808 1017 2868; x_wconf 88' lang='lat' dir='ltr'><strong>accensetur,</strong></span> <span class='ocrx_word' id='word_1_336' title='bbox 1044 2799 1118 2867; x_wconf 93' lang='lat' dir='ltr'><strong>quod</strong></span> <span class='ocrx_word' id='word_1_337' title='bbox 1141 2801 1243 2856; x_wconf 88' lang='lat' dir='ltr'><strong>facturn</strong></span> <span class='ocrx_word' id='word_1_338' title='bbox 1261 2810 1304 2859; x_wconf 89' lang='lat' dir='ltr'><strong>est</strong></span> <span class='ocrx_word' id='word_1_339' title='bbox 1321 2813 1351 2860; x_wconf 93' lang='lat' dir='ltr'><strong>ut</strong></span> <span class='ocrx_word' id='word_1_340' title='bbox 1368 2804 1499 2860; x_wconf 88' lang='lat' dir='ltr'><strong>tollantur</strong></span> 
     </span>
     <span class='ocr_line' id='line_1_31' title="bbox 141 2878 1497 2950; baseline 0.001 -15"><span class='ocrx_word' id='word_1_341' title='bbox 141 2887 267 2948; x_wconf 85' lang='lat' dir='ltr'><strong>paccata.</strong></span> <span class='ocrx_word' id='word_1_342' title='bbox 304 2880 426 2948; x_wconf 88' lang='lat' dir='ltr'><strong>Legatnr</strong></span> <span class='ocrx_word' id='word_1_343' title='bbox 438 2879 573 2948; x_wconf 89' lang='lat' dir='ltr'><strong>lieplerus</strong></span> <span class='ocrx_word' id='word_1_344' title='bbox 591 2887 625 2948; x_wconf 91' lang='lat' dir='ltr'><strong>et,</strong></span> <span class='ocrx_word' id='word_1_345' title='bbox 644 2879 697 2933; x_wconf 89' lang='lat' dir='ltr'><strong>nisi</strong></span> <span class='ocrx_word' id='word_1_346' title='bbox 713 2878 821 2945; x_wconf 84' lang='lat' dir='ltr'><strong>juratus</strong></span> <span class='ocrx_word' id='word_1_347' title='bbox 840 2879 877 2933; x_wconf 89' lang='lat' dir='ltr'><strong>sis</strong></span> <span class='ocrx_word' id='word_1_348' title='bbox 894 2878 928 2933; x_wconf 93' lang='lat' dir='ltr'><strong>ad</strong></span> <span class='ocrx_word' id='word_1_349' title='bbox 941 2878 1129 2950; x_wconf 84' lang='lat' dir='ltr'><strong>cavillandum,</strong></span> <span class='ocrx_word' id='word_1_350' title='bbox 1148 2880 1228 2935; x_wconf 87' lang='lat' dir='ltr'><strong>facile</strong></span> <span class='ocrx_word' id='word_1_351' title='bbox 1240 2881 1305 2937; x_wconf 91' lang='lat' dir='ltr'><strong>huic</strong></span> <span class='ocrx_word' id='word_1_352' title='bbox 1317 2882 1450 2950; x_wconf 84' lang='lat' dir='ltr'><strong>ignosces.</strong></span> <span class='ocrx_word' id='word_1_353' title='bbox 1466 2912 1497 2923; x_wconf 95' lang='lat'>-</span> 
     </span>
     <span class='ocr_line' id='line_1_32' title="bbox 138 2956 1499 3031; baseline 0.003 -19"><span class='ocrx_word' id='word_1_354' title='bbox 138 2956 184 3013; x_wconf 87' lang='lat' dir='ltr'><strong>De</strong></span> <span class='ocrx_word' id='word_1_355' title='bbox 200 2958 333 3026; x_wconf 89' lang='lat' dir='ltr'><strong>temporis</strong></span> <span class='ocrx_word' id='word_1_356' title='bbox 351 2959 514 3028; x_wconf 88' lang='lat' dir='ltr'><strong>aequatione</strong></span> <span class='ocrx_word' id='word_1_357' title='bbox 532 2959 615 3014; x_wconf 91' lang='lat' dir='ltr'><strong>miror</strong></span> <span class='ocrx_word' id='word_1_358' title='bbox 631 2959 808 3013; x_wconf 86' lang='lat' dir='ltr'><strong>Hortensium</strong></span> <span class='ocrx_word' id='word_1_359' title='bbox 830 2957 898 3012; x_wconf 91' lang='lat' dir='ltr'><strong>nihil</strong></span> <span class='ocrx_word' id='word_1_360' title='bbox 917 2958 1032 3027; x_wconf 88' lang='lat' dir='ltr'><strong>dixisse,</strong></span> <span class='ocrx_word' id='word_1_361' title='bbox 1052 2974 1113 3014; x_wconf 92' lang='lat' dir='ltr'><strong>cum</strong></span> <span class='ocrx_word' id='word_1_362' title='bbox 1131 2975 1185 3014; x_wconf 93' lang='lat' dir='ltr'><strong>non</strong></span> <span class='ocrx_word' id='word_1_363' title='bbox 1203 2966 1298 3028; x_wconf 88' lang='lat' dir='ltr'><strong>posset</strong></span> <span class='ocrx_word' id='word_1_364' title='bbox 1313 2976 1371 3015; x_wconf 91' lang='lat' dir='ltr'><strong>rem</strong></span> <span class='ocrx_word' id='word_1_365' title='bbox 1388 2959 1499 3031; x_wconf 90' lang='lat' dir='ltr'><strong>majoris</strong></span> 
     </span>
     <span class='ocr_line' id='line_1_33' title="bbox 141 3033 1499 3112; baseline 0.006 -23"><span class='ocrx_word' id='word_1_366' title='bbox 141 3033 274 3105; x_wconf 88' lang='lat' dir='ltr'><strong>ponderis</strong></span> <span class='ocrx_word' id='word_1_367' title='bbox 291 3036 456 3108; x_wconf 85' lang='lat' dir='ltr'><strong>Tychonieis</strong></span> <span class='ocrx_word' id='word_1_368' title='bbox 481 3038 609 3107; x_wconf 75' lang='lat' dir='ltr'><strong>oineere.</strong></span> <span class='ocrx_word' id='word_1_369' title='bbox 646 3038 740 3109; x_wconf 85' lang='lat' dir='ltr'><strong>Tycho</strong></span> <span class='ocrx_word' id='word_1_370' title='bbox 765 3040 836 3094; x_wconf 88' lang='lat' dir='ltr'><strong>enirn</strong></span> <span class='ocrx_word' id='word_1_371' title='bbox 859 3041 1029 3111; x_wconf 88' lang='lat' dir='ltr'><strong>empeiricam</strong></span> <span class='ocrx_word' id='word_1_372' title='bbox 1052 3040 1187 3112; x_wconf 90' lang='lat' dir='ltr'><strong>quandam</strong></span> <span class='ocrx_word' id='word_1_373' title='bbox 1210 3042 1398 3110; x_wconf 87' lang='lat' dir='ltr'><strong>aequationem</strong></span> <span class='ocrx_word' id='word_1_374' title='bbox 1416 3043 1499 3098; x_wconf 91' lang='lat' dir='ltr'><strong>intro-</strong></span> 
     </span>
     <span class='ocr_line' id='line_1_34' title="bbox 143 3117 1499 3194; baseline -0.001 -20"><span class='ocrx_word' id='word_1_375' title='bbox 143 3117 233 3190; x_wconf 87' lang='lat' dir='ltr'><strong>ducit,</strong></span> <span class='ocrx_word' id='word_1_376' title='bbox 259 3137 340 3190; x_wconf 92' lang='lat' dir='ltr'><strong>quam</strong></span> <span class='ocrx_word' id='word_1_377' title='bbox 365 3121 440 3176; x_wconf 93' lang='lat' dir='ltr'><strong>nullo</strong></span> <span class='ocrx_word' id='word_1_378' title='bbox 459 3122 539 3178; x_wconf 93' lang='lat' dir='ltr'><strong>modo</strong></span> <span class='ocrx_word' id='word_1_379' title='bbox 557 3129 649 3192; x_wconf 88' lang='lat' dir='ltr'><strong>potest</strong></span> <span class='ocrx_word' id='word_1_380' title='bbox 665 3122 851 3180; x_wconf 79' lang='lat' dir='ltr'><strong>confirmare..</strong></span> <span class='ocrx_word' id='word_1_381' title='bbox 871 3124 1006 3194; x_wconf 87' lang='lat' dir='ltr'><strong>Keplerus</strong></span> <span class='ocrx_word' id='word_1_382' title='bbox 1025 3125 1213 3192; x_wconf 88' lang='lat' dir='ltr'><strong>aequationem</strong></span> <span class='ocrx_word' id='word_1_383' title='bbox 1231 3122 1372 3191; x_wconf 86' lang='lat' dir='ltr'><strong>physicam</strong></span> <span class='ocrx_word' id='word_1_384' title='bbox 1390 3120 1499 3189; x_wconf 89' lang='lat' dir='ltr'><strong>invenit,</strong></span> 
     </span>
     <span class='ocr_line' id='line_1_35' title="bbox 142 3199 1500 3274; baseline 0.001 -22"><span class='ocrx_word' id='word_1_385' title='bbox 142 3212 256 3253; x_wconf 68' lang='lat' dir='ltr'><strong>ausam</strong></span> <span class='ocrx_word' id='word_1_386' title='bbox 273 3205 331 3254; x_wconf 92' lang='lat' dir='ltr'><strong>tum</strong></span> <span class='ocrx_word' id='word_1_387' title='bbox 350 3200 390 3256; x_wconf 90' lang='lat' dir='ltr'><strong>rei</strong></span> <span class='ocrx_word' id='word_1_388' title='bbox 407 3200 506 3270; x_wconf 91' lang='lat' dir='ltr'><strong>ipsius,</strong></span> <span class='ocrx_word' id='word_1_389' title='bbox 525 3207 582 3256; x_wconf 92' lang='lat' dir='ltr'><strong>tam</strong></span> <span class='ocrx_word' id='word_1_390' title='bbox 601 3216 745 3257; x_wconf 89' lang='lat' dir='ltr'><strong>mensurae</strong></span> <span class='ocrx_word' id='word_1_391' title='bbox 763 3201 896 3271; x_wconf 89' lang='lat' dir='ltr'><strong>ejusdem,</strong></span> <span class='ocrx_word' id='word_1_392' title='bbox 919 3210 1041 3259; x_wconf 86' lang='lat' dir='ltr'><strong>statuens</strong></span> <span class='ocrx_word' id='word_1_393' title='bbox 1061 3203 1118 3258; x_wconf 91' lang='lat' dir='ltr'><strong>dies</strong></span> <span class='ocrx_word' id='word_1_394' title='bbox 1137 3202 1190 3274; x_wconf 74' lang='lat'><strong>5¹1,</strong></span> <span class='ocrx_word' id='word_1_395' title='bbox 1207 3199 1371 3271; x_wconf 90' lang='lat' dir='ltr'><strong>appendices</strong></span> <span class='ocrx_word' id='word_1_396' title='bbox 1390 3199 1500 3255; x_wconf 84' lang='lat' dir='ltr'><strong>addice</strong></span> 
     </span>
     <span class='ocr_line' id='line_1_36' title="bbox 141 3276 1500 3351; baseline -0.001 -18"><span class='ocrx_word' id='word_1_397' title='bbox 141 3277 207 3333; x_wconf 80' lang='lat' dir='ltr'><strong>enni</strong></span> <span class='ocrx_word' id='word_1_398' title='bbox 218 3276 281 3345; x_wconf 77' lang='lat'><strong>360,</strong></span> <span class='ocrx_word' id='word_1_399' title='bbox 299 3294 412 3335; x_wconf 89' lang='lat' dir='ltr'><strong>numero</strong></span> <span class='ocrx_word' id='word_1_400' title='bbox 432 3279 548 3348; x_wconf 85' lang='lat' dir='ltr'><strong>figurato</strong></span> <span class='ocrx_word' id='word_1_401' title='bbox 567 3287 595 3335; x_wconf 89' lang='lat' dir='ltr'><strong>et</strong></span> <span class='ocrx_word' id='word_1_402' title='bbox 613 3281 795 3351; x_wconf 82' lang='lat' dir='ltr'><strong>archetypico.</strong></span> <span class='ocrx_word' id='word_1_403' title='bbox 833 3281 896 3351; x_wconf 87' lang='lat' dir='ltr'><strong>Ipse</strong></span> <span class='ocrx_word' id='word_1_404' title='bbox 915 3288 1007 3336; x_wconf 88' lang='lat' dir='ltr'><strong>tamen</strong></span> <span class='ocrx_word' id='word_1_405' title='bbox 1019 3281 1207 3350; x_wconf 91' lang='lat' dir='ltr'><strong>aequationem</strong></span> <span class='ocrx_word' id='word_1_406' title='bbox 1220 3279 1403 3350; x_wconf 85' lang='lat' dir='ltr'><strong>Tyahonicam</strong></span> <span class='ocrx_word' id='word_1_407' title='bbox 1415 3279 1500 3346; x_wconf 88' lang='lat' dir='ltr'><strong>magis</strong></span> 
     </span>
     <span class='ocr_line' id='line_1_37' title="bbox 143 3356 1499 3430; baseline 0 -19"><span class='ocrx_word' id='word_1_408' title='bbox 143 3356 248 3426; x_wconf 89' lang='lat' dir='ltr'><strong>probat</strong></span> <span class='ocrx_word' id='word_1_409' title='bbox 265 3371 378 3426; x_wconf 89' lang='lat' dir='ltr'><strong>eamque</strong></span> <span class='ocrx_word' id='word_1_410' title='bbox 396 3357 424 3411; x_wconf 91' lang='lat' dir='ltr'><strong>in</strong></span> <span class='ocrx_word' id='word_1_411' title='bbox 442 3374 494 3413; x_wconf 92' lang='lat' dir='ltr'><strong>usu</strong></span> <span class='ocrx_word' id='word_1_412' title='bbox 513 3373 618 3429; x_wconf 87' lang='lat' dir='ltr'><strong>semper</strong></span> <span class='ocrx_word' id='word_1_413' title='bbox 634 3360 743 3429; x_wconf 90' lang='lat' dir='ltr'><strong>retinet,</strong></span> <span class='ocrx_word' id='word_1_414' title='bbox 763 3360 836 3428; x_wconf 89' lang='lat' dir='ltr'><strong>qaod</strong></span> <span class='ocrx_word' id='word_1_415' title='bbox 855 3359 1058 3416; x_wconf 84' lang='lat' dir='ltr'><strong>observationes</strong></span> <span class='ocrx_word' id='word_1_416' title='bbox 1072 3359 1212 3430; x_wconf 90' lang='lat' dir='ltr'><strong>eclipsium</strong></span> <span class='ocrx_word' id='word_1_417' title='bbox 1224 3359 1298 3414; x_wconf 90' lang='lat' dir='ltr'><strong>illam</strong></span> <span class='ocrx_word' id='word_1_418' title='bbox 1310 3359 1425 3415; x_wconf 85' lang='lat' dir='ltr'><strong>maxime</strong></span> <span class='ocrx_word' id='word_1_419' title='bbox 1438 3373 1499 3429; x_wconf 93' lang='lat' dir='ltr'><strong>pro-</strong></span> 
     </span>
     <span class='ocr_line' id='line_1_38' title="bbox 142 3434 1502 3508; baseline 0.004 -19"><span class='ocrx_word' id='word_1_420' title='bbox 142 3434 252 3490; x_wconf 90' lang='lat' dir='ltr'><strong>barent.</strong></span> <span class='ocrx_word' id='word_1_421' title='bbox 271 3468 306 3481; x_wconf 89' lang='lat'><em>-</em></span> <span class='ocrx_word' id='word_1_422' title='bbox 325 3435 499 3506; x_wconf 85' lang='lat' dir='ltr'><strong>obliquitatis</strong></span> <span class='ocrx_word' id='word_1_423' title='bbox 518 3436 640 3505; x_wconf 85' lang='lat' dir='ltr'><strong>signiferi</strong></span> <span class='ocrx_word' id='word_1_424' title='bbox 652 3439 827 3494; x_wconf 88' lang='lat' dir='ltr'><strong>mutationem</strong></span> <span class='ocrx_word' id='word_1_425' title='bbox 840 3440 928 3494; x_wconf 89' lang='lat' dir='ltr'><strong>minus</strong></span> <span class='ocrx_word' id='word_1_426' title='bbox 941 3448 1015 3494; x_wconf 90' lang='lat' dir='ltr'><strong>recte</strong></span> <span class='ocrx_word' id='word_1_427' title='bbox 1027 3438 1092 3492; x_wconf 92' lang='lat' dir='ltr'><strong>mihi</strong></span> <span class='ocrx_word' id='word_1_428' title='bbox 1104 3439 1211 3494; x_wconf 84' lang='lat' dir='ltr'><strong>videtur</strong></span> <span class='ocrx_word' id='word_1_429' title='bbox 1223 3438 1346 3494; x_wconf 91' lang='lat' dir='ltr'><strong>dubitare</strong></span> <span class='ocrx_word' id='word_1_430' title='bbox 1358 3439 1502 3508; x_wconf 72' lang='lat' dir='ltr'><strong>deploras,</strong></span> 
     </span>
     <span class='ocr_line' id='line_1_39' title="bbox 144 3516 1500 3589; baseline 0.001 -19"><span class='ocrx_word' id='word_1_431' title='bbox 144 3529 235 3584; x_wconf 75' lang='grc' dir='ltr'>ιιιιιι</span> <span class='ocrx_word' id='word_1_432' title='bbox 253 3521 359 3570; x_wconf 68' lang='lat' dir='ltr'><strong>tentum</strong></span> <span class='ocrx_word' id='word_1_433' title='bbox 377 3516 405 3569; x_wconf 90' lang='lat' dir='ltr'><strong>iu</strong></span> <span class='ocrx_word' id='word_1_434' title='bbox 424 3524 529 3574; x_wconf 82' lang='lat' dir='ltr'><strong>ueteres</strong></span> <span class='ocrx_word' id='word_1_435' title='bbox 547 3517 700 3573; x_wconf 88' lang='lat' dir='ltr'><strong>audendum</strong></span> <span class='ocrx_word' id='word_1_436' title='bbox 712 3518 801 3573; x_wconf 81' lang='lat' dir='ltr'><strong>selim.</strong></span> <span class='ocrx_word' id='word_1_437' title='bbox 831 3518 910 3588; x_wconf 76' lang='lat' dir='ltr'><strong>Quod</strong></span> <span class='ocrx_word' id='word_1_438' title='bbox 923 3518 1022 3574; x_wconf 87' lang='lat' dir='ltr'><strong>formas</strong></span> <span class='ocrx_word' id='word_1_439' title='bbox 1034 3523 1050 3576; x_wconf 83' lang='lat'>5</span> <span class='ocrx_word' id='word_1_440' title='bbox 1063 3526 1155 3588; x_wconf 90' lang='lat' dir='ltr'><strong>ponat,</strong></span> <span class='ocrx_word' id='word_1_441' title='bbox 1173 3521 1263 3589; x_wconf 88' lang='lat' dir='ltr'><strong>arguit</strong></span> <span class='ocrx_word' id='word_1_442' title='bbox 1273 3519 1374 3587; x_wconf 89' lang='lat' dir='ltr'><strong>ingenii</strong></span> <span class='ocrx_word' id='word_1_443' title='bbox 1386 3517 1500 3588; x_wconf 88' lang='lat' dir='ltr'><strong>copiam,</strong></span> 
     </span>
     <span class='ocr_line' id='line_1_40' title="bbox 142 3591 1500 3668; baseline 0.003 -21"><span class='ocrx_word' id='word_1_444' title='bbox 142 3593 218 3662; x_wconf 89' lang='lat' dir='ltr'><strong>quod</strong></span> <span class='ocrx_word' id='word_1_445' title='bbox 237 3591 340 3648; x_wconf 87' lang='lat' dir='ltr'><strong>nnllam</strong></span> <span class='ocrx_word' id='word_1_446' title='bbox 359 3594 455 3664; x_wconf 88' lang='lat' dir='ltr'><strong>eligat,</strong></span> <span class='ocrx_word' id='word_1_447' title='bbox 475 3595 693 3651; x_wconf 81' lang='lat' dir='ltr'><strong>observationum</strong></span> <span class='ocrx_word' id='word_1_448' title='bbox 712 3596 838 3665; x_wconf 78' lang='lat' dir='ltr'><strong>inopiam.</strong></span> <span class='ocrx_word' id='word_1_449' title='bbox 875 3597 982 3652; x_wconf 89' lang='lat' dir='ltr'><strong>Incerta</strong></span> <span class='ocrx_word' id='word_1_450' title='bbox 1000 3603 1064 3653; x_wconf 89' lang='lat' dir='ltr'><strong>sunt</strong></span> <span class='ocrx_word' id='word_1_451' title='bbox 1081 3598 1125 3653; x_wconf 90' lang='lat' dir='ltr'><strong>hic</strong></span> <span class='ocrx_word' id='word_1_452' title='bbox 1143 3598 1245 3668; x_wconf 90' lang='lat' dir='ltr'><strong>omnia,</strong></span> <span class='ocrx_word' id='word_1_453' title='bbox 1270 3612 1321 3652; x_wconf 92' lang='lat' dir='ltr'><strong>nec</strong></span> <span class='ocrx_word' id='word_1_454' title='bbox 1340 3603 1500 3667; x_wconf 89' lang='lat' dir='ltr'><strong>exspectan·</strong></span> 
     </span>
    </p>
   </div>
   <div class='ocr_carea' id='block_1_3' title="bbox 143 3669 1501 3823">
    <p class='ocr_par' dir='ltr' id='par_1_4' title="bbox 143 3669 1501 3823">
     <span class='ocr_line' id='line_1_41' title="bbox 143 3669 1501 3744; baseline 0.004 -20"><span class='ocrx_word' id='word_1_455' title='bbox 143 3669 218 3738; x_wconf 89' lang='lat' dir='ltr'><strong>dum,</strong></span> <span class='ocrx_word' id='word_1_456' title='bbox 236 3677 268 3726; x_wconf 91' lang='lat' dir='ltr'><strong>nt</strong></span> <span class='ocrx_word' id='word_1_457' title='bbox 285 3671 384 3740; x_wconf 90' lang='lat' dir='ltr'><strong>aliquis</strong></span> <span class='ocrx_word' id='word_1_458' title='bbox 401 3688 484 3744; x_wconf 90' lang='lat' dir='ltr'><strong>supra</strong></span> <span class='ocrx_word' id='word_1_459' title='bbox 501 3673 571 3728; x_wconf 85' lang='lat' dir='ltr'><strong>vires</strong></span> <span class='ocrx_word' id='word_1_460' title='bbox 590 3687 653 3728; x_wconf 90' lang='lat' dir='ltr'><strong>snas</strong></span> <span class='ocrx_word' id='word_1_461' title='bbox 673 3673 772 3742; x_wconf 88' lang='lat' dir='ltr'><strong>sapiat.</strong></span> <span class='ocrx_word' id='word_1_462' title='bbox 807 3673 883 3744; x_wconf 93' lang='lat' dir='ltr'><strong>Opus</strong></span> <span class='ocrx_word' id='word_1_463' title='bbox 902 3676 972 3730; x_wconf 88' lang='lat' dir='ltr'><strong>enim</strong></span> <span class='ocrx_word' id='word_1_464' title='bbox 991 3682 1105 3731; x_wconf 89' lang='lat' dir='ltr'><strong>estnon</strong></span> <span class='ocrx_word' id='word_1_465' title='bbox 1124 3677 1204 3732; x_wconf 89' lang='lat' dir='ltr'><strong>unius</strong></span> <span class='ocrx_word' id='word_1_466' title='bbox 1222 3675 1348 3743; x_wconf 92' lang='lat' dir='ltr'><strong>hominis,</strong></span> <span class='ocrx_word' id='word_1_467' title='bbox 1367 3675 1416 3731; x_wconf 91' lang='lat' dir='ltr'><strong>sed</strong></span> <span class='ocrx_word' id='word_1_468' title='bbox 1433 3674 1501 3730; x_wconf 90' lang='lat' dir='ltr'><strong>mal·</strong></span> 
     </span>
     <span class='ocr_line' id='line_1_42' title="bbox 143 3750 747 3823; baseline 0.003 -16"><span class='ocrx_word' id='word_1_469' title='bbox 143 3757 235 3807; x_wconf 87' lang='lat' dir='ltr'><strong>torum</strong></span> <span class='ocrx_word' id='word_1_470' title='bbox 253 3750 406 3806; x_wconf 86' lang='lat' dir='ltr'><strong>seculorum</strong></span> <span class='ocrx_word' id='word_1_471' title='bbox 424 3756 478 3821; x_wconf 83' lang='lat' dir='ltr'><strong>(cfr.</strong></span> <span class='ocrx_word' id='word_1_472' title='bbox 497 3756 548 3808; x_wconf 77' lang='lat' dir='ltr'><strong>eal.</strong></span> <span class='ocrx_word' id='word_1_473' title='bbox 568 3757 612 3810; x_wconf 84' lang='lat' dir='ltr'><strong>vl.</strong></span> <span class='ocrx_word' id='word_1_474' title='bbox 630 3772 657 3820; x_wconf 92' lang='lat' dir='ltr'><strong>p.</strong></span> <span class='ocrx_word' id='word_1_475' title='bbox 677 3756 747 3823; x_wconf 77' lang='lat' dir='ltr'><strong>stt).</strong></span> 
     </span>
    </p>
   </div>
   <div class='ocr_carea' id='block_1_4' title="bbox 248 3837 1501 3910">
    <p class='ocr_par' dir='ltr' id='par_1_5' title="bbox 248 3837 1501 3910">
     <span class='ocr_line' id='line_1_43' title="bbox 248 3837 1501 3910; baseline 0.004 -18"><span class='ocrx_word' id='word_1_476' title='bbox 248 3837 291 3892; x_wconf 90' lang='lat' dir='ltr'><strong>De</strong></span> <span class='ocrx_word' id='word_1_477' title='bbox 309 3837 448 3894; x_wconf 89' lang='lat' dir='ltr'><strong>Hortensii</strong></span> <span class='ocrx_word' id='word_1_478' title='bbox 466 3839 595 3895; x_wconf 82' lang='lat' dir='ltr'><strong>adversus</strong></span> <span class='ocrx_word' id='word_1_479' title='bbox 608 3839 765 3910; x_wconf 82' lang='lat' dir='ltr'><strong>Tychonem</strong></span> <span class='ocrx_word' id='word_1_480' title='bbox 784 3841 887 3898; x_wconf 83' lang='lat' dir='ltr'><strong>cavillis</strong></span> <span class='ocrx_word' id='word_1_481' title='bbox 906 3842 972 3897; x_wconf 88' lang='lat' dir='ltr'><strong>satis</strong></span> <span class='ocrx_word' id='word_1_482' title='bbox 990 3842 1056 3897; x_wconf 92' lang='lat' dir='ltr'><strong>mihi</strong></span> <span class='ocrx_word' id='word_1_483' title='bbox 1073 3843 1166 3899; x_wconf 86' lang='lat' dir='ltr'><strong>videor</strong></span> <span class='ocrx_word' id='word_1_484' title='bbox 1179 3858 1300 3909; x_wconf 87' lang='lat' dir='ltr'><strong>securus,</strong></span> <span class='ocrx_word' id='word_1_485' title='bbox 1317 3857 1367 3896; x_wconf 90' lang='lat' dir='ltr'><strong>nec</strong></span> <span class='ocrx_word' id='word_1_486' title='bbox 1383 3856 1430 3898; x_wconf 90' lang='lat' dir='ltr'><strong>eas</strong></span> <span class='ocrx_word' id='word_1_487' title='bbox 1443 3842 1501 3897; x_wconf 88' lang='lat' dir='ltr'><strong>siue</strong></span> 
     </span>
    </p>
   </div>
   <div class='ocr_carea' id='block_1_5' title="bbox 143 3914 1502 4063">
    <p class='ocr_par' dir='ltr' id='par_1_6' title="bbox 143 3914 1502 4063">
     <span class='ocr_line' id='line_1_44' title="bbox 143 3914 1502 3990; baseline 0.004 -20"><span class='ocrx_word' id='word_1_488' title='bbox 143 3914 324 3984; x_wconf 89' lang='lat' dir='ltr'><strong>responsione</strong></span> <span class='ocrx_word' id='word_1_489' title='bbox 342 3915 482 3986; x_wconf 89' lang='lat' dir='ltr'><strong>dimittam,</strong></span> <span class='ocrx_word' id='word_1_490' title='bbox 501 3916 720 3974; x_wconf 83' lang='lat' dir='ltr'><strong>observationum</strong></span> <span class='ocrx_word' id='word_1_491' title='bbox 737 3919 952 3990; x_wconf 81' lang='lat' dir='ltr'><strong>Tychonicaram</strong></span> <span class='ocrx_word' id='word_1_492' title='bbox 971 3920 1159 3977; x_wconf 89' lang='lat' dir='ltr'><strong>certitudinem</strong></span> <span class='ocrx_word' id='word_1_493' title='bbox 1178 3921 1308 3976; x_wconf 85' lang='lat' dir='ltr'><strong>adversus</strong></span> <span class='ocrx_word' id='word_1_494' title='bbox 1326 3918 1419 3975; x_wconf 70' lang='lat' dir='ltr'><strong>saules</strong></span> <span class='ocrx_word' id='word_1_495' title='bbox 1438 3934 1502 3975; x_wconf 92' lang='lat' dir='ltr'><strong>suas</strong></span> 
     </span>
     <span class='ocr_line' id='line_1_45' title="bbox 145 3992 724 4063; baseline 0.003 -16"><span class='ocrx_word' id='word_1_496' title='bbox 145 3999 174 4048; x_wconf 91' lang='lat' dir='ltr'><strong>et</strong></span> <span class='ocrx_word' id='word_1_497' title='bbox 192 3992 276 4063; x_wconf 89' lang='lat' dir='ltr'><strong>plane</strong></span> <span class='ocrx_word' id='word_1_498' title='bbox 293 3993 421 4050; x_wconf 87' lang='lat' dir='ltr'><strong>ridiculas</strong></span> <span class='ocrx_word' id='word_1_499' title='bbox 440 3995 549 4050; x_wconf 89' lang='lat' dir='ltr'><strong>cavillas</strong></span> <span class='ocrx_word' id='word_1_500' title='bbox 568 3994 724 4052; x_wconf 87' lang='lat' dir='ltr'><strong>defendens.</strong></span> 
     </span>
    </p>
   </div>
   <div class='ocr_carea' id='block_1_6' title="bbox 145 4080 1504 4314">
    <p class='ocr_par' dir='ltr' id='par_1_7' title="bbox 145 4080 1504 4314">
     <span class='ocr_line' id='line_1_46' title="bbox 252 4080 1503 4161; baseline 0.01 -25"><span class='ocrx_word' id='word_1_501' title='bbox 252 4080 326 4136; x_wconf 91' lang='lat' dir='ltr'><strong>Illud</strong></span> <span class='ocrx_word' id='word_1_502' title='bbox 344 4088 436 4137; x_wconf 88' lang='lat' dir='ltr'><strong>autem</strong></span> <span class='ocrx_word' id='word_1_503' title='bbox 453 4084 481 4139; x_wconf 92' lang='lat' dir='ltr'><strong>in</strong></span> <span class='ocrx_word' id='word_1_504' title='bbox 494 4083 613 4154; x_wconf 88' lang='lat' dir='ltr'><strong>Keplero</strong></span> <span class='ocrx_word' id='word_1_505' title='bbox 631 4101 674 4140; x_wconf 87' lang='lat' dir='ltr'><strong>me</strong></span> <span class='ocrx_word' id='word_1_506' title='bbox 692 4087 808 4143; x_wconf 85' lang='lat' dir='ltr'><strong>maxime</strong></span> <span class='ocrx_word' id='word_1_507' title='bbox 826 4103 934 4158; x_wconf 90' lang='lat' dir='ltr'><strong>semper</strong></span> <span class='ocrx_word' id='word_1_508' title='bbox 944 4089 1120 4159; x_wconf 82' lang='lat' dir='ltr'><strong>perturbavit,</strong></span> <span class='ocrx_word' id='word_1_509' title='bbox 1140 4091 1213 4160; x_wconf 92' lang='lat' dir='ltr'><strong>quod</strong></span> <span class='ocrx_word' id='word_1_510' title='bbox 1225 4090 1443 4161; x_wconf 88' lang='lat' dir='ltr'><strong>imperfectiones</strong></span> <span class='ocrx_word' id='word_1_511' title='bbox 1455 4093 1503 4149; x_wconf 92' lang='lat' dir='ltr'><strong>ali·</strong></span> 
     </span>
     <span class='ocr_line' id='line_1_47' title="bbox 145 4157 1503 4243; baseline 0.01 -28"><span class='ocrx_word' id='word_1_512' title='bbox 145 4173 225 4230; x_wconf 82' lang='lat' dir='ltr'><strong>quas,</strong></span> <span class='ocrx_word' id='word_1_513' title='bbox 244 4157 428 4229; x_wconf 89' lang='lat' dir='ltr'><strong>deprehensas</strong></span> <span class='ocrx_word' id='word_1_514' title='bbox 446 4162 475 4218; x_wconf 91' lang='lat' dir='ltr'><strong>in</strong></span> <span class='ocrx_word' id='word_1_515' title='bbox 490 4165 551 4233; x_wconf 90' lang='lat' dir='ltr'><strong>ipso</strong></span> <span class='ocrx_word' id='word_1_516' title='bbox 564 4172 685 4221; x_wconf 92' lang='lat' dir='ltr'><strong>motuum</strong></span> <span class='ocrx_word' id='word_1_517' title='bbox 698 4167 856 4222; x_wconf 90' lang='lat' dir='ltr'><strong>coelestium</strong></span> <span class='ocrx_word' id='word_1_518' title='bbox 869 4169 1002 4238; x_wconf 89' lang='lat' dir='ltr'><strong>subjecto,</strong></span> <span class='ocrx_word' id='word_1_519' title='bbox 1019 4168 1226 4240; x_wconf 86' lang='lat' dir='ltr'><strong>inaequalitates</strong></span> <span class='ocrx_word' id='word_1_520' title='bbox 1238 4171 1363 4227; x_wconf 88' lang='lat' dir='ltr'><strong>nimirum</strong></span> <span class='ocrx_word' id='word_1_521' title='bbox 1375 4173 1503 4243; x_wconf 83' lang='lat' dir='ltr'><strong>physicas</strong></span> 
     </span>
     <span class='ocr_line' id='line_1_48' title="bbox 145 4236 1504 4314; baseline 0.013 -22"><span class='ocrx_word' id='word_1_522' title='bbox 145 4236 377 4295; x_wconf 84' lang='lat' dir='ltr'><strong>extraordinarias</strong></span> <span class='ocrx_word' id='word_1_523' title='bbox 404 4246 432 4296; x_wconf 89' lang='lat' dir='ltr'><strong>et</strong></span> <span class='ocrx_word' id='word_1_524' title='bbox 454 4242 578 4299; x_wconf 89' lang='lat' dir='ltr'><strong>casuales</strong></span> <span class='ocrx_word' id='word_1_525' title='bbox 596 4245 759 4314; x_wconf 90' lang='lat' dir='ltr'><strong>penitusque</strong></span> <span class='ocrx_word' id='word_1_526' title='bbox 777 4245 939 4313; x_wconf 85' lang='lat' dir='ltr'><strong>irregulares</strong></span> <span class='ocrx_word' id='word_1_527' title='bbox 958 4247 1093 4305; x_wconf 86' lang='lat' dir='ltr'><strong>admittat.</strong></span> <span class='ocrx_word' id='word_1_528' title='bbox 1131 4250 1197 4304; x_wconf 84' lang='lat' dir='ltr'><strong>Cum</strong></span> <span class='ocrx_word' id='word_1_529' title='bbox 1214 4256 1306 4306; x_wconf 88' lang='lat' dir='ltr'><strong>tamen</strong></span> <span class='ocrx_word' id='word_1_530' title='bbox 1324 4253 1504 4308; x_wconf 89' lang='lat' dir='ltr'><strong>certissimum</strong></span> 
     </span>
    </p>
   </div>
   <div class='ocr_carea' id='block_1_7' title="bbox 144 4316 1504 4555">
    <p class='ocr_par' dir='ltr' id='par_1_8' title="bbox 144 4316 1504 4555">
     <span class='ocr_line' id='line_1_49' title="bbox 144 4316 1502 4401; baseline 0.011 -31"><span class='ocrx_word' id='word_1_531' title='bbox 144 4316 191 4384; x_wconf 88' lang='lat' dir='ltr'><strong>sit,</strong></span> <span class='ocrx_word' id='word_1_532' title='bbox 208 4323 331 4372; x_wconf 87' lang='lat' dir='ltr'><strong>motuum</strong></span> <span class='ocrx_word' id='word_1_533' title='bbox 348 4334 446 4374; x_wconf 88' lang='lat' dir='ltr'><strong>canses</strong></span> <span class='ocrx_word' id='word_1_534' title='bbox 465 4335 525 4375; x_wconf 91' lang='lat' dir='ltr'><strong>esse</strong></span> <span class='ocrx_word' id='word_1_535' title='bbox 543 4322 670 4394; x_wconf 86' lang='lat' dir='ltr'><strong>physicas</strong></span> <span class='ocrx_word' id='word_1_536' title='bbox 685 4332 832 4394; x_wconf 89' lang='lat' dir='ltr'><strong>motusque</strong></span> <span class='ocrx_word' id='word_1_537' title='bbox 850 4332 925 4395; x_wconf 88' lang='lat' dir='ltr'><strong>ipsos</strong></span> <span class='ocrx_word' id='word_1_538' title='bbox 942 4326 1046 4383; x_wconf 88' lang='lat' dir='ltr'><strong>intendi</strong></span> <span class='ocrx_word' id='word_1_539' title='bbox 1059 4343 1091 4382; x_wconf 90' lang='lat' dir='ltr'><strong>ac</strong></span> <span class='ocrx_word' id='word_1_540' title='bbox 1102 4328 1211 4398; x_wconf 90' lang='lat' dir='ltr'><strong>remitti,</strong></span> <span class='ocrx_word' id='word_1_541' title='bbox 1230 4332 1391 4400; x_wconf 87' lang='lat' dir='ltr'><strong>regulariter</strong></span> <span class='ocrx_word' id='word_1_542' title='bbox 1402 4338 1502 4401; x_wconf 72' lang='lat' dir='ltr'><strong>tamem</strong></span> 
     </span>
     <span class='ocr_line' id='line_1_50' title="bbox 144 4395 1504 4480; baseline 0.013 -32"><span class='ocrx_word' id='word_1_543' title='bbox 144 4410 202 4449; x_wconf 88' lang='grc' dir='ltr'><strong>ιιι</strong></span> <span class='ocrx_word' id='word_1_544' title='bbox 221 4402 265 4450; x_wconf 92' lang='lat' dir='ltr'><strong>est</strong></span> <span class='ocrx_word' id='word_1_545' title='bbox 283 4396 351 4451; x_wconf 89' lang='lat' dir='ltr'><strong>adeo</strong></span> <span class='ocrx_word' id='word_1_546' title='bbox 368 4395 541 4467; x_wconf 87' lang='lat' dir='ltr'><strong>incredibile,</strong></span> <span class='ocrx_word' id='word_1_547' title='bbox 559 4409 590 4454; x_wconf 92' lang='lat' dir='ltr'><strong>ut</strong></span> <span class='ocrx_word' id='word_1_548' title='bbox 608 4403 716 4457; x_wconf 88' lang='lat' dir='ltr'><strong>casuale</strong></span> <span class='ocrx_word' id='word_1_549' title='bbox 734 4403 845 4473; x_wconf 91' lang='lat' dir='ltr'><strong>aliquod</strong></span> <span class='ocrx_word' id='word_1_550' title='bbox 863 4404 896 4459; x_wconf 91' lang='lat' dir='ltr'><strong>iis</strong></span> <span class='ocrx_word' id='word_1_551' title='bbox 914 4403 1027 4471; x_wconf 86' lang='lat' dir='ltr'><strong>accidat,</strong></span> <span class='ocrx_word' id='word_1_552' title='bbox 1047 4412 1136 4460; x_wconf 90' lang='lat' dir='ltr'><strong>motus</strong></span> <span class='ocrx_word' id='word_1_553' title='bbox 1154 4408 1181 4463; x_wconf 94' lang='lat' dir='ltr'><strong>in</strong></span> <span class='ocrx_word' id='word_1_554' title='bbox 1199 4410 1315 4465; x_wconf 90' lang='lat' dir='ltr'><strong>minimis</strong></span> <span class='ocrx_word' id='word_1_555' title='bbox 1332 4410 1504 4480; x_wconf 87' lang='lat' dir='ltr'><strong>perturbans,</strong></span> 
     </span>
     <span class='ocr_line' id='line_1_51' title="bbox 145 4472 1504 4555; baseline 0.013 -28"><span class='ocrx_word' id='word_1_556' title='bbox 145 4472 201 4528; x_wconf 89' lang='lat' dir='ltr'><strong>etsi</strong></span> <span class='ocrx_word' id='word_1_557' title='bbox 218 4488 275 4529; x_wconf 91' lang='lat' dir='ltr'><strong>non</strong></span> <span class='ocrx_word' id='word_1_558' title='bbox 293 4473 418 4530; x_wconf 89' lang='lat' dir='ltr'><strong>funditas</strong></span> <span class='ocrx_word' id='word_1_559' title='bbox 437 4483 561 4534; x_wconf 78' lang='lat' dir='ltr'><strong>evertens</strong></span> <span class='ocrx_word' id='word_1_560' title='bbox 579 4488 627 4536; x_wconf 91' lang='lat' dir='ltr'><strong>aut</strong></span> <span class='ocrx_word' id='word_1_561' title='bbox 643 4480 792 4550; x_wconf 89' lang='lat' dir='ltr'><strong>impediens</strong></span> <span class='ocrx_word' id='word_1_562' title='bbox 795 4521 905 4537; x_wconf 86' lang='grc'><strong>.....</strong></span> <span class='ocrx_word' id='word_1_563' title='bbox 938 4482 1017 4550; x_wconf 81' lang='lat' dir='ltr'><strong>Quod</strong></span> <span class='ocrx_word' id='word_1_564' title='bbox 1037 4489 1128 4540; x_wconf 89' lang='lat' dir='ltr'><strong>autem</strong></span> <span class='ocrx_word' id='word_1_565' title='bbox 1146 4485 1280 4555; x_wconf 86' lang='lat' dir='ltr'><strong>Heplerus</strong></span> <span class='ocrx_word' id='word_1_566' title='bbox 1298 4489 1406 4544; x_wconf 83' lang='lat' dir='ltr'><strong>ridetur</strong></span> <span class='ocrx_word' id='word_1_567' title='bbox 1423 4490 1504 4545; x_wconf 90' lang='lat' dir='ltr'><strong>aesti-</strong></span> 
     </span>
    </p>
   </div>
   <div class='ocr_carea' id='block_1_8' title="bbox 145 4553 1505 4804">
    <p class='ocr_par' dir='ltr' id='par_1_9' title="bbox 145 4553 1505 4804">
     <span class='ocr_line' id='line_1_52' title="bbox 145 4553 1505 4639; baseline 0.012 -32"><span class='ocrx_word' id='word_1_568' title='bbox 145 4565 239 4619; x_wconf 75' lang='lat' dir='ltr'><strong>mare,</strong></span> <span class='ocrx_word' id='word_1_569' title='bbox 264 4568 362 4609; x_wconf 82' lang='grc' dir='ltr'>ιιιιιι</span> <span class='ocrx_word' id='word_1_570' title='bbox 380 4553 507 4625; x_wconf 80' lang='lat' dir='ltr'><strong>physicas</strong></span> <span class='ocrx_word' id='word_1_571' title='bbox 526 4557 721 4614; x_wconf 88' lang='lat' dir='ltr'><strong>accidentarias</strong></span> <span class='ocrx_word' id='word_1_572' title='bbox 739 4567 842 4616; x_wconf 91' lang='lat' dir='ltr'><strong>motum</strong></span> <span class='ocrx_word' id='word_1_573' title='bbox 859 4577 941 4632; x_wconf 88' lang='lat' dir='ltr'><strong>posse</strong></span> <span class='ocrx_word' id='word_1_574' title='bbox 959 4565 1133 4633; x_wconf 89' lang='lat' dir='ltr'><strong>perturbare,</strong></span> <span class='ocrx_word' id='word_1_575' title='bbox 1155 4563 1220 4631; x_wconf 86' lang='lat' dir='ltr'><strong>quia</strong></span> <span class='ocrx_word' id='word_1_576' title='bbox 1237 4579 1285 4619; x_wconf 85' lang='lat' dir='ltr'><strong>eae</strong></span> <span class='ocrx_word' id='word_1_577' title='bbox 1302 4566 1331 4621; x_wconf 92' lang='lat' dir='ltr'><strong>in</strong></span> <span class='ocrx_word' id='word_1_578' title='bbox 1349 4567 1505 4639; x_wconf 88' lang='lat' dir='ltr'><strong>amplianda</strong></span> 
     </span>
     <span class='ocr_line' id='line_1_53' title="bbox 147 4627 1225 4716; baseline 0.013 -31"><span class='ocrx_word' id='word_1_579' title='bbox 147 4627 321 4687; x_wconf 72' lang='grc' dir='ltr'>Ιιιιίιιιίιιι</span> <span class='ocrx_word' id='word_1_580' title='bbox 339 4632 431 4703; x_wconf 89' lang='lat' dir='ltr'><strong>specie</strong></span> <span class='ocrx_word' id='word_1_581' title='bbox 448 4650 503 4689; x_wconf 92' lang='lat' dir='ltr'><strong>non</strong></span> <span class='ocrx_word' id='word_1_582' title='bbox 521 4653 617 4706; x_wconf 89' lang='lat' dir='ltr'><strong>parum</strong></span> <span class='ocrx_word' id='word_1_583' title='bbox 636 4640 750 4712; x_wconf 82' lang='lat' dir='ltr'><strong>valeant,</strong></span> <span class='ocrx_word' id='word_1_584' title='bbox 769 4659 823 4698; x_wconf 91' lang='lat' dir='ltr'><strong>non</strong></span> <span class='ocrx_word' id='word_1_585' title='bbox 842 4643 950 4700; x_wconf 85' lang='lat' dir='ltr'><strong>videtur</strong></span> <span class='ocrx_word' id='word_1_586' title='bbox 966 4642 1107 4716; x_wconf 86' lang='lat' dir='ltr'><strong>probabile</strong></span> <span class='ocrx_word' id='word_1_587' title='bbox 1109 4685 1225 4701; x_wconf 88' lang='grc'><strong>.....</strong></span> 
     </span>
     <span class='ocr_line' id='line_1_54' title="bbox 252 4718 1505 4804; baseline 0.014 -30"><span class='ocrx_word' id='word_1_588' title='bbox 252 4719 295 4775; x_wconf 88' lang='grc' dir='ltr'><strong>Ι)ι</strong></span> <span class='ocrx_word' id='word_1_589' title='bbox 319 4718 550 4790; x_wconf 89' lang='lat' dir='ltr'><strong>speculationibus</strong></span> <span class='ocrx_word' id='word_1_590' title='bbox 572 4725 736 4783; x_wconf 90' lang='lat' dir='ltr'><strong>harmonicis</strong></span> <span class='ocrx_word' id='word_1_591' title='bbox 754 4729 867 4800; x_wconf 87' lang='lat' dir='ltr'><strong>Kepleri</strong></span> <span class='ocrx_word' id='word_1_592' title='bbox 889 4731 1028 4787; x_wconf 89' lang='lat' dir='ltr'><strong>sciendum</strong></span> <span class='ocrx_word' id='word_1_593' title='bbox 1053 4740 1107 4802; x_wconf 89' lang='lat' dir='ltr'><strong>est,</strong></span> <span class='ocrx_word' id='word_1_594' title='bbox 1131 4732 1208 4788; x_wconf 93' lang='lat' dir='ltr'><strong>illum</strong></span> <span class='ocrx_word' id='word_1_595' title='bbox 1230 4733 1347 4804; x_wconf 91' lang='lat' dir='ltr'><strong>primum</strong></span> <span class='ocrx_word' id='word_1_596' title='bbox 1369 4744 1398 4791; x_wconf 89' lang='lat' dir='ltr'><strong>et</strong></span> <span class='ocrx_word' id='word_1_597' title='bbox 1414 4737 1505 4793; x_wconf 91' lang='lat' dir='ltr'><strong>adhuc</strong></span> 
     </span>
    </p>
   </div>
   <div class='ocr_carea' id='block_1_9' title="bbox 146 4795 1505 4963">
    <p class='ocr_par' dir='ltr' id='par_1_10' title="bbox 146 4795 1505 4963">
     <span class='ocr_line' id='line_1_55' title="bbox 146 4795 1505 4885; baseline 0.015 -35"><span class='ocrx_word' id='word_1_598' title='bbox 146 4795 238 4852; x_wconf 89' lang='lat' dir='ltr'><strong>solum</strong></span> <span class='ocrx_word' id='word_1_599' title='bbox 259 4796 329 4853; x_wconf 90' lang='lat' dir='ltr'><strong>illud</strong></span> <span class='ocrx_word' id='word_1_600' title='bbox 351 4799 465 4869; x_wconf 82' lang='lat' dir='ltr'><strong>pelagus</strong></span> <span class='ocrx_word' id='word_1_601' title='bbox 490 4808 620 4860; x_wconf 87' lang='lat' dir='ltr'><strong>tentasse.</strong></span> <span class='ocrx_word' id='word_1_602' title='bbox 655 4807 810 4863; x_wconf 85' lang='lat' dir='ltr'><strong>Mirandum</strong></span> <span class='ocrx_word' id='word_1_603' title='bbox 835 4815 877 4865; x_wconf 90' lang='lat' dir='ltr'><strong>eet</strong></span> <span class='ocrx_word' id='word_1_604' title='bbox 899 4811 995 4883; x_wconf 87' lang='lat' dir='ltr'><strong>igitur,</strong></span> <span class='ocrx_word' id='word_1_605' title='bbox 1019 4810 1096 4866; x_wconf 91' lang='lat' dir='ltr'><strong>illum</strong></span> <span class='ocrx_word' id='word_1_606' title='bbox 1118 4811 1205 4881; x_wconf 91' lang='lat' dir='ltr'><strong>primo</strong></span> <span class='ocrx_word' id='word_1_607' title='bbox 1227 4822 1328 4869; x_wconf 91' lang='lat' dir='ltr'><strong>conatu</strong></span> <span class='ocrx_word' id='word_1_608' title='bbox 1345 4822 1401 4870; x_wconf 88' lang='lat' dir='ltr'><strong>tam</strong></span> <span class='ocrx_word' id='word_1_609' title='bbox 1419 4831 1505 4885; x_wconf 86' lang='lat' dir='ltr'><strong>prope</strong></span> 
     </span>
     <span class='ocr_line' id='line_1_56' title="bbox 146 4872 1505 4963; baseline 0.016 -36"><span class='ocrx_word' id='word_1_610' title='bbox 146 4872 292 4939; x_wconf 79' lang='lat' dir='ltr'><strong>veritatem</strong></span> <span class='ocrx_word' id='word_1_611' title='bbox 315 4875 482 4933; x_wconf 88' lang='lat' dir='ltr'><strong>collimatum</strong></span> <span class='ocrx_word' id='word_1_612' title='bbox 505 4893 579 4953; x_wconf 87' lang='lat' dir='ltr'><strong>esse,</strong></span> <span class='ocrx_word' id='word_1_613' title='bbox 603 4900 658 4942; x_wconf 93' lang='lat' dir='ltr'><strong>non</strong></span> <span class='ocrx_word' id='word_1_614' title='bbox 675 4886 857 4956; x_wconf 88' lang='lat' dir='ltr'><strong>querendum,</strong></span> <span class='ocrx_word' id='word_1_615' title='bbox 882 4893 969 4945; x_wconf 86' lang='lat' dir='ltr'><strong>artem</strong></span> <span class='ocrx_word' id='word_1_616' title='bbox 987 4888 1065 4946; x_wconf 83' lang='lat' dir='ltr'><strong>simrd</strong></span> <span class='ocrx_word' id='word_1_617' title='bbox 1084 4891 1221 4948; x_wconf 84' lang='lat' dir='ltr'><strong>inventam</strong></span> <span class='ocrx_word' id='word_1_618' title='bbox 1239 4900 1267 4947; x_wconf 92' lang='lat' dir='ltr'><strong>et</strong></span> <span class='ocrx_word' id='word_1_619' title='bbox 1284 4893 1432 4963; x_wconf 82' lang='lat' dir='ltr'><strong>perfectam</strong></span> <span class='ocrx_word' id='word_1_620' title='bbox 1450 4909 1505 4949; x_wconf 90' lang='lat' dir='ltr'><strong>non</strong></span> 
     </span>
    </p>
   </div>
   <div class='ocr_carea' id='block_1_10' title="bbox 1226 4984 1297 5046">
    <p class='ocr_par' dir='ltr' id='par_1_11' title="bbox 1226 4984 1297 5046">
     <span class='ocr_line' id='line_1_57' title="bbox 1226 4984 1297 5046; baseline 0.014 -1"><span class='ocrx_word' id='word_1_621' title='bbox 1226 4984 1297 5046; x_wconf 74' lang='grc'><strong>85*</strong></span> 
     </span>
    </p>
   </div>
   <div class='ocr_carea' id='block_1_11' title="bbox 0 0 1656 5520">
    <p class='ocr_par' dir='ltr' id='par_1_12' title="bbox 0 0 1656 5520">
     <span class='ocr_line' id='line_1_58' title="bbox 0 0 1656 5520; baseline 0 0"><span class='ocrx_word' id='word_1_622' title='bbox 0 0 1656 5520; x_wconf 95' lang='lat' dir='ltr'><strong> </strong></span> 
     </span>
    </p>
   </div>
  </div>
 </body>
</html>
