3284 5520
140 250 207 360 ¹680
492 301 498 321 '
605 288 649 345 Ad
668 290 712 345 Jo.
732 288 867 343 Torrentii
886 287 1038 359 Epistolam

140 466 247 531 Procul
271 468 360 528 dubio
383 483 441 526 non
465 468 578 527 invenit
599 465 731 527 additum
753 482 914 537 numerum.
960 467 1034 526 llam
1059 484 1094 527 eo
1117 469 1197 545 ipso,
1221 466 1305 545 quod
1328 469 1425 544 cuspis
1445 485 1491 528 seu

142 559 237 616 exitus
266 558 446 628 nominetur,
477 556 640 614 tricesimus
663 555 739 629 signi
761 553 869 628 gradus
892 553 1073 630 intelligitur.
1117 552 1231 630 Quarto
1253 555 1411 630 diligenter
1431 572 1492 632 pcr-

140 643 298 721 pendatur,
323 642 471 719 quomodo
495 641 726 703 observaverint.
771 640 866 701 Stella
888 650 964 702 certe
987 643 1089 718 nequit
1111 643 1276 716 observari,
1308 640 1491 719 apudque

132 730 193 815 ¹Sol
222 733 363 791 consistit.
409 729 544 788 Forsitan
574 731 662 805 igitur
684 726 758 787 haec
780 744 837 786 uon
862 735 906 788 est
928 729 1112 802 observatio,
1139 728 1192 789 sed
1215 731 1401 807 computatio
1423 738 1491 790 retro

140 828 272 879 extensa.
318 817 393 878 Nam
416 818 481 893 ipsa
503 807 661 876 celebratio
685 816 820 890 imaginis
843 814 994 890 Sagittarii
1016 816 1108 875 multo
1131 820 1275 877 recentior
1298 815 1424 889 videtur,
1446 820 1491 875 iri·

141 905 264 980 buitque
287 912 406 964 comet
429 905 536 965 Arietis
559 905 716 978 imaginem
738 901 851 960 Plinius
875 901 1048 976 Oleastrum,
1073 911 1103 962 et
1124 905 1285 964 maximam
1308 906 1388 980 sigui
1410 901 1491 964 decli

140 994 289 1050 nationem
305 991 453 1066 Diogenes
470 990 604 1049 Laiirtius
627 992 676 1048 uni
693 988 935 1067 philosophorum
949 988 1046 1069 (fallor
1060 1007 1098 1049 an
1114 990 1375 1068 Anaximandrol)
1398 993 1491 1068 paucis

140 1088 207 1139 ante
231 1078 377 1137 Christum
400 1077 516 1137 seculis.
637 1136 642 1146 ,

244 1166 342 1226 Paulo
361 1172 431 1240 poet
453 1172 591 1239 tempora
620 1162 685 1223 Yao
707 1170 836 1223 uolatus·
857 1166 985 1239 iusignia
1007 1164 1135 1243 eclipsis,
1163 1182 1244 1241 quae
1265 1164 1383 1224 dicitur
1403 1167 1491 1226 conti

41 1292 44 1298 -
139 1256 214 1330 pieac
236 1255 270 1310 tu
293 1248 327 1310 2⁰
352 1251 479 1327 Scorpii.
525 1254 653 1309 Auuum
677 1249 762 1322 daut,
784 1253 883 1309 nucia
906 1269 949 1310 au
971 1258 999 1309 et
1019 1251 1097 1310 bora
1118 1259 1147 1310 ct
1166 1251 1351 1328 magnitudo
1373 1256 1490 1312 minuar.

140 1341 215 1398 Dico
238 1356 315 1414 quae
337 1340 427 1415 prius,
450 1339 621 1415 imaginatio
645 1336 766 1413 Scorpii,
790 1338 957 1397 observatio
979 1345 1009 1397 et
1031 1337 1188 1416 adscriptio
1210 1339 1339 1415 eclipsis,
1363 1357 1413 1400 res
1433 1350 1492 1399 eunt

138 1428 331 1505 posteriorum
362 1425 536 1486 seculorum.
582 1425 686 1500 Itaque
715 1435 804 1500 puto,
836 1425 912 1484 hanc
940 1424 1060 1502 eclipsin
1092 1442 1155 1485 esse
1185 1443 1222 1486 ex
1244 1425 1360 1486 calculo
1384 1426 1490 1485 illorum

138 1524 214 1574 retro
238 1522 368 1573 extenso.
406 1513 499 1587 Alias,
521 1513 547 1572 si
571 1530 641 1571 vera
664 1512 830 1571 observatio
851 1520 937 1586 esset,
959 1514 984 1571 si
1001 1529 1094 1570 annus
1110 1520 1204 1572 ccrtru
1219 1512 1389 1586 adderetur,
1412 1531 1490 1591 prae·

139 1602 350 1661 stantissimum
373 1609 451 1668 esset
473 1601 657 1675 antiquitatis
680 1606 913 1672 monumentum,
937 1599 976 1659 ab
997 1600 1083 1658 aunis
1108 1606 1201 1673 1000,
1226 1616 1293 1659 cum
1316 1603 1490 1677 antiquiores

140 1705 197 1747 non
220 1690 366 1764 supersint
388 1689 483 1760 nohis,
507 1705 595 1763 quam
618 1687 656 1745 ab
672 1687 757 1746 annis
774 1691 869 1747 2300.
909 1685 1008 1747 Facile
1031 1686 1241 1748 discerneretur
1262 1706 1316 1765 per
1338 1689 1439 1748 locum
1461 1684 1489 1747 2⁰

139 1775 262 1852 Scorpii,
286 1774 364 1834 Solis
387 1781 465 1834 essct
487 1791 523 1833 an
549 1774 659 1833 Lunae.

245 1858 425 1921 Fraetiouce
450 1864 484 1920 iu
513 1864 685 1937 quantitate
710 1862 789 1919 aaut
811 1862 888 1920 circa
911 1868 1049 1936 tempora
1079 1860 1145 1922 Yao
1167 1860 1327 1938 diligenter
1349 1861 1490 1921 adbibue-

138 1954 243 2010 runc
269 1947 405 2025 Amplius
428 1948 580 2008 confirmor
600 1946 635 2007 de
652 1946 757 2006 calculi
773 1947 888 2008 illorum
905 1950 1076 2008 extensione
1090 1950 1121 2005 in
1135 1947 1341 2008 antecedentia
1356 1959 1489 2026 tempora

138 2035 214 2094 Nam
237 2035 393 2095 fractiones
416 2035 445 2092 in
469 2036 632 2111 quantitate
655 2036 723 2094 anni
746 2041 896 2110 nequeunt
919 2039 1055 2109 cognosci
1079 2038 1177 2096 statim
1200 2037 1230 2094 in
1252 2037 1400 2114 principio
1423 2045 1491 2096 teru-

139 2123 218 2200 poris
241 2123 449 2196 observatorii,
479 2124 665 2198 requiruntur
695 2123 771 2181 enim
799 2121 892 2181 multa
922 2121 1035 2195 secula,
1065 2125 1237 2200 priusquam
1259 2123 1316 2183 hae
1339 2124 1491 2183 0110001101

139 2207 336 2269 addiscantur.
381 2208 511 2280 Interim,
534 2211 561 2269 si
582 2217 775 2269 assueverunt
796 2208 953 2269 fractiones
975 2211 1043 2269 anni
1065 2209 1212 2281 adhihere,
1235 2211 1312 2271 bene
1328 2219 1393 2287 eat,
1415 2218 1492 2287 grata

140 2299 196 2356 crit
217 2299 289 2373 ipsis
311 2296 386 2357 hacc
409 2315 445 2356 ex
467 2296 544 2357 Tah.
566 2294 717 2372 Rudolphi
738 2295 842 2356 fractio

218 2403 270 2459 rar
316 2405 385 2459 uu
420 2404 485 2460 uer
610 2404 679 2460 aeos
725 2403 776 2460 ese
823 2403 891 2460 1301
926 2403 996 2461 aoee
1136 2404 1205 2461 aare
1252 2404 1305 2461 ara

191 2477 504 2549 auum
535 2457 589 2514 ¹¹²2·
608 2492 679 2548 aooo
717 2493 788 2548 eooo
822 2492 891 2549 sono
926 2492 997 2549 eooo
1062 2457 1115 2514 ¹¹¹¹*
1134 2474 1343 2550 W
1363 2465 1417 2515 “⁰-

139 2594 189 2653 uhi
207 2597 288 2652 2181
306 2600 336 2652 et
352 2597 435 2653 2089
459 2597 700 2670 superant1500
723 2609 845 2653 excessu
869 2595 971 2653 minori
994 2599 1177 2669 qoam'1273
1199 2603 1269 2653 suut
1291 2595 1383 2670 igitur
1405 2595 1491 2655 iuter·

138 2680 249 2740 colarii.

244 2765 353 2843 Nuper·
381 2766 445 2825 uidi
471 2767 664 2842 problemata
693 2769 875 2845 geometrica
902 2769 957 2841 15,
988 2783 1067 2842 quac
1095 2775 1244 2842 ruperant
1272 2768 1361 2827 3000
1391 2784 1491 2828 annot.

142 2854 220 2927 listo,
244 2852 381 2913 Euclides
403 2861 470 2914 ante
489 2859 571 2914 1900
596 2871 690 2914 annos
706 2854 889 2916 collectorem
906 2856 966 2930 egit
979 2855 1192 2930 problematum
1215 2871 1267 2914 seu
1283 2855 1493 2916 theorematum

140 2943 302 3017 antiquitus
332 2949 476 3001 notorum.
523 2941 734 3001 Confirmsmur
762 2943 865 3018 igitur,
896 2940 982 3002 Sinas
1005 2943 1145 3019 originem
1168 2942 1206 3003 ab
1229 2940 1359 3002 Jonibus
1384 2944 1491 3014 ducere,

139 3031 212 3087 mari
235 3030 343 3107 quippe
365 3027 466 3089 Rubro
490 3028 537 3087 vel
557 3028 676 3089 Persico
700 3028 814 3089 delatos
837 3030 866 3088 in
890 3029 1009 3089 orientis
1031 3028 1142 3088 insulas
1166 3029 1292 3105 indeque
1316 3031 1346 3088 iu
1371 3033 1492 3091 vicinam

139 3117 342 3176 continentem.
1162 3162 1163 3165 ,

244 3201 282 3263 111
298 3206 334 3261 iis
347 3205 486 3277 primum
502 3210 544 3262 est
564 3203 735 3279 penultima
746 3205 853 3278 primi,
874 3203 959 3278 cujus
985 3209 1082 3261 11111011
1097 3204 1209 3262 inventi
1224 3206 1350 3279 gratiam
1368 3203 1493 3265 Graecus

141 3290 192 3350 ille
215 3289 251 3350 de
274 3298 352 3350 astro
376 3308 430 3349 suo
452 3290 564 3364 hahuit,
588 3291 781 3349 hecatombas
804 3292 832 3347 in
858 3292 951 3348 vicem
974 3290 1050 3349 bove
1073 3290 1233 3349 immolata.

243 3394 413 3454 Zodiacum
435 3394 577 3453 dividunt
599 3398 632 3453 iu
655 3396 696 3453 28
718 3394 962 3455 constellationes.
1000 3394 1130 3453 Arabum
1153 3412 1226 3469 mos,
1250 3397 1302 3471 qui
1326 3400 1491 3456 mansiones

60 3484 63 3489 ’
139 3501 190 3543 eas
212 3482 364 3559 appellant
388 3482 505 3557 Lunae3
529 3499 584 3542 nec
606 3484 683 3541 enim
705 3481 765 3542 alia
788 3497 878 3541 causa
899 3483 1021 3556 numeri,
1044 3499 1133 3557 quam
1155 3490 1253 3541 motus
1267 3482 1376 3545 Lunae
1399 3487 1493 3562 perio·

139 3569 221 3630 dicus
245 3579 288 3629 tot
311 3569 431 3629 dierum.

246 3657 408 3733 Scorpium
431 3664 543 3716 uocant
558 3655 741 3729 Draconem,
769 3654 951 3715 Caniculam
965 3655 1101 3733 Lupum,
1129 3656 1355 3733 Capricornum
1371 3657 1492 3718 Boocm.

141 3743 283 3801 Videatur
300 3743 415 3819 Auophi
432 3744 537 3816 Arabs,
561 3744 655 3803 sicubi
678 3749 820 3821 superest.
858 3743 1015 3819 Exemplar
1037 3747 1112 3804 enim
1134 3745 1173 3804 ab
1189 3745 1305 3823 sipiano
1322 3748 1493 3821 promissum

140 3830 332 3907 conflagravit
354 3829 528 3907 Ingolstadii
552 3832 580 3887 in
604 3829 726 3890 aedibus
749 3831 1004 3906 Augermanianis.
1050 3831 1174 3906 Mirum,
1197 3835 1253 3892 nisi
1277 3840 1341 3892 tota
1364 3832 1491 3893 Sinensis

140 3925 283 3977 astrorum
308 3916 462 3994 disciplina
484 3919 524 3975 sit
545 3936 565 3974 a
586 3919 796 3977 recentioribus
821 3917 968 3977 Arabihus
992 3926 1176 3979 transsumta.

244 4023 372 4083 Stellam
390 4025 587 4099 posteriorem
609 4021 702 4082 Ursae
724 4025 852 4083 minoris
876 4031 984 4082 cocant
999 4024 1119 4100 Regem,
1143 4027 1219 4100 quia
1233 4023 1307 4083 olim
1321 4032 1390 4083 crat
1404 4043 1493 4099 prope

136 4112 243 4186 polum
268 4111 439 4184 immobilis,
463 4128 557 4185 quam
580 4111 717 4186 reliquae
738 4127 840 4170 omues
862 4111 1097 4170 emerebantur.
1137 4111 1168 4168 Si
1188 4112 1262 4170 haec
1276 4109 1311 4173 P.
1327 4110 1492 4171 Torrentius

139 4201 212 4275 ipse,
238 4200 366 4275 persistit
389 4199 418 4255 in
440 4196 669 4257 hallucinatione
692 4199 843 4274 superiori,
868 4199 927 4256 imo
951 4215 1098 4274 uunquam
1122 4200 1239 4275 propior
1253 4197 1309 4256 fuit
1323 4197 1400 4258 haec
1414 4198 1494 4258 stella

139 4285 207 4361 polo
230 4284 339 4356 mundi,
364 4301 452 4360 quam
474 4284 583 4358 hodie;
607 4287 651 4343 sin
675 4285 793 4343 traditio
816 4291 861 4343 est
883 4284 1027 4358 Sinarum,
1051 4288 1149 4362 arguit
1163 4302 1304 4361 nuperum
1319 4285 1402 4361 apud
1417 4288 1493 4362 ipsos

138 4373 283 4430 notitiam.
331 4370 453 4447 Scripsit
474 4370 605 4449 Pytheas
628 4370 778 4431 Massilius
801 4379 869 4431 ante
892 4371 1052 4449 Hipparchi
1076 4381 1222 4448 tempora,
1245 4372 1361 4446 locum,
1386 4375 1415 4431 in
1438 4388 1492 4449 quo

139 4458 226 4535 polus
250 4457 358 4531 mundi,
383 4456 476 4517 stellis
500 4475 563 4517 esse
588 4476 721 4533 vacuum,
745 4461 932 4520 circumstare
956 4462 1067 4519 eminus
1090 4467 1148 4522 tres
1171 4458 1313 4534 stellulas,
1338 4477 1492 4536 quaecum

138 4546 204 4605 loco
227 4545 286 4623 poli
310 4544 538 4621 quadrilaterum
562 4546 720 4608 enormem

245 4649 285 4708 Ire
306 4667 362 4709 suo
384 4658 526 4725 computo
547 4668 610 4710 uon
633 4658 740 4709 arram
761 4650 845 4708 ultra
868 4653 887 4709 2
909 4650 1008 4710 aut'3
1030 4651 1231 4727 quadrantes,
1263 4650 1347 4727 quod
1368 4654 1491 4724 mimam,

139 4738 174 4799 r'u
196 4736 281 4797 4000
302 4739 395 4797 annis
423 4755 487 4798 nou
514 4738 584 4817 plue
606 4741 750 4800 variasse.
796 4736 1060 4815 Considerandum,
1087 4739 1237 4816 jactentue
1267 4739 1326 4799 hoc
1347 4737 1492 4813 Sineuses,
