3284 5520
140 326 206 396 272
629 328 776 399 appendix
793 329 1006 401 Hyperaspistie.

25 547 27 551 -
141 515 258 567 nostrae
281 504 467 582 donatianae
491 508 567 568 vello
589 524 711 583 negare,
740 506 792 567 sad
816 525 882 566 cum
906 508 1069 587 Eurydicen
1093 505 1211 585 Orpheo
1235 526 1320 568 snam
1343 509 1501 569 invidisset

141 592 277 653 infandus
300 610 402 669 orcae,
426 595 552 656 Thracia
575 595 690 672 puellas
714 595 883 655 obtruderet
903 597 989 669 alias,
1022 600 1086 673 ipse
1109 604 1204 655 totum
1226 597 1373 673 reliquam
1394 614 1501 657 suum

141 699 272 758 perosus,
296 682 427 759 lingnam
450 684 529 743 haud
553 684 689 760 equidem
711 682 845 743 consulto
868 682 919 743 sed
943 687 1100 745 acerbitate
1118 684 1228 744 doloris
1245 686 1340 745 victae
1356 689 1387 744 ia
1403 686 1501 761 ipsam

141 773 228 829 etiam
253 770 416 847 Eurydicen
439 774 589 830 strinxisse
612 772 709 829 lentur.

244 859 273 916 3.
304 858 369 919 Fol.
387 860 438 917 25.
460 860 550 919 talem
573 859 697 917 institnit
721 856 928 933 hypothesium
952 860 1201 936 comparationem
1225 859 1394 919 Galaesus:
1418 858 1500 937 spnd

139 944 343 1004 Ptolemaeum
365 956 395 1005 et
410 945 603 1024 Caperaicum
626 962 690 1003 esse
712 955 845 1022 systema
866 943 967 1002 mandi
981 948 1135 1022 integrum,
1159 964 1274 1006 summo
1290 964 1356 1006 cum
1373 948 1499 1007 artifieio

140 1040 337 1092 constructam
361 1042 391 1092 et
412 1033 449 1093 ad
464 1033 552 1094 finem
567 1033 748 1110 perductum,
772 1031 859 1107 quale
875 1031 944 1107 qaid
961 1035 991 1091 in
1006 1032 1147 1111 'l'ycbona
1164 1039 1227 1112 ipse
1241 1034 1371 1094 nondum
1386 1034 1499 1094 videat.

139 1116 180 1179 Ut
196 1119 345 1198 Tychonis
367 1138 423 1197 ego
446 1120 623 1200 hypotheses
642 1118 779 1179 Galilaea
803 1123 939 1197 privatim
963 1123 1157 1197 comprobem,
1183 1139 1273 1182 cauea
1294 1123 1377 1182 ualla
1398 1133 1447 1183 est
1470 1132 1501 1183 ct

140 1215 223 1267 vetat
244 1209 426 1286 ingenuitas:
450 1227 508 1268 uon
532 1216 629 1288 potest
651 1209 727 1267 anim
751 1205 841 1265 latere
866 1205 1041 1279 Galilaeam,
1065 1226 1123 1267 aon
1147 1218 1269 1282 ceteros,
1293 1227 1360 1269 mea
1382 1210 1420 1271 de
1443 1211 1501 1271 bac

140 1297 264 1354 materia
286 1300 443 1359 sententia.
480 1296 539 1357 Sed
562 1298 633 1372 quie
656 1294 728 1353 haec
743 1311 761 1353 a
777 1293 912 1353 Galilaea
937 1298 1071 1355 instituta
1085 1301 1265 1374 comparatio
1280 1298 1401 1377 publiea
1417 1309 1501 1359 cete-

140 1399 197 1455 ros,
222 1385 272 1458 qui
289 1388 403 1461 magnis
418 1386 580 1444 rationibus
596 1383 714 1442 adducti
729 1381 900 1458 Tychoncm
915 1386 1013 1458 potiae
1029 1393 1199 1460 sequnntur,
1224 1384 1365 1462 impedire
1380 1386 1502 1446 videtur

139 1471 169 1526 in
192 1470 286 1530 tractu
310 1471 518 1553 chychonie
543 1470 756 1549 hypothesibus
779 1468 942 1545 capiendo,
967 1471 1139 1531 excutienda
1162 1472 1215 1530 illa
1235 1473 1291 1532 luit
1312 1474 1402 1551 paula
1427 1473 1501 1533 dili·

140 1560 265 1633 gentius.
297 1560 355 1619 'Ac
385 1562 510 1636 primum
539 1561 564 1619 si
587 1557 741 1618 Galilaeae
771 1559 968 1633 integritatem
995 1563 1164 1636 systematis
1186 1560 1347 1634 desiderat,
1379 1561 1501 1621 diititeri

139 1654 259 1721 rogatas
290 1663 348 1706 naon
379 1649 499 1724 poterit,
532 1655 662 1725 systema
691 1645 790 1703 mnndi
819 1648 908 1704 etiam
935 1646 1014 1721 apud
1037 1647 1210 1724 'l'ychoaem
1239 1648 1313 1707 tradi
1340 1650 1500 1725 integrum.

139 1732 229 1793 Terra
258 1734 416 1794 immobilis
443 1742 488 1796 eet
514 1736 545 1793 in
573 1741 688 1806 centro,
722 1734 829 1791 circum
859 1750 924 1792 eam
945 1733 1046 1806 Luna,
1069 1734 1123 1793 Sol
1152 1744 1182 1795 et
1211 1736 1337 1812 sphaera
1360 1736 1500 1811 lixarum

139 1824 228 1882 tantis
252 1820 406 1881 distinctae
430 1824 467 1882 eb
491 1824 616 1881 invicem
638 1819 818 1893 intervallis,
848 1828 881 1879 at
903 1819 1001 1880 Solem
1031 1825 1105 1880 inter
1127 1830 1156 1882 et
1177 1821 1252 1882 fixas
1275 1825 1405 1899 quinque
1429 1824 1502 1900 pla·

139 1918 225 1970 netae
247 1910 352 1986 reliqui
376 1908 507 1970 ordinem
527 1917 558 1969 et
579 1909 798 1986 proportionem
820 1924 956 1967 cursuum
979 1909 1103 1969 eandem
1126 1911 1256 1970 obtinere
1271 1914 1393 1987 possint,
1420 1929 1502 1987 quac

142 1999 217 2055 inter
244 1997 326 2072 ipsae
354 2007 398 2056 est
425 1996 504 2074 apud
528 1997 736 2074 Cepernicum3
765 2004 824 2055 tres
854 1997 987 2055 nimirum
1011 1996 1175 2072 superiores
1197 1999 1359 2057 laxioribus
1381 1999 1505 2059 circalis

143 2087 310 2144 insistentes
332 2087 480 2161 regionem
502 2084 585 2143 illam
608 2101 722 2160 semper
744 2082 905 2157 includunt,
929 2087 958 2141 in
982 2102 1041 2160 qaa
1059 2084 1150 2145 'l'erra
1173 2102 1238 2144 curn
1254 2085 1323 2145 Sole
1346 2090 1503 2162 reperitur,

143 2173 201 2231 duo
231 2189 300 2232 vero
329 2174 478 2232 interiores
511 2173 625 2232 circulis
655 2172 897 2231 contractioribus
919 2171 1039 2231 Terram
1066 2174 1142 2231 iuter
1164 2181 1193 2231 et
1215 2172 1315 2233 Solem
1336 2180 1503 2244 aenaeam.

143 2259 223 2319 illam
247 2261 284 2319 ab
308 2261 365 2319 isto
387 2260 581 2320 secludentes.
617 2259 753 2318 Motuum
775 2261 964 2318 transsamtio
980 2267 1025 2319 eet
1040 2260 1159 2318 orbibus
1175 2260 1260 2320 dictis
1276 2260 1414 2337 analoga.
1454 2262 1506 2322 Its

142 2350 311 2424 systematis
327 2347 489 2425 Tychonici
512 2350 666 2425 integritas
683 2365 717 2406 ex
732 2346 913 2407 Ptolemaico
929 2356 958 2406 et
973 2346 1175 2423 Oupernicaao
1192 2350 1383 2424 componitur.
1424 2348 1511 2411 Nam.

143 2435 220 2510 qnod
245 2436 349 2494 attinet
371 2436 511 2511 sphaeras
535 2435 602 2495 illas
625 2437 829 2511 imaginarias,
860 2450 984 2507 nonam,
1016 2434 1159 2494 decimam
1183 2444 1228 2507 et,
1258 2438 1283 2494 ei
1307 2452 1410 2496 omnes
1431 2454 1507 2513 per·

142 2539 300 2598 sequanmur
329 2525 472 2599 ineptias,
503 2522 703 2595 undecimam,
732 2540 782 2581 eas
804 2521 907 2599 Tycha
936 2521 1070 2598 exemplo
1094 2522 1248 2598 Oopernici
1276 2526 1358 2599 ipsae
1380 2525 1507 2600 quidem

144 2610 283 2685 relinquit
298 2609 479 2683 Ptolemaeo,
503 2611 616 2671 effectui
641 2627 711 2669 aero
734 2609 859 2682 illarum,
883 2612 934 2684 qui
949 2612 988 2669 eit
1003 2611 1259 2670 observationibus
1276 2621 1509 2693 consentaneus,

143 2696 247 2774 Tycha
270 2697 366 2757 locum
391 2701 419 2755 in
443 2708 603 2776 systemate
615 2698 679 2774 jam
694 2697 839 2773 descripto
855 2699 900 2755 sic
914 2715 945 2756 sa
960 2706 1140 2773 reperturam
1157 2701 1295 2774 speravit,
1319 2701 1397 2759 sicut
1412 2700 1508 2759 horo·

143 2785 222 2860 logio
246 2784 329 2845 locas
352 2788 476 2845 inveniri
499 2794 596 2864 potest
619 2788 648 2843 in
672 2784 759 2843 domo
782 2785 836 2843 snb
858 2792 968 2843 tectum
991 2786 1114 2844 educta:
1138 2795 1170 2845 at
1184 2803 1242 2844 non
1258 2789 1354 2847 minas
1370 2797 1507 2866 systema

143 2871 292 2950 Tychoais
323 2875 466 2950 integram
496 2874 597 2933 baberi
621 2873 741 2944 debeat,
774 2871 926 2931 deficiente
949 2872 1076 2948 sphaera
1097 2890 1176 2932 nona
1198 2880 1228 2933 et
1250 2874 1377 2947 decima,
1412 2892 1507 2951 qaam

144 2960 258 3033 domae,
281 2960 433 3021 deficiente
456 2961 618 3036 horologio.

246 3048 286 3107 At
310 3048 416 3108 dixerit
438 3048 608 3121 Galilaeae,
640 3047 697 3106 hee
719 3064 737 3106 a
760 3047 900 3125 Tychoae
924 3046 1053 3106 nondam
1076 3065 1140 3107 esee
1163 3051 1337 3124 praestitam
1358 3057 1451 3126 atque
1473 3049 1504 3109 ld

143 3134 240 3207 ipsum
263 3153 344 3209 esse,
376 3136 456 3212 quod
484 3137 582 3195 verbis
605 3136 830 3212 suprascriptis
855 3138 916 3210 ipse
940 3138 978 3193 sit
1001 3145 1154 3209 causatus,
1185 3136 1311 3211 quodsi
1335 3144 1505 3214 praestetur

143 3221 318 3297 etiamnum,
349 3229 418 3283 tuna
446 3241 506 3282 rem
529 3232 581 3283 ant
604 3222 641 3283 ad
665 3223 750 3282 orbes
773 3222 840 3281 illos
863 3221 1109 3282 Ptolemaicorum
1132 3228 1402 3299 supernumerarius
1426 3227 1505 3286 reei-

144 3308 221 3381 dare,
245 3319 296 3370 aat
319 3309 358 3370 ad
380 3320 478 3371 motus
500 3310 617 3387 aliquos
639 3310 748 3370 Terrae
770 3308 931 3370 secundam
953 3309 1155 3386 Gopernicnm.
1200 3311 1355 3385 Fortassis,
1380 3315 1504 3389 inquam

143 3413 208 3472 ego.
255 3399 295 3456 ht
325 3399 394 3474 quid
427 3401 452 3456 si
481 3416 540 3457 non
571 3402 610 3457 sit
633 3415 708 3474 opas
730 3399 998 3475 repraesentatione
1021 3398 1137 3457 illorum
1161 3398 1339 3458 effectuum?
1373 3398 1504 3475 Quidni

145 3485 384 3546 observationum
408 3487 511 3545 talium
533 3487 656 3561 jactatio
679 3502 757 3544 vaae
779 3486 834 3543 luit
856 3484 935 3561 apud
961 3485 1096 3544 veteres?
1132 3484 1210 3559 Quid
1233 3489 1258 3545 ei
1281 3502 1340 3546 noa
1362 3504 1505 3548 mancum

146 3580 277 3648 systema
309 3591 397 3650 snpra
425 3573 599 3651 descriptum
623 3572 786 3650 Tychonis,
815 3573 866 3631 sed
896 3572 1075 3648 superfluum
1102 3572 1254 3650 (laperaici
1284 3583 1315 3635 et
1336 3572 1505 3636 Ptolemai-

145 3675 253 3732 corum,
278 3660 358 3735 quod
380 3661 436 3719 bae
457 3664 596 3720 minutias
619 3660 746 3720 atthret‘?
778 3660 943 3736 Seponatur
966 3660 1039 3720 haec
1061 3678 1128 3736 pare
1151 3664 1363 3734 mnonomiae,
1388 3665 1418 3720 ia
1442 3680 1506 3740 qus

146 3745 290 3822 supplere,
315 3747 394 3825 qaod
417 3746 569 3808 Galilaeae
593 3746 747 3820 desiderat,
772 3756 816 3805 est
831 3747 1028 3807 demonstrare
1044 3748 1074 3806 id
1088 3765 1154 3807 esse
1170 3748 1357 3825 superfluam.
1396 3748 1506 3825 Quaa-

143 3835 234 3910 tieper
262 3849 319 3892 non
349 3835 468 3912 expedit
491 3853 607 3896 omnem
629 3835 665 3895 de
688 3836 733 3893 his
756 3837 846 3895 animi
869 3852 985 3894 sensum
1009 3835 1112 3912 Tycha
1135 3835 1249 3896 aliusve
1272 3837 1381 3913 aliquis
1403 3846 1506 3898 astro·

143 3937 297 3981 nemorum
320 3922 453 3995 idoneae,
477 3928 617 4001 tantisper
640 3926 728 3983 celeri
751 3939 847 3981 rernm
870 3940 889 3981 a
910 3940 942 3981 ee
966 3925 1038 3999 ipsis
1061 3926 1284 3983 constitutarum
1303 3927 1405 3984 incerti
1421 3935 1505 3989 sunt.

148 4068 150 4072 .
247 4015 276 4067 4.
313 4010 510 4072 Transeamus
534 4010 571 4071 ad
593 4012 683 4070 sliam
707 4011 934 4091 comparationis
955 4010 1139 4086 particulam.
1186 4010 1337 4070 Summum
1365 4015 1507 4088 agumcit

144 4094 297 4157 Galilaeae
320 4098 475 4158 artificium
498 4100 528 4157 ia
551 4099 723 4159 Ptolemaeo
747 4107 778 4157 et
799 4098 971 4173 Gopernlco.
1017 4098 1048 4157 Si
1072 4100 1179 4171 instes,
1202 4106 1298 4157 atram
1321 4101 1450 4175 aequale
1472 4104 1506 4160 in

143 4193 285 4260 utroque,
308 4187 444 4263 negabit,
472 4188 602 4263 potiores
625 4186 788 4263 Gopemieo
813 4184 932 4245 deleret.
976 4185 1041 4244 Noa
1066 4188 1154 4262 igitur
1175 4202 1322 4246 summam
1343 4189 1372 4244 iu
1396 4188 1506 4250 Ptole-

141 4288 234 4332 maeo.
280 4271 350 4333 Jam
382 4291 453 4333 vero
476 4273 638 4352 Tychoaici
668 4277 837 4351 systematis
866 4272 997 4333 membra
1024 4273 1147 4333 collecta
1175 4282 1244 4333 eant
1265 4292 1302 4333 ex
1324 4273 1505 4336 Ptolemaici

141 4376 200 4418 uon
223 4378 336 4422 summe
359 4369 389 4420 et
411 4381 447 4421 ex
470 4361 664 4438 Copcrnicani
686 4378 799 4421 summe
822 4361 1002 4433 artificiosis,
1033 4379 1087 4420 nec
1109 4360 1322 4421 Ptolemaicam
1346 4371 1507 4424 aversatur

143 4446 190 4505 hic
212 4446 364 4509 Galilaeae
394 4449 432 4508 ob
462 4457 560 4526 partes
590 4449 750 4520 secundae,
781 4451 877 4508 minue
900 4451 989 4523 igitar
1012 4449 1197 4508 aversabitur
1219 4448 1437 4527 Tychonienm,
1470 4458 1506 4511 ut

141 4534 220 4608 qaod
243 4535 407 4612 plusculum
431 4538 520 4596 trahit
543 4536 579 4597 de
602 4538 779 4613 perfectione
802 4538 1003 4611 Capernicani.

247 4629 273 4683 b.
309 4624 473 4701 AtTycho
496 4642 581 4684 snam
605 4634 735 4702 systema
757 4624 796 4682 ad
819 4625 907 4683 harem
929 4623 1058 4682 nondum
1081 4622 1232 4700 perduxit,
1257 4624 1362 4697 idest,
1386 4632 1420 4682 at
1443 4642 1503 4700 ego

141 4706 283 4785 intelligo,
307 4728 442 4772 numeros
465 4721 494 4771 et
517 4711 662 4773 calculum
684 4712 805 4771 orbibus
826 4711 956 4771 nondum
976 4710 1160 4787 applicavit?
1183 4709 1263 4770 Nihil
1285 4710 1343 4771 hoc
1362 4710 1402 4770 ad
1425 4727 1503 4785 rem,

141 4812 194 4856 aar
223 4800 318 4858 minus
346 4798 528 4876 acceptabile
556 4801 597 4859 sit
624 4809 754 4878 systema
782 4798 994 4879 Tychonicam.
1038 4798 1115 4859 Nam
1147 4806 1181 4858 at
1213 4801 1243 4857 in
1272 4798 1504 4860 Commentariis
