3284 5520
561 324 724 395 prerueris
742 323 777 380 ed
795 339 896 382 annum
914 324 992 382 1617.
1389 322 1454 391 481

111 498 159 562 luo
184 494 282 580 o'pers,
308 505 397 564 totius
421 504 499 564 orbis
523 504 674 563 doctorum
696 504 845 563 bominum
868 507 945 564 votis
968 505 1110 581 expetita,
1135 501 1265 562 Tabulas
1288 503 1455 580 praecipue,

111 587 285 665 quorundam
308 592 479 670 importunis
502 600 532 651 et
552 609 625 670 pene
640 591 857 652 contumeliosis
873 590 1158 669 expostulationibus
1173 590 1359 667 efflagitatas,
1381 592 1456 649 intra

111 676 257 737 uenatum
281 676 329 737 vei
352 678 430 755 quod
454 681 550 738 minus
573 687 632 752 est,
658 679 722 739 Deo
746 681 836 738 vitam
860 687 890 738 et
912 681 989 738 vires
1012 678 1169 755 largiente,
1200 680 1230 734 iu
1253 676 1378 736 solidum
1401 678 1457 737 ab·

111 760 216 824 uivere
248 775 290 839 et,
322 766 479 826 accedente
503 766 722 826 Brnbeauorum
744 766 903 826 haeredum
926 783 1086 840 consensu,
1119 765 1244 843 publicis
1266 769 1354 825 etium
1379 767 1457 843 typis

111 850 238 912 ubibere
261 855 380 931 possim.

204 938 302 999 Deum
335 938 403 1018 Opi.
434 940 514 999 Max.
547 940 671 1000 devotus
706 957 821 1017 precor,
858 951 888 998 ut
918 936 966 999 ld*
996 939 1047 997 V⁸⁶
1077 942 1166 998 vitam
1198 948 1227 999 et
1259 937 1456 1001 valetudinem

111 1024 242 1103 optimam
266 1030 294 1085 in
317 1027 505 1104 longissimos
530 1046 621 1088 annos
644 1035 790 1104 proroget,
817 1027 1004 1103 ueriquilIsm
1028 1036 1056 1088 et
1078 1025 1192 1087 leiicem
1215 1026 1457 1103 gubernationem

111 1115 218 1192 mperii
235 1112 359 1174 Romani
375 1114 601 1192 Regnorumque
625 1124 654 1174 et
676 1115 895 1174 Provinciatum
920 1114 1177 1174 haereditariarum
1201 1113 1350 1191 largiatur,
1374 1120 1459 1173 utet

111 1198 197 1260 tudia
224 1200 299 1263 haec
322 1201 520 1263 calamitatum
544 1221 648 1263 secura
670 1220 852 1263 succrescere
875 1213 903 1261 et
926 1203 1035 1263 fructus
1059 1220 1159 1262 eorum
1183 1203 1316 1279 promissi
1339 1198 1457 1259 tandein

111 1300 124 1343 n
151 1286 322 1363 Augustum
345 1287 406 1349 M'¹¹
434 1291 486 1349 V¹²
508 1301 694 1367 conspectum
717 1310 734 1348 u
759 1308 804 1349 me
828 1288 934 1349 adduci
956 1294 1086 1366 possint,
1110 1291 1251 1367 imprimis
1275 1287 1320 1348 8¹·
1341 1287 1389 1346 θ’·
1408 1282 1459 1347 litt

111 1368 151 1428 θ’·
173 1373 305 1452 EJusque
329 1386 387 1437 tam
404 1377 570 1455 MaJestatis
595 1385 624 1438 et
645 1377 808 1450 Honorum,
832 1395 920 1454 quam
944 1380 1023 1436 vitae
1046 1378 1150 1438 Seciae
1169 1378 1322 1453 Augustae
1345 1378 1458 1451 totique
1495 1378 1502 1401 “

111 1456 210 1520 >omui
235 1465 408 1526 Austriaeae
439 1468 632 1544 omnibusque
656 1465 727 1542 Ejus
759 1467 861 1524 amieis
892 1474 920 1525 et
948 1466 1102 1526 clientibus
1129 1464 1331 1525 ielioissimum
1353 1465 1459 1524 iucun-

111 1562 157 1608 eut
181 1567 288 1609 anuum
311 1551 460 1629 largiatur.

204 1636 295 1698 Hisce
318 1638 364 1699 8⁸·
383 1641 431 1699 0⁸²
452 1638 501 1699 M‘¹
532 1659 576 1700 me
600 1639 761 1700 humillime
785 1638 966 1699 commendo.
1007 1640 1047 1698 Ex
1073 1639 1145 1715 Ejus
1167 1639 1239 1698 urbe
1259 1638 1372 1712 Lintio,
1394 1654 1458 1697 me·

111 1721 206 1801 ’epuli
231 1725 442 1788 Arobidueatns
467 1727 888 1803 Austria081rper·Auisirrae.

208 1837 272 1900 cu.
295 1839 470 1901 Nouembris
493 1844 562 1901 anui
585 1839 759 1900 MDCXVI.

623 1953 668 2014 saa
689 1952 738 2012 ου
757 1950 808 2013 Mti
831 1952 883 2012 va·

887 2067 1169 2144 obsequentissimus
1191 2065 1416 2125 mathematicus

999 2154 1138 2216 Joonoes
1161 2151 1344 2231 Kepplerus.

676 2342 883 2356 -ῇ

556 2523 989 2605 HectoriS.

208 2683 282 2744 Cum
305 2683 378 2744 haee
393 2684 564 2761 Ephemeris
579 2686 789 2759 absolveretur,
810 2687 873 2762 jarn
890 2687 991 2744 tertius
1007 2686 1045 2744 ab
1061 2695 1165 2745 exacto
1181 2686 1245 2761 ejus
1261 2702 1337 2744 anno
1354 2686 1461 2744 mensis

111 2769 255 2847 gebatur,
279 2780 410 2830 currente
425 2790 502 2831 auno
518 2778 582 2849 eJus
599 2774 808 2852 Ephemeridis,
833 2790 909 2849 quae
926 2773 1001 2832 hauc
1016 2775 1157 2848 sequitur,
1178 2773 1241 2849 Jam
1257 2791 1308 2850 per
1322 2781 1461 2832 semestre

112 2857 227 2918 euaiis.
269 2859 477 2919 Admoueudus
502 2854 590 2936 i'gitut
612 2861 667 2919 luit
693 2871 794 2934 emtor,
818 2859 966 2920 decretum
984 2861 1062 2932 mihi,
1087 2863 1181 2936 primo
1197 2877 1315 2936 quoque
1331 2868 1462 2936 tempore

113 2944 241 3007 erficere
271 2954 301 3005 et
331 2948 445 3006 tertiam
476 2952 506 3007 iu
536 2965 644 3007 anuum
671 2955 754 3008 1619
786 2946 948 3024 eademque
978 2950 1018 3005 uti
1042 2951 1154 3007 ratione
1178 2966 1228 3025 per
1250 2949 1463 3024 subsequentes

111 3049 216 3106 unos,
247 3033 345 3110 quoad
369 3034 433 3094 lieo
464 3038 561 3093 visum
584 3036 687 3094 luerit:
722 3039 823 3112 itaque
847 3034 883 3094 de
906 3036 956 3107 iis,
987 3052 1061 3111 quas
1085 3038 1113 3093 in
1137 3053 1207 3095 usus
1230 3036 1371 3112 quusque
1394 3037 1462 3096 artui

111 3124 226 3192 semet,
250 3120 376 3197 ligandis
400 3120 447 3182 vel
470 3123 656 3182 asservandis
680 3121 833 3182 commodo
858 3124 982 3198 quisque
1005 3139 1059 3180 suo
1082 3129 1201 3182 statuat.

210 3206 278 3283 Quo
306 3210 401 3267 miuus
430 3218 529 3268 autem
556 3211 619 3286 jam
649 3212 747 3269 statim
771 3209 885 3286 aliquot
908 3226 1049 3267 annorum
1071 3211 1232 3269 futurorum
1255 3206 1462 3284 Ephemerides

111 3295 187 3358 imul
205 3296 300 3369 edam,
322 3313 412 3356 causa
429 3297 536 3357 sbabes
552 3301 580 3355 in
597 3296 815 3374 Ptolegomenis
831 3297 880 3356 iol.
900 3303 937 3357 13
955 3299 983 3353 in
1003 3303 1040 3356 16
1059 3302 1119 3368 (teu
1130 3306 1190 3372 ss.);
1213 3299 1313 3372 itaque
1329 3305 1357 3354 te
1374 3294 1461 3355 velim

111 3382 231 3457 redere,
246 3400 356 3443 moram
371 3383 447 3442 banc
462 3402 558 3443 meam
574 3387 602 3442 iu
619 3385 781 3445 scribendis
798 3383 1042 3464 prentetidibus
1058 3385 1211 3442 commodo
1227 3385 1356 3459 ipsarum
1371 3385 1462 3440 inter·
1556 3442 1560 3451 ,

111 3473 182 3533 oni.
230 3470 349 3530 Interim
373 3481 404 3529 tn
428 3471 519 3530 lector
542 3471 717 3551 philosophe
742 3472 825 3532 velut
847 3489 865 3530 a
889 3470 1029 3531 comoedo
1060 3474 1233 3529 interactum
1256 3472 1371 3547 accipe,
1402 3484 1462 3543 quo

111 3560 244 3636 emporis
268 3557 396 3618 taedium
419 3558 521 3630 lenias,
546 3563 616 3635 quia
639 3563 727 3618 etiam
743 3560 896 3619 Minervae
918 3577 989 3618 surus
1012 3569 1057 3617 est
1079 3561 1189 3633 genius.
1228 3558 1370 3616 Nimirum
1387 3557 1462 3615 veris

113 3648 290 3707 iunctarum
311 3646 440 3705 motibus
464 3663 541 3705 nune
565 3647 681 3705 dentum
705 3650 840 3719 inventis,
864 3647 972 3722 abripit
995 3663 1041 3704 me
1064 3654 1247 3721 occupatque
1263 3645 1464 3703 divinissimae

111 3731 362 3809 cntemplationis
384 3733 603 3793 harmoniarum
627 3735 796 3795 coelestium
821 3731 957 3809 voluptas
981 3733 1144 3792 ineffabilis.
1198 3733 1302 3808 ltaque
1325 3736 1351 3791 si
1373 3731 1463 3790 libros

111 3819 275 3881 tristotelis
298 3822 334 3882 de
357 3819 463 3894 Coelo,
495 3824 519 3879 si
543 3820 676 3881 Platonis
699 3820 866 3892 Timaeum,
897 3823 921 3879 si
945 3820 1125 3879 Harmonice
1146 3819 1308 3880 Ptolemaei
1336 3829 1366 3879 et
1388 3818 1464 3878 Por-

111 3908 220 3987 ·lryrii,
244 3926 348 3968 manca
371 3910 469 3967 omniu
492 3918 521 3967 et
544 3910 671 3985 ipsorum
696 3918 846 3969 auctorum
870 3910 1052 3968 confessione
1073 3907 1111 3964 ad
1134 3911 1222 3965 iurum
1245 3907 1368 3982 gradum
1391 3922 1463 3963 eon-

111 3997 250 4068 istentia,
273 3995 415 4056 hactenus
437 3997 466 4053 in
489 3998 581 4071 pretio
598 3996 763 4056 babuerunt
776 3996 943 4056 academiae
959 4003 989 4055 et
1005 3995 1209 4067 bibliothecae,
1235 3998 1360 4054 existent
1375 3994 1463 4051 etiam

110 4099 195 4157 tuuc,
221 4085 272 4158 qui
295 4081 501 4162 philosophiae
525 4083 560 4143 de
583 4082 638 4144 hac
661 4092 759 4160 parta,
783 4083 973 4143 nobilissimis
997 4084 1214 4143 inventionibus
1237 4081 1371 4155 exculta,
1394 4096 1464 4158 gra-

111 4169 245 4233 uleutur.

210 4256 258 4315 Tu
281 4259 368 4333 igitur
390 4257 482 4317 lector
505 4256 571 4315 vale
593 4265 623 4317 et
645 4257 805 4316 binnitibus
827 4256 976 4335 scythicis,
1000 4258 1107 4333 quibus
1126 4255 1326 4315 nobilissimae
1341 4255 1466 4332 provin-

111 4344 170 4405 :lse
192 4352 386 4425 perstrepunt,
410 4345 524 4422 spretis,
548 4345 716 4404 barmoniae
739 4344 900 4421 intelligere
924 4351 955 4406 et
973 4345 1177 4423 concupiscere
1193 4342 1272 4403 disce
1289 4351 1377 4421 teque
1392 4341 1465 4402 mibi

111 4440 246 4495 ,amorem
269 4449 349 4510 para.

1261 4521 1294 4579 J.
1318 4521 1360 4577 K

656 4626 922 4643 annu—¹*-

1213 4784 1252 4839 81
