<?xml version="1.0" encoding="UTF-8"?>
<!DOCTYPE html PUBLIC "-//W3C//DTD XHTML 1.0 Transitional//EN"
    "http://www.w3.org/TR/xhtml1/DTD/xhtml1-transitional.dtd">
<html xmlns="http://www.w3.org/1999/xhtml" xml:lang="en" lang="en">
 <head>
  <title>
</title>
<meta http-equiv="Content-Type" content="text/html;charset=utf-8" />
  <meta name='ocr-system' content='tesseract 3.04.00' />
  <meta name='ocr-capabilities' content='ocr_page ocr_carea ocr_par ocr_line ocrx_word'/>
</head>
<body>
  <div class='ocr_page' id='page_1' title='image "./joanniskepleria07frisgoog/joanniskepleria07frisgoog_0072.png"; bbox 0 0 3284 5520; ppageno 0'>
   <div class='ocr_carea' id='block_1_1' title="bbox 554 328 1442 401">
    <p class='ocr_par' dir='ltr' id='par_1_1' title="bbox 554 328 1442 401">
     <span class='ocr_line' id='line_1_1' title="bbox 554 328 1442 401; baseline 0.002 -16"><span class='ocrx_word' id='word_1_1' title='bbox 554 329 615 386; x_wconf 77' lang='lat' dir='ltr'><strong>nie.</strong></span> <span class='ocrx_word' id='word_1_2' title='bbox 634 330 656 383; x_wconf 88' lang='lat'><strong>1.</strong></span> <span class='ocrx_word' id='word_1_3' title='bbox 675 329 871 385; x_wconf 71' lang='lat' dir='ltr'><strong>camenam</strong></span> <span class='ocrx_word' id='word_1_4' title='bbox 892 328 969 387; x_wconf 81' lang='lat' dir='ltr'><strong>reor.</strong></span> <span class='ocrx_word' id='word_1_5' title='bbox 1399 328 1442 401; x_wconf 75' lang='lat' dir='ltr'><strong>nn</strong></span> 
     </span>
    </p>
   </div>
   <div class='ocr_carea' id='block_1_2' title="bbox 613 512 913 589">
    <p class='ocr_par' dir='ltr' id='par_1_2' title="bbox 613 512 913 589">
     <span class='ocr_line' id='line_1_2' title="bbox 613 512 913 589; baseline -0.01 -2"><span class='ocrx_word' id='word_1_6' title='bbox 613 516 803 589; x_wconf 85' lang='lat' dir='ltr'><strong>Theorena</strong></span> <span class='ocrx_word' id='word_1_7' title='bbox 830 512 913 587; x_wconf 86' lang='lat' dir='ltr'><strong>xvr.</strong></span> 
     </span>
    </p>
   </div>
   <div class='ocr_carea' id='block_1_3' title="bbox 76 631 1461 1671">
    <p class='ocr_par' dir='ltr' id='par_1_3' title="bbox 80 631 1461 973">
     <span class='ocr_line' id='line_1_3' title="bbox 188 631 1444 708; baseline -0.003 -16"><span class='ocrx_word' id='word_1_8' title='bbox 188 632 225 692; x_wconf 72' lang='lat' dir='ltr'><strong>es·</strong></span> <span class='ocrx_word' id='word_1_9' title='bbox 248 632 381 708; x_wconf 84' lang='lat' dir='ltr'><strong>plenum</strong></span> <span class='ocrx_word' id='word_1_10' title='bbox 410 639 543 693; x_wconf 79' lang='lat' dir='ltr'><strong>cometes</strong></span> <span class='ocrx_word' id='word_1_11' title='bbox 571 634 779 705; x_wconf 65' lang='lat' dir='ltr'><strong>trejectensium</strong></span> <span class='ocrx_word' id='word_1_12' title='bbox 807 639 886 690; x_wconf 82' lang='lat' dir='ltr'><strong>secut</strong></span> <span class='ocrx_word' id='word_1_13' title='bbox 908 631 1038 690; x_wconf 79' lang='lat' dir='ltr'><strong>orbitam</strong></span> <span class='ocrx_word' id='word_1_14' title='bbox 1066 631 1194 690; x_wconf 81' lang='lat' dir='ltr'><strong>Telluris</strong></span> <span class='ocrx_word' id='word_1_15' title='bbox 1215 646 1374 704; x_wconf 84' lang='lat' dir='ltr'><strong>annuam,</strong></span> <span class='ocrx_word' id='word_1_16' title='bbox 1402 637 1444 689; x_wconf 78' lang='lat' dir='ltr'><strong>ut</strong></span> 
     </span>
     <span class='ocr_line' id='line_1_4' title="bbox 83 718 1461 794; baseline -0.002 -14"><span class='ocrx_word' id='word_1_17' title='bbox 83 723 251 781; x_wconf 63' lang='lat' dir='ltr'><strong>numerio</strong></span> <span class='ocrx_word' id='word_1_18' title='bbox 272 737 373 778; x_wconf 87' lang='lat' dir='ltr'><strong>unum</strong></span> <span class='ocrx_word' id='word_1_19' title='bbox 396 738 433 780; x_wconf 81' lang='lat' dir='ltr'><strong>cn</strong></span> <span class='ocrx_word' id='word_1_20' title='bbox 451 721 556 794; x_wconf 84' lang='lat' dir='ltr'><strong>plenis</strong></span> <span class='ocrx_word' id='word_1_21' title='bbox 579 722 711 792; x_wconf 64' lang='lat' dir='ltr'><strong>ononis,</strong></span> <span class='ocrx_word' id='word_1_22' title='bbox 739 719 846 778; x_wconf 66' lang='lat' dir='ltr'><strong>solnm</strong></span> <span class='ocrx_word' id='word_1_23' title='bbox 871 718 1080 793; x_wconf 60' lang='lat' dir='ltr'><strong>pertimidus,-</strong></span> <span class='ocrx_word' id='word_1_24' title='bbox 1109 720 1136 776; x_wconf 86' lang='lat' dir='ltr'><strong>si</strong></span> <span class='ocrx_word' id='word_1_25' title='bbox 1165 735 1230 777; x_wconf 84' lang='lat' dir='ltr'><strong>non</strong></span> <span class='ocrx_word' id='word_1_26' title='bbox 1256 725 1350 791; x_wconf 85' lang='lat' dir='ltr'><strong>secut,</strong></span> <span class='ocrx_word' id='word_1_27' title='bbox 1379 719 1461 777; x_wconf 78' lang='lat' dir='ltr'><strong>non&#39;</strong></span> 
     </span>
     <span class='ocr_line' id='line_1_5' title="bbox 82 807 1444 882; baseline -0.002 -15"><span class='ocrx_word' id='word_1_28' title='bbox 82 813 174 868; x_wconf 60' lang='lat' dir='ltr'><strong>mom</strong></span> <span class='ocrx_word' id='word_1_29' title='bbox 194 814 395 882; x_wconf 75' lang='lat' dir='ltr'><strong><em>permutatur</em></strong></span> <span class='ocrx_word' id='word_1_30' title='bbox 416 811 493 866; x_wconf 82' lang='lat' dir='ltr'><strong>situs</strong></span> <span class='ocrx_word' id='word_1_31' title='bbox 514 809 707 877; x_wconf 77' lang='lat' dir='ltr'><strong>treieetom&#39;oc</strong></span> <span class='ocrx_word' id='word_1_32' title='bbox 729 814 757 864; x_wconf 84' lang='lat' dir='ltr'><strong>et</strong></span> <span class='ocrx_word' id='word_1_33' title='bbox 777 809 959 881; x_wconf 76' lang='lat' dir='ltr'><strong><em>sectionum,</em></strong></span> <span class='ocrx_word' id='word_1_34' title='bbox 981 807 1033 864; x_wconf 82' lang='lat' dir='ltr'><strong>sed</strong></span> <span class='ocrx_word' id='word_1_35' title='bbox 1054 808 1166 865; x_wconf 84' lang='lat' dir='ltr'><strong>transit</strong></span> <span class='ocrx_word' id='word_1_36' title='bbox 1187 808 1365 879; x_wconf 74' lang='lat' dir='ltr'><strong>trajectenis</strong></span> <span class='ocrx_word' id='word_1_37' title='bbox 1387 812 1444 864; x_wconf 86' lang='lat' dir='ltr'><strong>aut</strong></span> 
     </span>
     <span class='ocr_line' id='line_1_6' title="bbox 80 897 789 973; baseline -0.004 -18"><span class='ocrx_word' id='word_1_38' title='bbox 80 898 169 973; x_wconf 71' lang='lat' dir='ltr'><strong>iufra</strong></span> <span class='ocrx_word' id='word_1_39' title='bbox 191 912 297 953; x_wconf 79' lang='lat' dir='ltr'><strong>omnes</strong></span> <span class='ocrx_word' id='word_1_40' title='bbox 317 897 458 955; x_wconf 83' lang='lat' dir='ltr'><strong>sectiones</strong></span> <span class='ocrx_word' id='word_1_41' title='bbox 479 902 536 953; x_wconf 88' lang='lat' dir='ltr'><strong>aut</strong></span> <span class='ocrx_word' id='word_1_42' title='bbox 557 911 656 969; x_wconf 83' lang='lat' dir='ltr'><strong>supra</strong></span> <span class='ocrx_word' id='word_1_43' title='bbox 678 910 789 954; x_wconf 84' lang='lat' dir='ltr'><strong>omncs.</strong></span> 
     </span>
    </p>

    <p class='ocr_par' dir='ltr' id='par_1_4' title="bbox 76 977 1444 1671">
     <span class='ocr_line' id='line_1_7' title="bbox 185 977 1443 1055; baseline -0.002 -15"><span class='ocrx_word' id='word_1_44' title='bbox 185 981 281 1041; x_wconf 79' lang='lat' dir='ltr'><strong>Terra</strong></span> <span class='ocrx_word' id='word_1_45' title='bbox 308 983 404 1055; x_wconf 88' lang='lat' dir='ltr'><strong>anim,</strong></span> <span class='ocrx_word' id='word_1_46' title='bbox 434 981 465 1041; x_wconf 92' lang='lat' dir='ltr'><strong>id</strong></span> <span class='ocrx_word' id='word_1_47' title='bbox 488 990 533 1041; x_wconf 91' lang='lat' dir='ltr'><strong>est</strong></span> <span class='ocrx_word' id='word_1_48' title='bbox 555 983 652 1055; x_wconf 88' lang='lat' dir='ltr'><strong>visus,</strong></span> <span class='ocrx_word' id='word_1_49' title='bbox 683 983 708 1039; x_wconf 92' lang='lat' dir='ltr'><strong>si</strong></span> <span class='ocrx_word' id='word_1_50' title='bbox 737 986 852 1040; x_wconf 89' lang='lat' dir='ltr'><strong>cometa</strong></span> <span class='ocrx_word' id='word_1_51' title='bbox 873 978 988 1039; x_wconf 87' lang='lat' dir='ltr'><strong>tamdiu</strong></span> <span class='ocrx_word' id='word_1_52' title='bbox 1010 977 1111 1051; x_wconf 89' lang='lat' dir='ltr'><strong>duret,</strong></span> <span class='ocrx_word' id='word_1_53' title='bbox 1141 981 1186 1039; x_wconf 90' lang='lat' dir='ltr'><strong>bis</strong></span> <span class='ocrx_word' id='word_1_54' title='bbox 1208 979 1312 1040; x_wconf 83' lang='lat' dir='ltr'><strong>incidit</strong></span> <span class='ocrx_word' id='word_1_55' title='bbox 1333 981 1362 1037; x_wconf 92' lang='lat' dir='ltr'><strong>in</strong></span> <span class='ocrx_word' id='word_1_56' title='bbox 1386 978 1443 1038; x_wconf 91' lang='lat' dir='ltr'><strong>hoe</strong></span> 
     </span>
     <span class='ocr_line' id='line_1_8' title="bbox 80 1065 1443 1149; baseline -0.003 -21"><span class='ocrx_word' id='word_1_57' title='bbox 80 1070 206 1149; x_wconf 87' lang='lat' dir='ltr'><strong>planum</strong></span> <span class='ocrx_word' id='word_1_58' title='bbox 228 1069 442 1144; x_wconf 75' lang='lat' dir='ltr'><strong>trajectorinm,</strong></span> <span class='ocrx_word' id='word_1_59' title='bbox 470 1071 495 1127; x_wconf 92' lang='lat' dir='ltr'><strong>si</strong></span> <span class='ocrx_word' id='word_1_60' title='bbox 517 1069 557 1127; x_wconf 89' lang='lat' dir='ltr'><strong>sit</strong></span> <span class='ocrx_word' id='word_1_61' title='bbox 579 1086 632 1146; x_wconf 91' lang='lat' dir='ltr'><strong>per</strong></span> <span class='ocrx_word' id='word_1_62' title='bbox 654 1070 779 1127; x_wconf 88' lang='lat' dir='ltr'><strong>orbitarn</strong></span> <span class='ocrx_word' id='word_1_63' title='bbox 802 1066 910 1127; x_wconf 86' lang='lat' dir='ltr'><strong>Terrae</strong></span> <span class='ocrx_word' id='word_1_64' title='bbox 934 1065 1069 1141; x_wconf 82' lang='lat' dir='ltr'><strong>duetum3</strong></span> <span class='ocrx_word' id='word_1_65' title='bbox 1101 1068 1145 1125; x_wconf 89' lang='lat' dir='ltr'><strong>sin</strong></span> <span class='ocrx_word' id='word_1_66' title='bbox 1169 1068 1282 1141; x_wconf 87' lang='lat' dir='ltr'><strong>minna,</strong></span> <span class='ocrx_word' id='word_1_67' title='bbox 1306 1068 1389 1124; x_wconf 90' lang='lat' dir='ltr'><strong>visus</strong></span> <span class='ocrx_word' id='word_1_68' title='bbox 1412 1069 1443 1124; x_wconf 90' lang='lat' dir='ltr'><strong>in</strong></span> 
     </span>
     <span class='ocr_line' id='line_1_9' title="bbox 80 1153 1442 1236; baseline -0.003 -20"><span class='ocrx_word' id='word_1_69' title='bbox 80 1158 205 1236; x_wconf 89' lang='lat' dir='ltr'><strong>planum</strong></span> <span class='ocrx_word' id='word_1_70' title='bbox 229 1156 428 1229; x_wconf 89' lang='lat' dir='ltr'><strong>trajectorium</strong></span> <span class='ocrx_word' id='word_1_71' title='bbox 450 1172 509 1215; x_wconf 91' lang='lat' dir='ltr'><strong>non</strong></span> <span class='ocrx_word' id='word_1_72' title='bbox 534 1156 646 1215; x_wconf 89' lang='lat' dir='ltr'><strong>incidit.</strong></span> <span class='ocrx_word' id='word_1_73' title='bbox 682 1155 772 1214; x_wconf 88' lang='lat' dir='ltr'><strong>Nulla</strong></span> <span class='ocrx_word' id='word_1_74' title='bbox 794 1171 864 1215; x_wconf 89' lang='lat' dir='ltr'><strong>vero</strong></span> <span class='ocrx_word' id='word_1_75' title='bbox 887 1154 947 1214; x_wconf 89' lang='lat' dir='ltr'><strong>alia</strong></span> <span class='ocrx_word' id='word_1_76' title='bbox 969 1153 1144 1215; x_wconf 86' lang='lat' dir='ltr'><strong>intermedia</strong></span> <span class='ocrx_word' id='word_1_77' title='bbox 1158 1156 1304 1215; x_wconf 87' lang='lat' dir='ltr'><strong>sectiones</strong></span> <span class='ocrx_word' id='word_1_78' title='bbox 1320 1155 1442 1214; x_wconf 89' lang='lat' dir='ltr'><strong>transire</strong></span> 
     </span>
     <span class='ocr_line' id='line_1_10' title="bbox 80 1240 1443 1322; baseline -0.003 -18"><span class='ocrx_word' id='word_1_79' title='bbox 80 1252 190 1322; x_wconf 89' lang='lat' dir='ltr'><strong>potest,</strong></span> <span class='ocrx_word' id='word_1_80' title='bbox 214 1250 330 1320; x_wconf 88' lang='lat' dir='ltr'><strong>praeter</strong></span> <span class='ocrx_word' id='word_1_81' title='bbox 352 1245 487 1316; x_wconf 86' lang='lat' dir='ltr'><strong>viserias,</strong></span> <span class='ocrx_word' id='word_1_82' title='bbox 512 1245 554 1302; x_wconf 86' lang='lat' dir='ltr'><strong>sic</strong></span> <span class='ocrx_word' id='word_1_83' title='bbox 577 1250 610 1301; x_wconf 92' lang='lat' dir='ltr'><strong>ut</strong></span> <span class='ocrx_word' id='word_1_84' title='bbox 632 1242 696 1318; x_wconf 87' lang='lat' dir='ltr'><strong>ejus</strong></span> <span class='ocrx_word' id='word_1_85' title='bbox 719 1249 818 1319; x_wconf 90' lang='lat' dir='ltr'><strong>partes</strong></span> <span class='ocrx_word' id='word_1_86' title='bbox 841 1240 978 1318; x_wconf 83' lang='lat' dir='ltr'><strong>deinceps</strong></span> <span class='ocrx_word' id='word_1_87' title='bbox 1000 1241 1124 1312; x_wconf 88' lang='lat' dir='ltr'><strong>locatae,</strong></span> <span class='ocrx_word' id='word_1_88' title='bbox 1147 1249 1181 1301; x_wconf 92' lang='lat' dir='ltr'><strong>nt</strong></span> <span class='ocrx_word' id='word_1_89' title='bbox 1201 1244 1318 1318; x_wconf 89' lang='lat' dir='ltr'><strong>ponitur</strong></span> <span class='ocrx_word' id='word_1_90' title='bbox 1334 1242 1364 1298; x_wconf 90' lang='lat' dir='ltr'><strong>in</strong></span> <span class='ocrx_word' id='word_1_91' title='bbox 1380 1248 1443 1300; x_wconf 88' lang='lat' dir='ltr'><strong>tra·</strong></span> 
     </span>
     <span class='ocr_line' id='line_1_11' title="bbox 76 1327 1444 1409; baseline -0.003 -18"><span class='ocrx_word' id='word_1_92' title='bbox 76 1333 206 1409; x_wconf 86' lang='lat' dir='ltr'><strong>jectoria</strong></span> <span class='ocrx_word' id='word_1_93' title='bbox 232 1328 311 1403; x_wconf 85' lang='lat' dir='ltr'><strong>fieri,</strong></span> <span class='ocrx_word' id='word_1_94' title='bbox 343 1332 418 1389; x_wconf 91' lang='lat' dir='ltr'><strong>inter</strong></span> <span class='ocrx_word' id='word_1_95' title='bbox 447 1332 572 1389; x_wconf 88' lang='lat' dir='ltr'><strong>visoriae</strong></span> <span class='ocrx_word' id='word_1_96' title='bbox 600 1332 682 1388; x_wconf 87' lang='lat' dir='ltr'><strong>visus</strong></span> <span class='ocrx_word' id='word_1_97' title='bbox 705 1329 843 1407; x_wconf 77' lang='lat' dir='ltr'><strong>deinceps</strong></span> <span class='ocrx_word' id='word_1_98' title='bbox 864 1327 954 1388; x_wconf 89' lang='lat' dir='ltr'><strong>locati</strong></span> <span class='ocrx_word' id='word_1_99' title='bbox 976 1329 1159 1388; x_wconf 81' lang='lat' dir='ltr'><strong>intercidant</strong></span> <span class='ocrx_word' id='word_1_100' title='bbox 1203 1330 1309 1405; x_wconf 86' lang='lat' dir='ltr'><strong>ltaque</strong></span> <span class='ocrx_word' id='word_1_101' title='bbox 1332 1330 1357 1386; x_wconf 90' lang='lat' dir='ltr'><strong>si</strong></span> <span class='ocrx_word' id='word_1_102' title='bbox 1380 1336 1444 1389; x_wconf 86' lang='lat' dir='ltr'><strong>tra·</strong></span> 
     </span>
     <span class='ocr_line' id='line_1_12' title="bbox 77 1415 1443 1496; baseline -0.002 -19"><span class='ocrx_word' id='word_1_103' title='bbox 77 1421 217 1496; x_wconf 88' lang='lat' dir='ltr'><strong>jecteria,</strong></span> <span class='ocrx_word' id='word_1_104' title='bbox 240 1433 298 1475; x_wconf 94' lang='lat' dir='ltr'><strong>non</strong></span> <span class='ocrx_word' id='word_1_105' title='bbox 322 1434 425 1477; x_wconf 89' lang='lat' dir='ltr'><strong>secane</strong></span> <span class='ocrx_word' id='word_1_106' title='bbox 448 1417 573 1477; x_wconf 89' lang='lat' dir='ltr'><strong>orbitam</strong></span> <span class='ocrx_word' id='word_1_107' title='bbox 596 1416 713 1489; x_wconf 78' lang='lat' dir='ltr'><strong>Terrae,</strong></span> <span class='ocrx_word' id='word_1_108' title='bbox 737 1415 925 1476; x_wconf 89' lang='lat' dir='ltr'><strong>intermedias</strong></span> <span class='ocrx_word' id='word_1_109' title='bbox 948 1419 1093 1477; x_wconf 81' lang='lat' dir='ltr'><strong>sectiones</strong></span> <span class='ocrx_word' id='word_1_110' title='bbox 1115 1419 1262 1491; x_wconf 82' lang='lat' dir='ltr'><strong>transiret,</strong></span> <span class='ocrx_word' id='word_1_111' title='bbox 1286 1433 1352 1476; x_wconf 88' lang='lat' dir='ltr'><strong>enm</strong></span> <span class='ocrx_word' id='word_1_112' title='bbox 1375 1433 1443 1475; x_wconf 89' lang='lat' dir='ltr'><strong>sec·</strong></span> 
     </span>
     <span class='ocr_line' id='line_1_13' title="bbox 78 1503 1443 1581; baseline -0.001 -16"><span class='ocrx_word' id='word_1_113' title='bbox 78 1510 177 1565; x_wconf 80' lang='lat' dir='ltr'><strong>rienes</strong></span> <span class='ocrx_word' id='word_1_114' title='bbox 201 1521 303 1565; x_wconf 88' lang='lat' dir='ltr'><strong>omnes</strong></span> <span class='ocrx_word' id='word_1_115' title='bbox 325 1506 354 1562; x_wconf 90' lang='lat' dir='ltr'><strong>in</strong></span> <span class='ocrx_word' id='word_1_116' title='bbox 377 1503 481 1565; x_wconf 90' lang='lat' dir='ltr'><strong>eodem</strong></span> <span class='ocrx_word' id='word_1_117' title='bbox 505 1507 564 1564; x_wconf 90' lang='lat' dir='ltr'><strong>sint</strong></span> <span class='ocrx_word' id='word_1_118' title='bbox 585 1504 817 1581; x_wconf 88' lang='lat' dir='ltr'><strong>hemisphaerio,</strong></span> <span class='ocrx_word' id='word_1_119' title='bbox 850 1509 997 1581; x_wconf 83' lang='lat' dir='ltr'><strong>oporteret</strong></span> <span class='ocrx_word' id='word_1_120' title='bbox 1020 1511 1163 1564; x_wconf 88' lang='lat' dir='ltr'><strong>cometam</strong></span> <span class='ocrx_word' id='word_1_121' title='bbox 1185 1506 1214 1561; x_wconf 91' lang='lat' dir='ltr'><strong>in</strong></span> <span class='ocrx_word' id='word_1_122' title='bbox 1238 1503 1341 1564; x_wconf 87' lang='lat' dir='ltr'><strong>eadem</strong></span> <span class='ocrx_word' id='word_1_123' title='bbox 1363 1509 1443 1565; x_wconf 81' lang='lat' dir='ltr'><strong>recta</strong></span> 
     </span>
     <span class='ocr_line' id='line_1_14' title="bbox 77 1590 1176 1671; baseline 0.002 -20"><span class='ocrx_word' id='word_1_124' title='bbox 77 1610 158 1652; x_wconf 90' lang='lat' dir='ltr'><strong>nnnc</strong></span> <span class='ocrx_word' id='word_1_125' title='bbox 179 1590 327 1671; x_wconf 82' lang='lat' dir='ltr'><strong>progredi,</strong></span> <span class='ocrx_word' id='word_1_126' title='bbox 349 1609 427 1651; x_wconf 92' lang='lat' dir='ltr'><strong>nnnc</strong></span> <span class='ocrx_word' id='word_1_127' title='bbox 449 1591 641 1667; x_wconf 83' lang='lat' dir='ltr'><strong>retrocedere,</strong></span> <span class='ocrx_word' id='word_1_128' title='bbox 665 1591 747 1668; x_wconf 91' lang='lat' dir='ltr'><strong>qnod</strong></span> <span class='ocrx_word' id='word_1_129' title='bbox 770 1599 815 1651; x_wconf 89' lang='lat' dir='ltr'><strong>est</strong></span> <span class='ocrx_word' id='word_1_130' title='bbox 837 1599 939 1650; x_wconf 89' lang='lat' dir='ltr'><strong>contra</strong></span> <span class='ocrx_word' id='word_1_131' title='bbox 960 1599 1124 1652; x_wconf 90' lang='lat' dir='ltr'><strong>assumtum</strong></span> <span class='ocrx_word' id='word_1_132' title='bbox 1148 1598 1176 1653; x_wconf 76' lang='lat'><strong>2.</strong></span> 
     </span>
    </p>
   </div>
   <div class='ocr_carea' id='block_1_4' title="bbox 605 1737 920 1811">
    <p class='ocr_par' dir='ltr' id='par_1_5' title="bbox 605 1737 920 1811">
     <span class='ocr_line' id='line_1_15' title="bbox 605 1737 920 1811; baseline -0.006 -2"><span class='ocrx_word' id='word_1_133' title='bbox 605 1739 795 1811; x_wconf 87' lang='lat' dir='ltr'><strong>Theorema</strong></span> <span class='ocrx_word' id='word_1_134' title='bbox 823 1737 920 1809; x_wconf 82' lang='lat' dir='ltr'><strong>livii.</strong></span> 
     </span>
    </p>
   </div>
   <div class='ocr_carea' id='block_1_5' title="bbox 77 1846 1481 3938">
    <p class='ocr_par' dir='ltr' id='par_1_6' title="bbox 77 1846 1481 3670">
     <span class='ocr_line' id='line_1_16' title="bbox 186 1846 1442 1931; baseline -0.002 -17"><span class='ocrx_word' id='word_1_135' title='bbox 186 1853 219 1914; x_wconf 86' lang='lat' dir='ltr'><strong>Si</strong></span> <span class='ocrx_word' id='word_1_136' title='bbox 242 1853 319 1913; x_wconf 89' lang='lat' dir='ltr'><strong>duae</strong></span> <span class='ocrx_word' id='word_1_137' title='bbox 342 1859 439 1914; x_wconf 85' lang='lat' dir='ltr'><strong>rectae</strong></span> <span class='ocrx_word' id='word_1_138' title='bbox 461 1870 664 1931; x_wconf 87' lang='lat' dir='ltr'><strong>quascunque,</strong></span> <span class='ocrx_word' id='word_1_139' title='bbox 688 1858 777 1914; x_wconf 90' lang='lat' dir='ltr'><strong>etiam</strong></span> <span class='ocrx_word' id='word_1_140' title='bbox 799 1846 971 1930; x_wconf 79' lang='lat' dir='ltr'><strong>inaequales</strong></span> <span class='ocrx_word' id='word_1_141' title='bbox 995 1853 1086 1931; x_wconf 82' lang='lat' dir='ltr'><strong>(qnae</strong></span> <span class='ocrx_word' id='word_1_142' title='bbox 1107 1860 1177 1913; x_wconf 92' lang='lat' dir='ltr'><strong>sunt</strong></span> <span class='ocrx_word' id='word_1_143' title='bbox 1197 1855 1279 1914; x_wconf 87' lang='lat' dir='ltr'><strong>verbi</strong></span> <span class='ocrx_word' id='word_1_144' title='bbox 1304 1871 1395 1915; x_wconf 88' lang='lat' dir='ltr'><strong>cansa</strong></span> <span class='ocrx_word' id='word_1_145' title='bbox 1412 1856 1442 1913; x_wconf 92' lang='lat' dir='ltr'><strong>in</strong></span> 
     </span>
     <span class='ocr_line' id='line_1_17' title="bbox 79 1940 1442 2019; baseline 0.001 -18"><span class='ocrx_word' id='word_1_146' title='bbox 79 1941 231 2001; x_wconf 87' lang='lat' dir='ltr'><strong>schemate</strong></span> <span class='ocrx_word' id='word_1_147' title='bbox 256 1949 284 2002; x_wconf 89' lang='lat'><strong>3.</strong></span> <span class='ocrx_word' id='word_1_148' title='bbox 314 1940 372 2015; x_wconf 91' lang='lat' dir='ltr'><strong>IV,</strong></span> <span class='ocrx_word' id='word_1_149' title='bbox 397 1943 481 2017; x_wconf 89' lang='lat' dir='ltr'><strong>quasi</strong></span> <span class='ocrx_word' id='word_1_150' title='bbox 503 1950 598 2015; x_wconf 87' lang='lat' dir='ltr'><strong>recta,</strong></span> <span class='ocrx_word' id='word_1_151' title='bbox 630 1950 659 2002; x_wconf 95' lang='lat' dir='ltr'><strong>et</strong></span> <span class='ocrx_word' id='word_1_152' title='bbox 682 1942 730 2019; x_wconf 77' lang='lat' dir='ltr'><strong>pr)</strong></span> <span class='ocrx_word' id='word_1_153' title='bbox 760 1944 788 1999; x_wconf 92' lang='lat' dir='ltr'><strong>in</strong></span> <span class='ocrx_word' id='word_1_154' title='bbox 816 1949 915 2018; x_wconf 85' lang='lat' dir='ltr'><strong>partes</strong></span> <span class='ocrx_word' id='word_1_155' title='bbox 942 1959 1036 2017; x_wconf 86' lang='lat' dir='ltr'><strong>aeque</strong></span> <span class='ocrx_word' id='word_1_156' title='bbox 1059 1941 1166 2001; x_wconf 88' lang='lat' dir='ltr'><strong>multas</strong></span> <span class='ocrx_word' id='word_1_157' title='bbox 1189 1942 1296 2000; x_wconf 87' lang='lat' dir='ltr'><strong>inerint</strong></span> <span class='ocrx_word' id='word_1_158' title='bbox 1319 1941 1442 2016; x_wconf 89' lang='lat' dir='ltr'><strong>divisae,</strong></span> 
     </span>
     <span class='ocr_line' id='line_1_18' title="bbox 78 2027 1443 2108; baseline 0.001 -21"><span class='ocrx_word' id='word_1_159' title='bbox 78 2028 174 2087; x_wconf 86' lang='lat' dir='ltr'><strong>altera</strong></span> <span class='ocrx_word' id='word_1_160' title='bbox 196 2028 241 2087; x_wconf 87' lang='lat' dir='ltr'><strong>IV</strong></span> <span class='ocrx_word' id='word_1_161' title='bbox 271 2031 300 2086; x_wconf 92' lang='lat' dir='ltr'><strong>in</strong></span> <span class='ocrx_word' id='word_1_162' title='bbox 332 2027 487 2103; x_wconf 85' lang='lat' dir='ltr'><strong>aequales,</strong></span> <span class='ocrx_word' id='word_1_163' title='bbox 519 2029 633 2104; x_wconf 88' lang='lat' dir='ltr'><strong>reliqna</strong></span> <span class='ocrx_word' id='word_1_164' title='bbox 661 2052 696 2108; x_wconf 72' lang='lat' dir='ltr'><strong>pe</strong></span> <span class='ocrx_word' id='word_1_165' title='bbox 725 2031 754 2087; x_wconf 93' lang='lat' dir='ltr'><strong>in</strong></span> <span class='ocrx_word' id='word_1_166' title='bbox 783 2046 991 2106; x_wconf 88' lang='lat' dir='ltr'><strong>quascunque;</strong></span> <span class='ocrx_word' id='word_1_167' title='bbox 1024 2046 1076 2106; x_wconf 89' lang='lat' dir='ltr'><strong>per</strong></span> <span class='ocrx_word' id='word_1_168' title='bbox 1105 2031 1191 2106; x_wconf 90' lang='lat' dir='ltr'><strong>signa</strong></span> <span class='ocrx_word' id='word_1_169' title='bbox 1220 2046 1290 2090; x_wconf 86' lang='lat' dir='ltr'><strong>vero</strong></span> <span class='ocrx_word' id='word_1_170' title='bbox 1313 2037 1443 2089; x_wconf 87' lang='lat' dir='ltr'><strong>extrema</strong></span> 
     </span>
     <span class='ocr_line' id='line_1_19' title="bbox 78 2115 1444 2195; baseline 0.002 -21"><span class='ocrx_word' id='word_1_171' title='bbox 78 2116 269 2187; x_wconf 85' lang='lat' dir='ltr'><strong>divisionum,</strong></span> <span class='ocrx_word' id='word_1_172' title='bbox 293 2115 414 2174; x_wconf 89' lang='lat' dir='ltr'><strong>alteriue</strong></span> <span class='ocrx_word' id='word_1_173' title='bbox 436 2118 614 2195; x_wconf 86' lang='lat' dir='ltr'><strong>proximum,</strong></span> <span class='ocrx_word' id='word_1_174' title='bbox 638 2117 768 2193; x_wconf 88' lang='lat' dir='ltr'><strong>reliquae</strong></span> <span class='ocrx_word' id='word_1_175' title='bbox 791 2118 1026 2192; x_wconf 89' lang='lat' dir='ltr'><strong>remotissimum,</strong></span> <span class='ocrx_word' id='word_1_176' title='bbox 1049 2123 1082 2176; x_wconf 89' lang='lat' dir='ltr'><strong>ut</strong></span> <span class='ocrx_word' id='word_1_177' title='bbox 1104 2134 1155 2195; x_wconf 90' lang='lat' dir='ltr'><strong>per</strong></span> <span class='ocrx_word' id='word_1_178' title='bbox 1178 2117 1202 2192; x_wconf 93' lang='lat' dir='ltr'><strong>l,</strong></span> <span class='ocrx_word' id='word_1_179' title='bbox 1223 2140 1240 2195; x_wconf 84' lang='lat' dir='ltr'><strong>p</strong></span> <span class='ocrx_word' id='word_1_180' title='bbox 1262 2124 1292 2177; x_wconf 92' lang='lat' dir='ltr'><strong>et</strong></span> <span class='ocrx_word' id='word_1_181' title='bbox 1314 2117 1353 2190; x_wconf 89' lang='lat' dir='ltr'><strong>V,</strong></span> <span class='ocrx_word' id='word_1_182' title='bbox 1374 2140 1390 2176; x_wconf 81' lang='grc' dir='ltr'><strong><em>τ</em></strong></span> <span class='ocrx_word' id='word_1_183' title='bbox 1413 2125 1444 2177; x_wconf 90' lang='lat' dir='ltr'><strong>et</strong></span> 
     </span>
     <span class='ocr_line' id='line_1_20' title="bbox 77 2202 1442 2282; baseline 0.001 -20"><span class='ocrx_word' id='word_1_184' title='bbox 77 2221 131 2281; x_wconf 89' lang='lat' dir='ltr'><strong>per</strong></span> <span class='ocrx_word' id='word_1_185' title='bbox 153 2203 225 2262; x_wconf 87' lang='lat' dir='ltr'><strong>bina</strong></span> <span class='ocrx_word' id='word_1_186' title='bbox 246 2210 277 2262; x_wconf 91' lang='lat' dir='ltr'><strong>et</strong></span> <span class='ocrx_word' id='word_1_187' title='bbox 300 2203 370 2261; x_wconf 90' lang='lat' dir='ltr'><strong>bina</strong></span> <span class='ocrx_word' id='word_1_188' title='bbox 391 2203 428 2261; x_wconf 90' lang='lat' dir='ltr'><strong>iis</strong></span> <span class='ocrx_word' id='word_1_189' title='bbox 450 2202 638 2264; x_wconf 88' lang='lat' dir='ltr'><strong>succedentia</strong></span> <span class='ocrx_word' id='word_1_190' title='bbox 653 2204 795 2263; x_wconf 89' lang='lat' dir='ltr'><strong>ducantur</strong></span> <span class='ocrx_word' id='word_1_191' title='bbox 810 2203 945 2282; x_wconf 81' lang='lat' dir='ltr'><strong>singulae</strong></span> <span class='ocrx_word' id='word_1_192' title='bbox 959 2211 1102 2278; x_wconf 85' lang='lat' dir='ltr'><strong>secantes,</strong></span> <span class='ocrx_word' id='word_1_193' title='bbox 1128 2206 1170 2263; x_wconf 88' lang='lat' dir='ltr'><strong>sie</strong></span> <span class='ocrx_word' id='word_1_194' title='bbox 1185 2213 1218 2263; x_wconf 89' lang='lat' dir='ltr'><strong>ut</strong></span> <span class='ocrx_word' id='word_1_195' title='bbox 1232 2207 1321 2264; x_wconf 89' lang='lat' dir='ltr'><strong>etlam</strong></span> <span class='ocrx_word' id='word_1_196' title='bbox 1337 2203 1442 2265; x_wconf 72' lang='lat' dir='ltr'><strong>ducme</strong></span> 
     </span>
     <span class='ocr_line' id='line_1_21' title="bbox 79 2290 1444 2370; baseline 0.001 -21"><span class='ocrx_word' id='word_1_197' title='bbox 79 2309 112 2349; x_wconf 87' lang='lat' dir='ltr'><strong>ee</strong></span> <span class='ocrx_word' id='word_1_198' title='bbox 140 2297 244 2351; x_wconf 91' lang='lat' dir='ltr'><strong>mutuo</strong></span> <span class='ocrx_word' id='word_1_199' title='bbox 273 2297 392 2349; x_wconf 90' lang='lat' dir='ltr'><strong>secent:</strong></span> <span class='ocrx_word' id='word_1_200' title='bbox 423 2291 569 2350; x_wconf 89' lang='lat' dir='ltr'><strong>sectiones</strong></span> <span class='ocrx_word' id='word_1_201' title='bbox 597 2291 692 2352; x_wconf 85' lang='lat' dir='ltr'><strong>iactae</strong></span> <span class='ocrx_word' id='word_1_202' title='bbox 716 2291 927 2351; x_wconf 88' lang='lat' dir='ltr'><strong>ordinabuntur</strong></span> <span class='ocrx_word' id='word_1_203' title='bbox 948 2293 978 2348; x_wconf 93' lang='lat' dir='ltr'><strong>in</strong></span> <span class='ocrx_word' id='word_1_204' title='bbox 1001 2290 1086 2351; x_wconf 89' lang='lat' dir='ltr'><strong>lineis</strong></span> <span class='ocrx_word' id='word_1_205' title='bbox 1110 2295 1211 2364; x_wconf 88' lang='lat' dir='ltr'><strong>rectis,</strong></span> <span class='ocrx_word' id='word_1_206' title='bbox 1244 2290 1369 2368; x_wconf 87' lang='lat' dir='ltr'><strong>singulis</strong></span> <span class='ocrx_word' id='word_1_207' title='bbox 1391 2309 1444 2370; x_wconf 92' lang='lat' dir='ltr'><strong>per</strong></span> 
     </span>
     <span class='ocr_line' id='line_1_22' title="bbox 80 2376 1443 2456; baseline 0.001 -20"><span class='ocrx_word' id='word_1_208' title='bbox 80 2379 220 2436; x_wconf 86' lang='lat' dir='ltr'><strong>sectricee</strong></span> <span class='ocrx_word' id='word_1_209' title='bbox 248 2385 278 2437; x_wconf 91' lang='lat' dir='ltr'><strong>et</strong></span> <span class='ocrx_word' id='word_1_210' title='bbox 304 2394 394 2435; x_wconf 86' lang='lat' dir='ltr'><strong>unam</strong></span> <span class='ocrx_word' id='word_1_211' title='bbox 417 2378 510 2454; x_wconf 91' lang='lat' dir='ltr'><strong>primo</strong></span> <span class='ocrx_word' id='word_1_212' title='bbox 535 2377 693 2437; x_wconf 87' lang='lat' dir='ltr'><strong>divisarum</strong></span> <span class='ocrx_word' id='word_1_213' title='bbox 716 2381 907 2438; x_wconf 88' lang='lat' dir='ltr'><strong>transversim</strong></span> <span class='ocrx_word' id='word_1_214' title='bbox 930 2376 1069 2437; x_wconf 87' lang='lat' dir='ltr'><strong>ducendis</strong></span> <span class='ocrx_word' id='word_1_215' title='bbox 1094 2387 1123 2437; x_wconf 92' lang='lat' dir='ltr'><strong>ct</strong></span> <span class='ocrx_word' id='word_1_216' title='bbox 1146 2379 1276 2455; x_wconf 87' lang='lat' dir='ltr'><strong>trapezia</strong></span> <span class='ocrx_word' id='word_1_217' title='bbox 1297 2378 1443 2456; x_wconf 90' lang='lat' dir='ltr'><strong>diagona-</strong></span> 
     </span>
     <span class='ocr_line' id='line_1_23' title="bbox 78 2464 1481 2547; baseline 0.001 -24"><span class='ocrx_word' id='word_1_218' title='bbox 78 2465 146 2525; x_wconf 92' lang='lat' dir='ltr'><strong>liter</strong></span> <span class='ocrx_word' id='word_1_219' title='bbox 176 2464 392 2533; x_wconf 91' lang='lat' dir='ltr'><strong>dividentibus,</strong></span> <span class='ocrx_word' id='word_1_220' title='bbox 424 2470 454 2523; x_wconf 93' lang='lat' dir='ltr'><strong>et</strong></span> <span class='ocrx_word' id='word_1_221' title='bbox 481 2465 626 2541; x_wconf 90' lang='lat' dir='ltr'><strong>siquidem</strong></span> <span class='ocrx_word' id='word_1_222' title='bbox 655 2468 744 2525; x_wconf 88' lang='lat' dir='ltr'><strong>etiarn</strong></span> <span class='ocrx_word' id='word_1_223' title='bbox 772 2466 866 2526; x_wconf 90' lang='lat' dir='ltr'><strong>altera</strong></span> <span class='ocrx_word' id='word_1_224' title='bbox 889 2467 1046 2543; x_wconf 88' lang='lat' dir='ltr'><strong>primarum</strong></span> <span class='ocrx_word' id='word_1_225' title='bbox 1070 2489 1104 2543; x_wconf 74' lang='lat' dir='ltr'><strong>pt</strong></span> <span class='ocrx_word' id='word_1_226' title='bbox 1128 2467 1157 2524; x_wconf 92' lang='lat' dir='ltr'><strong>in</strong></span> <span class='ocrx_word' id='word_1_227' title='bbox 1181 2473 1278 2545; x_wconf 88' lang='lat' dir='ltr'><strong>partes</strong></span> <span class='ocrx_word' id='word_1_228' title='bbox 1301 2466 1442 2541; x_wconf 87' lang='lat' dir='ltr'><strong>aequales</strong></span> <span class='ocrx_word' id='word_1_229' title='bbox 1478 2542 1481 2547; x_wconf 24' lang='grc'>1</span> 
     </span>
     <span class='ocr_line' id='line_1_24' title="bbox 80 2550 1442 2630; baseline 0.002 -20"><span class='ocrx_word' id='word_1_230' title='bbox 80 2552 178 2610; x_wconf 84' lang='lat' dir='ltr'><strong>divisa</strong></span> <span class='ocrx_word' id='word_1_231' title='bbox 203 2552 307 2629; x_wconf 84' lang='lat' dir='ltr'><strong>inerit,</strong></span> <span class='ocrx_word' id='word_1_232' title='bbox 337 2550 453 2610; x_wconf 88' lang='lat' dir='ltr'><strong>ordines</strong></span> <span class='ocrx_word' id='word_1_233' title='bbox 483 2552 514 2609; x_wconf 91' lang='lat' dir='ltr'><strong>hi</strong></span> <span class='ocrx_word' id='word_1_234' title='bbox 536 2555 695 2612; x_wconf 78' lang='lat' dir='ltr'><strong>transversi</strong></span> <span class='ocrx_word' id='word_1_235' title='bbox 717 2556 882 2613; x_wconf 85' lang='lat' dir='ltr'><strong>sectionum</strong></span> <span class='ocrx_word' id='word_1_236' title='bbox 905 2560 989 2611; x_wconf 90' lang='lat' dir='ltr'><strong>erunt</strong></span> <span class='ocrx_word' id='word_1_237' title='bbox 1011 2555 1086 2614; x_wconf 88' lang='lat' dir='ltr'><strong>inter</strong></span> <span class='ocrx_word' id='word_1_238' title='bbox 1107 2570 1139 2613; x_wconf 81' lang='lat' dir='ltr'><strong>ee</strong></span> <span class='ocrx_word' id='word_1_239' title='bbox 1163 2551 1310 2630; x_wconf 85' lang='lat' dir='ltr'><strong>paralleli:</strong></span> <span class='ocrx_word' id='word_1_240' title='bbox 1342 2555 1442 2614; x_wconf 92' lang='lat' dir='ltr'><strong>sinin</strong></span> 
     </span>
     <span class='ocr_line' id='line_1_25' title="bbox 81 2635 1442 2722; baseline 0.002 -24"><span class='ocrx_word' id='word_1_241' title='bbox 81 2647 183 2719; x_wconf 81' lang='lat' dir='ltr'><strong>partes</strong></span> <span class='ocrx_word' id='word_1_242' title='bbox 205 2636 388 2715; x_wconf 86' lang='lat' dir='ltr'><strong>inaequales,</strong></span> <span class='ocrx_word' id='word_1_243' title='bbox 412 2637 512 2699; x_wconf 92' lang='lat' dir='ltr'><strong>ordine</strong></span> <span class='ocrx_word' id='word_1_244' title='bbox 537 2647 700 2700; x_wconf 89' lang='lat' dir='ltr'><strong>crescentes</strong></span> <span class='ocrx_word' id='word_1_245' title='bbox 722 2635 770 2722; x_wconf 89' lang='lat' dir='ltr'><strong>(ut</strong></span> <span class='ocrx_word' id='word_1_246' title='bbox 791 2639 839 2698; x_wconf 88' lang='lat' dir='ltr'><strong>hic</strong></span> <span class='ocrx_word' id='word_1_247' title='bbox 861 2641 891 2697; x_wconf 93' lang='lat' dir='ltr'><strong>in</strong></span> <span class='ocrx_word' id='word_1_248' title='bbox 911 2639 1060 2700; x_wconf 88' lang='lat' dir='ltr'><strong>schemate</strong></span> <span class='ocrx_word' id='word_1_249' title='bbox 1076 2637 1117 2720; x_wconf 82' lang='lat'><strong>3),</strong></span> <span class='ocrx_word' id='word_1_250' title='bbox 1140 2641 1301 2701; x_wconf 87' lang='lat' dir='ltr'><strong>transversi</strong></span> <span class='ocrx_word' id='word_1_251' title='bbox 1325 2640 1442 2701; x_wconf 87' lang='lat' dir='ltr'><strong>ordines</strong></span> 
     </span>
     <span class='ocr_line' id='line_1_26' title="bbox 79 2724 1443 2807; baseline 0.001 -21"><span class='ocrx_word' id='word_1_252' title='bbox 79 2733 253 2786; x_wconf 88' lang='lat' dir='ltr'><strong>concurrent</strong></span> <span class='ocrx_word' id='word_1_253' title='bbox 276 2743 313 2785; x_wconf 89' lang='lat' dir='ltr'><strong>ex</strong></span> <span class='ocrx_word' id='word_1_254' title='bbox 335 2741 395 2784; x_wconf 90' lang='lat' dir='ltr'><strong>una</strong></span> <span class='ocrx_word' id='word_1_255' title='bbox 417 2724 523 2803; x_wconf 81' lang='lat' dir='ltr'><strong>plaga3</strong></span> <span class='ocrx_word' id='word_1_256' title='bbox 546 2727 680 2803; x_wconf 83' lang='lat' dir='ltr'><strong>singulae</strong></span> <span class='ocrx_word' id='word_1_257' title='bbox 705 2744 773 2787; x_wconf 95' lang='lat' dir='ltr'><strong>vero</strong></span> <span class='ocrx_word' id='word_1_258' title='bbox 797 2729 932 2788; x_wconf 89' lang='lat' dir='ltr'><strong>sectrlees</strong></span> <span class='ocrx_word' id='word_1_259' title='bbox 956 2726 1072 2802; x_wconf 85' lang='lat' dir='ltr'><strong>ductae,</strong></span> <span class='ocrx_word' id='word_1_260' title='bbox 1095 2736 1128 2786; x_wconf 95' lang='lat' dir='ltr'><strong>ut</strong></span> <span class='ocrx_word' id='word_1_261' title='bbox 1149 2724 1196 2803; x_wconf 82' lang='grc' dir='ltr'><strong>ζθ,</strong></span> <span class='ocrx_word' id='word_1_262' title='bbox 1214 2751 1250 2807; x_wconf 85' lang='grc' dir='ltr'><strong>ηι,</strong></span> <span class='ocrx_word' id='word_1_263' title='bbox 1275 2727 1443 2788; x_wconf 85' lang='lat' dir='ltr'><strong>dividentur</strong></span> 
     </span>
     <span class='ocr_line' id='line_1_27' title="bbox 80 2813 1441 2891; baseline 0.001 -18"><span class='ocrx_word' id='word_1_264' title='bbox 80 2833 100 2873; x_wconf 88' lang='lat' dir='ltr'><strong>a</strong></span> <span class='ocrx_word' id='word_1_265' title='bbox 122 2815 228 2872; x_wconf 90' lang='lat' dir='ltr'><strong>ceteris</strong></span> <span class='ocrx_word' id='word_1_266' title='bbox 251 2813 339 2872; x_wconf 87' lang='lat' dir='ltr'><strong>sociis</strong></span> <span class='ocrx_word' id='word_1_267' title='bbox 362 2816 393 2870; x_wconf 93' lang='lat' dir='ltr'><strong>in</strong></span> <span class='ocrx_word' id='word_1_268' title='bbox 415 2820 515 2889; x_wconf 88' lang='lat' dir='ltr'><strong>partes</strong></span> <span class='ocrx_word' id='word_1_269' title='bbox 537 2813 625 2887; x_wconf 84' lang='lat' dir='ltr'><strong>tales,</strong></span> <span class='ocrx_word' id='word_1_270' title='bbox 657 2832 734 2891; x_wconf 90' lang='lat' dir='ltr'><strong>qnae</strong></span> <span class='ocrx_word' id='word_1_271' title='bbox 763 2815 822 2874; x_wconf 89' lang='lat' dir='ltr'><strong>sint</strong></span> <span class='ocrx_word' id='word_1_272' title='bbox 851 2816 1015 2890; x_wconf 89' lang='lat' dir='ltr'><strong>quantitate</strong></span> <span class='ocrx_word' id='word_1_273' title='bbox 1037 2814 1152 2874; x_wconf 89' lang='lat' dir='ltr'><strong>mediae</strong></span> <span class='ocrx_word' id='word_1_274' title='bbox 1176 2817 1251 2874; x_wconf 88' lang='lat' dir='ltr'><strong>inter</strong></span> <span class='ocrx_word' id='word_1_275' title='bbox 1272 2822 1370 2891; x_wconf 90' lang='lat' dir='ltr'><strong>partes</strong></span> <span class='ocrx_word' id='word_1_276' title='bbox 1392 2833 1441 2875; x_wconf 92' lang='lat' dir='ltr'><strong>re-</strong></span> 
     </span>
     <span class='ocr_line' id='line_1_28' title="bbox 78 2898 1441 2979; baseline 0.002 -20"><span class='ocrx_word' id='word_1_277' title='bbox 78 2900 258 2977; x_wconf 88' lang='lat' dir='ltr'><strong>spondentes</strong></span> <span class='ocrx_word' id='word_1_278' title='bbox 281 2917 319 2959; x_wconf 88' lang='lat' dir='ltr'><strong>ex</strong></span> <span class='ocrx_word' id='word_1_279' title='bbox 339 2898 425 2959; x_wconf 90' lang='lat' dir='ltr'><strong>lineis</strong></span> <span class='ocrx_word' id='word_1_280' title='bbox 448 2902 541 2975; x_wconf 91' lang='lat' dir='ltr'><strong>primo</strong></span> <span class='ocrx_word' id='word_1_281' title='bbox 565 2899 687 2975; x_wconf 90' lang='lat' dir='ltr'><strong>divisis,</strong></span> <span class='ocrx_word' id='word_1_282' title='bbox 717 2901 815 2961; x_wconf 89' lang='lat' dir='ltr'><strong>demto</strong></span> <span class='ocrx_word' id='word_1_283' title='bbox 839 2919 891 2975; x_wconf 90' lang='lat' dir='ltr'><strong>eo,</strong></span> <span class='ocrx_word' id='word_1_284' title='bbox 921 2901 1000 2977; x_wconf 91' lang='lat' dir='ltr'><strong>quod</strong></span> <span class='ocrx_word' id='word_1_285' title='bbox 1023 2903 1051 2960; x_wconf 92' lang='lat' dir='ltr'><strong>in</strong></span> <span class='ocrx_word' id='word_1_286' title='bbox 1076 2903 1208 2978; x_wconf 90' lang='lat' dir='ltr'><strong>qualibet</strong></span> <span class='ocrx_word' id='word_1_287' title='bbox 1230 2904 1350 2963; x_wconf 88' lang='lat' dir='ltr'><strong>seetrlce</strong></span> <span class='ocrx_word' id='word_1_288' title='bbox 1375 2921 1441 2979; x_wconf 88' lang='lat' dir='ltr'><strong>pars</strong></span> 
     </span>
     <span class='ocr_line' id='line_1_29' title="bbox 80 2982 1443 3070; baseline 0.003 -24"><span class='ocrx_word' id='word_1_289' title='bbox 80 3005 141 3047; x_wconf 89' lang='lat' dir='ltr'><strong>nna</strong></span> <span class='ocrx_word' id='word_1_290' title='bbox 164 2995 210 3047; x_wconf 87' lang='lat' dir='ltr'><strong>est</strong></span> <span class='ocrx_word' id='word_1_291' title='bbox 232 2988 278 3064; x_wconf 90' lang='lat' dir='ltr'><strong>(ut</strong></span> <span class='ocrx_word' id='word_1_292' title='bbox 300 2989 330 3045; x_wconf 92' lang='lat' dir='ltr'><strong>in</strong></span> <span class='ocrx_word' id='word_1_293' title='bbox 353 2983 394 3059; x_wconf 81' lang='grc' dir='ltr'><strong>ζθ</strong></span> <span class='ocrx_word' id='word_1_294' title='bbox 413 3004 481 3063; x_wconf 89' lang='lat' dir='ltr'><strong>pare</strong></span> <span class='ocrx_word' id='word_1_295' title='bbox 504 2982 551 3070; x_wconf 83' lang='lat' dir='ltr'><strong>yt)</strong></span> <span class='ocrx_word' id='word_1_296' title='bbox 573 2989 715 3049; x_wconf 87' lang='lat' dir='ltr'><strong>subtense</strong></span> <span class='ocrx_word' id='word_1_297' title='bbox 734 2990 858 3049; x_wconf 89' lang='lat' dir='ltr'><strong>sectioni</strong></span> <span class='ocrx_word' id='word_1_298' title='bbox 882 2991 1031 3068; x_wconf 88' lang='lat' dir='ltr'><strong>proximae</strong></span> <span class='ocrx_word' id='word_1_299' title='bbox 1054 2999 1084 3050; x_wconf 93' lang='lat' dir='ltr'><strong>et</strong></span> <span class='ocrx_word' id='word_1_300' title='bbox 1107 2992 1243 3065; x_wconf 81' lang='lat' dir='ltr'><strong>extimae,</strong></span> <span class='ocrx_word' id='word_1_301' title='bbox 1268 3006 1343 3066; x_wconf 90' lang='lat' dir='ltr'><strong>quae</strong></span> <span class='ocrx_word' id='word_1_302' title='bbox 1361 2991 1443 3050; x_wconf 91' lang='lat' dir='ltr'><strong>valet</strong></span> 
     </span>
     <span class='ocr_line' id='line_1_30' title="bbox 80 3072 1441 3153; baseline 0.003 -19"><span class='ocrx_word' id='word_1_303' title='bbox 80 3082 179 3153; x_wconf 88' lang='lat' dir='ltr'><strong>partes</strong></span> <span class='ocrx_word' id='word_1_304' title='bbox 203 3072 293 3149; x_wconf 88' lang='lat' dir='ltr'><strong>duas;</strong></span> <span class='ocrx_word' id='word_1_305' title='bbox 315 3080 345 3134; x_wconf 92' lang='lat' dir='ltr'><strong>et</strong></span> <span class='ocrx_word' id='word_1_306' title='bbox 365 3073 535 3150; x_wconf 90' lang='lat' dir='ltr'><strong>hujusmodi</strong></span> <span class='ocrx_word' id='word_1_307' title='bbox 558 3075 740 3136; x_wconf 89' lang='lat' dir='ltr'><strong>diversarum</strong></span> <span class='ocrx_word' id='word_1_308' title='bbox 762 3077 916 3137; x_wconf 85' lang='lat' dir='ltr'><strong>sectricum</strong></span> <span class='ocrx_word' id='word_1_309' title='bbox 939 3093 1065 3153; x_wconf 84' lang='lat' dir='ltr'><strong>magnae</strong></span> <span class='ocrx_word' id='word_1_310' title='bbox 1088 3084 1118 3137; x_wconf 91' lang='lat' dir='ltr'><strong>et</strong></span> <span class='ocrx_word' id='word_1_311' title='bbox 1140 3078 1231 3137; x_wconf 86' lang='lat' dir='ltr'><strong>totius</strong></span> <span class='ocrx_word' id='word_1_312' title='bbox 1253 3077 1364 3152; x_wconf 83' lang='lat' dir='ltr'><strong>figurae</strong></span> <span class='ocrx_word' id='word_1_313' title='bbox 1388 3095 1441 3138; x_wconf 85' lang='lat' dir='ltr'><strong>ex-</strong></span> 
     </span>
     <span class='ocr_line' id='line_1_31' title="bbox 80 3163 1441 3241; baseline 0.004 -20"><span class='ocrx_word' id='word_1_314' title='bbox 80 3172 191 3222; x_wconf 85' lang='lat' dir='ltr'><strong>tremae</strong></span> <span class='ocrx_word' id='word_1_315' title='bbox 214 3168 329 3238; x_wconf 90' lang='lat' dir='ltr'><strong>partes,</strong></span> <span class='ocrx_word' id='word_1_316' title='bbox 361 3167 393 3220; x_wconf 91' lang='lat' dir='ltr'><strong>ut</strong></span> <span class='ocrx_word' id='word_1_317' title='bbox 416 3163 472 3237; x_wconf 76' lang='grc' dir='ltr'><strong>αβ,</strong></span> <span class='ocrx_word' id='word_1_318' title='bbox 494 3163 542 3239; x_wconf 67' lang='lat' dir='ltr'><strong>dy,</strong></span> <span class='ocrx_word' id='word_1_319' title='bbox 564 3168 610 3240; x_wconf 70' lang='lat' dir='ltr'><strong>pt,</strong></span> <span class='ocrx_word' id='word_1_320' title='bbox 636 3169 668 3224; x_wconf 78' lang='lat' dir='ltr'><strong>oa</strong></span> <span class='ocrx_word' id='word_1_321' title='bbox 691 3170 746 3226; x_wconf 89' lang='lat' dir='ltr'><strong>ete.</strong></span> <span class='ocrx_word' id='word_1_322' title='bbox 777 3163 952 3225; x_wconf 90' lang='lat' dir='ltr'><strong>adumbrant</strong></span> <span class='ocrx_word' id='word_1_323' title='bbox 974 3163 1083 3224; x_wconf 88' lang='lat' dir='ltr'><strong>lineam</strong></span> <span class='ocrx_word' id='word_1_324' title='bbox 1105 3166 1214 3241; x_wconf 81' lang='lat' dir='ltr'><strong>speclei</strong></span> <span class='ocrx_word' id='word_1_325' title='bbox 1238 3181 1345 3225; x_wconf 88' lang='lat' dir='ltr'><strong>curvae</strong></span> <span class='ocrx_word' id='word_1_326' title='bbox 1368 3166 1441 3226; x_wconf 92' lang='lat' dir='ltr'><strong>irre·</strong></span> 
     </span>
     <span class='ocr_line' id='line_1_32' title="bbox 80 3247 1441 3330; baseline 0.001 -21"><span class='ocrx_word' id='word_1_327' title='bbox 80 3249 202 3326; x_wconf 86' lang='lat' dir='ltr'><strong>gularis,</strong></span> <span class='ocrx_word' id='word_1_328' title='bbox 225 3265 301 3324; x_wconf 88' lang='lat' dir='ltr'><strong>quae</strong></span> <span class='ocrx_word' id='word_1_329' title='bbox 325 3256 358 3309; x_wconf 89' lang='lat' dir='ltr'><strong>ut</strong></span> <span class='ocrx_word' id='word_1_330' title='bbox 379 3247 541 3326; x_wconf 76' lang='lat' dir='ltr'><strong>hyperbole</strong></span> <span class='ocrx_word' id='word_1_331' title='bbox 564 3249 603 3310; x_wconf 90' lang='lat' dir='ltr'><strong>ad</strong></span> <span class='ocrx_word' id='word_1_332' title='bbox 625 3258 819 3328; x_wconf 84' lang='lat' dir='ltr'><strong>asymptotos,</strong></span> <span class='ocrx_word' id='word_1_333' title='bbox 843 3253 887 3311; x_wconf 83' lang='lat' dir='ltr'><strong>sic</strong></span> <span class='ocrx_word' id='word_1_334' title='bbox 909 3253 975 3327; x_wconf 88' lang='lat' dir='ltr'><strong>ipsa</strong></span> <span class='ocrx_word' id='word_1_335' title='bbox 997 3269 1030 3312; x_wconf 91' lang='lat' dir='ltr'><strong>se</strong></span> <span class='ocrx_word' id='word_1_336' title='bbox 1053 3251 1091 3312; x_wconf 92' lang='lat' dir='ltr'><strong>ad</strong></span> <span class='ocrx_word' id='word_1_337' title='bbox 1108 3253 1200 3329; x_wconf 88' lang='lat' dir='ltr'><strong>primo</strong></span> <span class='ocrx_word' id='word_1_338' title='bbox 1216 3250 1328 3311; x_wconf 88' lang='lat' dir='ltr'><strong>divisas</strong></span> <span class='ocrx_word' id='word_1_339' title='bbox 1343 3252 1441 3330; x_wconf 86' lang='lat' dir='ltr'><strong>appli-</strong></span> 
     </span>
     <span class='ocr_line' id='line_1_33' title="bbox 80 3334 1442 3415; baseline 0.001 -18"><span class='ocrx_word' id='word_1_340' title='bbox 80 3347 136 3397; x_wconf 89' lang='lat' dir='ltr'><strong>cat.</strong></span> <span class='ocrx_word' id='word_1_341' title='bbox 182 3334 295 3410; x_wconf 82' lang='lat' dir='ltr'><strong>Quodsi</strong></span> <span class='ocrx_word' id='word_1_342' title='bbox 324 3336 413 3395; x_wconf 90' lang='lat' dir='ltr'><strong>etiarn</strong></span> <span class='ocrx_word' id='word_1_343' title='bbox 442 3336 537 3397; x_wconf 87' lang='lat' dir='ltr'><strong>altera</strong></span> <span class='ocrx_word' id='word_1_344' title='bbox 566 3339 724 3414; x_wconf 86' lang='lat' dir='ltr'><strong>primarum</strong></span> <span class='ocrx_word' id='word_1_345' title='bbox 755 3338 851 3401; x_wconf 87' lang='lat' dir='ltr'><strong>divisa</strong></span> <span class='ocrx_word' id='word_1_346' title='bbox 881 3337 968 3397; x_wconf 86' lang='lat' dir='ltr'><strong>luerit</strong></span> <span class='ocrx_word' id='word_1_347' title='bbox 998 3340 1026 3396; x_wconf 91' lang='lat' dir='ltr'><strong>in</strong></span> <span class='ocrx_word' id='word_1_348' title='bbox 1057 3339 1209 3415; x_wconf 88' lang='lat' dir='ltr'><strong>aequalia,</strong></span> <span class='ocrx_word' id='word_1_349' title='bbox 1240 3347 1325 3398; x_wconf 90' lang='lat' dir='ltr'><strong>erunt</strong></span> <span class='ocrx_word' id='word_1_350' title='bbox 1352 3343 1442 3400; x_wconf 90' lang='lat' dir='ltr'><strong>etiam</strong></span> 
     </span>
     <span class='ocr_line' id='line_1_34' title="bbox 80 3423 1439 3503; baseline 0.003 -21"><span class='ocrx_word' id='word_1_351' title='bbox 80 3424 222 3500; x_wconf 88' lang='lat' dir='ltr'><strong>cujusque</strong></span> <span class='ocrx_word' id='word_1_352' title='bbox 250 3423 379 3482; x_wconf 90' lang='lat' dir='ltr'><strong>sectricis</strong></span> <span class='ocrx_word' id='word_1_353' title='bbox 405 3429 504 3498; x_wconf 87' lang='lat' dir='ltr'><strong>partes</strong></span> <span class='ocrx_word' id='word_1_354' title='bbox 527 3441 627 3484; x_wconf 91' lang='lat' dir='ltr'><strong>omnes</strong></span> <span class='ocrx_word' id='word_1_355' title='bbox 651 3423 801 3501; x_wconf 88' lang='lat' dir='ltr'><strong>aequales.</strong></span> <span class='ocrx_word' id='word_1_356' title='bbox 847 3424 877 3485; x_wconf 85' lang='lat' dir='ltr'><strong>Si</strong></span> <span class='ocrx_word' id='word_1_357' title='bbox 906 3424 998 3484; x_wconf 88' lang='lat' dir='ltr'><strong>altera</strong></span> <span class='ocrx_word' id='word_1_358' title='bbox 1027 3425 1184 3498; x_wconf 91' lang='lat' dir='ltr'><strong>linearum,</strong></span> <span class='ocrx_word' id='word_1_359' title='bbox 1214 3435 1286 3502; x_wconf 89' lang='lat' dir='ltr'><strong>puta</strong></span> <span class='ocrx_word' id='word_1_360' title='bbox 1314 3426 1363 3487; x_wconf 88' lang='lat' dir='ltr'><strong>hic</strong></span> <span class='ocrx_word' id='word_1_361' title='bbox 1384 3426 1439 3503; x_wconf 87' lang='lat' dir='ltr'><strong>IV,</strong></span> 
     </span>
     <span class='ocr_line' id='line_1_35' title="bbox 80 3508 1440 3589; baseline 0.004 -21"><span class='ocrx_word' id='word_1_362' title='bbox 80 3528 137 3570; x_wconf 93' lang='lat' dir='ltr'><strong>non</strong></span> <span class='ocrx_word' id='word_1_363' title='bbox 161 3509 286 3569; x_wconf 89' lang='lat' dir='ltr'><strong>multum</strong></span> <span class='ocrx_word' id='word_1_364' title='bbox 309 3508 423 3573; x_wconf 84' lang='lat' dir='ltr'><strong>differat</strong></span> <span class='ocrx_word' id='word_1_365' title='bbox 444 3529 463 3570; x_wconf 90' lang='lat' dir='ltr'><strong>a</strong></span> <span class='ocrx_word' id='word_1_366' title='bbox 484 3519 574 3586; x_wconf 90' lang='lat' dir='ltr'><strong>recta,</strong></span> <span class='ocrx_word' id='word_1_367' title='bbox 597 3520 667 3575; x_wconf 89' lang='lat' dir='ltr'><strong>tunc</strong></span> <span class='ocrx_word' id='word_1_368' title='bbox 688 3530 784 3589; x_wconf 91' lang='lat' dir='ltr'><strong>neque</strong></span> <span class='ocrx_word' id='word_1_369' title='bbox 807 3529 861 3587; x_wconf 88' lang='lat' dir='ltr'><strong>ea,</strong></span> <span class='ocrx_word' id='word_1_370' title='bbox 886 3512 1021 3589; x_wconf 85' lang='lat' dir='ltr'><strong>quaeda</strong></span> <span class='ocrx_word' id='word_1_371' title='bbox 1045 3516 1080 3573; x_wconf 91' lang='lat' dir='ltr'><strong>iis</strong></span> <span class='ocrx_word' id='word_1_372' title='bbox 1104 3517 1133 3571; x_wconf 86' lang='lat' dir='ltr'><strong>in</strong></span> <span class='ocrx_word' id='word_1_373' title='bbox 1156 3513 1336 3574; x_wconf 87' lang='lat' dir='ltr'><strong>theoremate</strong></span> <span class='ocrx_word' id='word_1_374' title='bbox 1360 3514 1440 3573; x_wconf 86' lang='lat' dir='ltr'><strong>affir-</strong></span> 
     </span>
     <span class='ocr_line' id='line_1_36' title="bbox 81 3596 610 3670; baseline -0.002 -11"><span class='ocrx_word' id='word_1_375' title='bbox 81 3605 206 3670; x_wconf 83' lang='lat' dir='ltr'><strong>mantur,</strong></span> <span class='ocrx_word' id='word_1_376' title='bbox 229 3597 354 3657; x_wconf 89' lang='lat' dir='ltr'><strong>multum</strong></span> <span class='ocrx_word' id='word_1_377' title='bbox 378 3596 495 3658; x_wconf 89' lang='lat' dir='ltr'><strong>diversa</strong></span> <span class='ocrx_word' id='word_1_378' title='bbox 517 3607 610 3661; x_wconf 84' lang='lat' dir='ltr'><strong>erunt</strong></span> 
     </span>
    </p>

    <p class='ocr_par' dir='ltr' id='par_1_7' title="bbox 79 3683 1439 3938">
     <span class='ocr_line' id='line_1_37' title="bbox 183 3683 1439 3766; baseline 0.002 -22"><span class='ocrx_word' id='word_1_379' title='bbox 183 3683 289 3747; x_wconf 83' lang='lat' dir='ltr'><strong>Cetera</strong></span> <span class='ocrx_word' id='word_1_380' title='bbox 309 3701 362 3761; x_wconf 90' lang='lat' dir='ltr'><strong>per</strong></span> <span class='ocrx_word' id='word_1_381' title='bbox 384 3702 416 3745; x_wconf 91' lang='lat' dir='ltr'><strong>ee</strong></span> <span class='ocrx_word' id='word_1_382' title='bbox 440 3693 541 3764; x_wconf 88' lang='lat' dir='ltr'><strong>patent</strong></span> <span class='ocrx_word' id='word_1_383' title='bbox 565 3697 594 3746; x_wconf 88' lang='lat' dir='ltr'><strong>et</strong></span> <span class='ocrx_word' id='word_1_384' title='bbox 620 3696 688 3747; x_wconf 89' lang='lat' dir='ltr'><strong>suut</strong></span> <span class='ocrx_word' id='word_1_385' title='bbox 714 3695 827 3749; x_wconf 90' lang='lat' dir='ltr'><strong>tantum</strong></span> <span class='ocrx_word' id='word_1_386' title='bbox 842 3688 976 3764; x_wconf 85' lang='lat' dir='ltr'><strong>exegesis</strong></span> <span class='ocrx_word' id='word_1_387' title='bbox 991 3704 1101 3762; x_wconf 86' lang='lat' dir='ltr'><strong>eornm,</strong></span> <span class='ocrx_word' id='word_1_388' title='bbox 1125 3706 1202 3765; x_wconf 89' lang='lat' dir='ltr'><strong>quae</strong></span> <span class='ocrx_word' id='word_1_389' title='bbox 1218 3696 1439 3766; x_wconf 84' lang='lat' dir='ltr'><strong>supponuntur:</strong></span> 
     </span>
     <span class='ocr_line' id='line_1_38' title="bbox 80 3770 1439 3852; baseline 0.004 -21"><span class='ocrx_word' id='word_1_390' title='bbox 80 3789 169 3831; x_wconf 91' lang='lat' dir='ltr'><strong>unum</strong></span> <span class='ocrx_word' id='word_1_391' title='bbox 191 3771 265 3846; x_wconf 91' lang='lat' dir='ltr'><strong>hoc,</strong></span> <span class='ocrx_word' id='word_1_392' title='bbox 291 3770 370 3848; x_wconf 89' lang='lat' dir='ltr'><strong>quod</strong></span> <span class='ocrx_word' id='word_1_393' title='bbox 392 3775 540 3833; x_wconf 76' lang='lat' dir='ltr'><strong>secdones</strong></span> <span class='ocrx_word' id='word_1_394' title='bbox 563 3777 592 3833; x_wconf 93' lang='lat' dir='ltr'><strong>in</strong></span> <span class='ocrx_word' id='word_1_395' title='bbox 613 3783 694 3835; x_wconf 84' lang='lat' dir='ltr'><strong>recta</strong></span> <span class='ocrx_word' id='word_1_396' title='bbox 717 3775 899 3849; x_wconf 88' lang='lat' dir='ltr'><strong>ordinentur,</strong></span> <span class='ocrx_word' id='word_1_397' title='bbox 922 3776 977 3836; x_wconf 89' lang='lat' dir='ltr'><strong>etsi</strong></span> <span class='ocrx_word' id='word_1_398' title='bbox 1001 3774 1279 3839; x_wconf 85' lang='lat' dir='ltr'><strong>demonstrationem</strong></span> <span class='ocrx_word' id='word_1_399' title='bbox 1302 3784 1439 3852; x_wconf 84' lang='lat' dir='ltr'><strong>meretur,</strong></span> 
     </span>
     <span class='ocr_line' id='line_1_39' title="bbox 79 3858 1029 3938; baseline 0.003 -21"><span class='ocrx_word' id='word_1_400' title='bbox 79 3858 151 3918; x_wconf 85' lang='lat' dir='ltr'><strong>nihil</strong></span> <span class='ocrx_word' id='word_1_401' title='bbox 173 3867 272 3919; x_wconf 81' lang='lat' dir='ltr'><strong>tamen</strong></span> <span class='ocrx_word' id='word_1_402' title='bbox 294 3859 381 3919; x_wconf 92' lang='lat' dir='ltr'><strong>nobis</strong></span> <span class='ocrx_word' id='word_1_403' title='bbox 403 3859 441 3919; x_wconf 89' lang='lat' dir='ltr'><strong>ad</strong></span> <span class='ocrx_word' id='word_1_404' title='bbox 463 3864 606 3922; x_wconf 82' lang='lat' dir='ltr'><strong>cometiae</strong></span> <span class='ocrx_word' id='word_1_405' title='bbox 629 3862 749 3923; x_wconf 78' lang='lat' dir='ltr'><strong>confert.</strong></span> <span class='ocrx_word' id='word_1_406' title='bbox 794 3861 945 3938; x_wconf 85' lang='lat' dir='ltr'><strong>Quaerant</strong></span> <span class='ocrx_word' id='word_1_407' title='bbox 968 3862 1029 3922; x_wconf 89' lang='lat' dir='ltr'><strong>alii.</strong></span> 
     </span>
    </p>
   </div>
   <div class='ocr_carea' id='block_1_6' title="bbox 118 4063 1399 4173">
    <p class='ocr_par' dir='ltr' id='par_1_8' title="bbox 118 4063 1399 4173">
     <span class='ocr_line' id='line_1_40' title="bbox 118 4063 1399 4173; baseline 0.004 -27"><span class='ocrx_word' id='word_1_408' title='bbox 118 4063 288 4171; x_wconf 80' lang='lat' dir='ltr'><strong>Sequentia.</strong></span> <span class='ocrx_word' id='word_1_409' title='bbox 314 4068 509 4148; x_wconf 84' lang='lat' dir='ltr'><strong>tlreorcrnntn</strong></span> <span class='ocrx_word' id='word_1_410' title='bbox 536 4067 702 4173; x_wconf 81' lang='lat' dir='ltr'><strong>occasione</strong></span> <span class='ocrx_word' id='word_1_411' title='bbox 729 4076 921 4150; x_wconf 86' lang='lat' dir='ltr'><strong>cometarum</strong></span> <span class='ocrx_word' id='word_1_412' title='bbox 949 4069 1024 4150; x_wconf 85' lang='lat' dir='ltr'><strong>enni</strong></span> <span class='ocrx_word' id='word_1_413' title='bbox 1055 4069 1156 4152; x_wconf 86' lang='grc'><strong>1618.</strong></span> <span class='ocrx_word' id='word_1_414' title='bbox 1184 4079 1399 4153; x_wconf 85' lang='lat' dir='ltr'><strong>accesserunt</strong></span> 
     </span>
    </p>
   </div>
   <div class='ocr_carea' id='block_1_7' title="bbox 594 4234 924 4327">
    <p class='ocr_par' dir='ltr' id='par_1_9' title="bbox 594 4234 924 4327">
     <span class='ocr_line' id='line_1_41' title="bbox 594 4234 924 4327; baseline 0.009 -24"><span class='ocrx_word' id='word_1_415' title='bbox 594 4234 786 4327; x_wconf 73' lang='lat' dir='ltr'><strong>Theoremn</strong></span> <span class='ocrx_word' id='word_1_416' title='bbox 814 4234 924 4307; x_wconf 89' lang='lat' dir='ltr'><strong>XVlll.</strong></span> 
     </span>
    </p>
   </div>
   <div class='ocr_carea' id='block_1_8' title="bbox 77 4342 1481 4867">
    <p class='ocr_par' dir='ltr' id='par_1_10' title="bbox 77 4342 1438 4512">
     <span class='ocr_line' id='line_1_42' title="bbox 184 4342 1438 4429; baseline 0.008 -27"><span class='ocrx_word' id='word_1_417' title='bbox 184 4342 307 4403; x_wconf 70' lang='grc' dir='ltr'><strong>Οοηιεω</strong></span> <span class='ocrx_word' id='word_1_418' title='bbox 329 4348 450 4404; x_wconf 82' lang='lat' dir='ltr'><strong>vicinus</strong></span> <span class='ocrx_word' id='word_1_419' title='bbox 473 4345 538 4407; x_wconf 81' lang='lat' dir='ltr'><strong>Soli</strong></span> <span class='ocrx_word' id='word_1_420' title='bbox 559 4348 726 4407; x_wconf 85' lang='lat' dir='ltr'><strong>secuudum</strong></span> <span class='ocrx_word' id='word_1_421' title='bbox 749 4350 971 4425; x_wconf 71' lang='lat' dir='ltr'><strong>longitudinem</strong></span> <span class='ocrx_word' id='word_1_422' title='bbox 993 4360 1021 4411; x_wconf 85' lang='lat' dir='ltr'><strong>ct</strong></span> <span class='ocrx_word' id='word_1_423' title='bbox 1043 4351 1249 4429; x_wconf 71' lang='lat' dir='ltr'><strong>retrogradus,</strong></span> <span class='ocrx_word' id='word_1_424' title='bbox 1272 4356 1438 4413; x_wconf 81' lang='lat' dir='ltr'><strong>necessario</strong></span> 
     </span>
     <span class='ocr_line' id='line_1_43' title="bbox 77 4432 1068 4512; baseline 0.011 -25"><span class='ocrx_word' id='word_1_425' title='bbox 77 4432 225 4503; x_wconf 85' lang='lat' dir='ltr'><strong>majorem</strong></span> <span class='ocrx_word' id='word_1_426' title='bbox 248 4432 338 4491; x_wconf 68' lang='lat' dir='ltr'><strong>hoen</strong></span> <span class='ocrx_word' id='word_1_427' title='bbox 360 4435 566 4506; x_wconf 80' lang='lat' dir='ltr'><strong>trajectiouem</strong></span> <span class='ocrx_word' id='word_1_428' title='bbox 588 4435 735 4494; x_wconf 83' lang='lat' dir='ltr'><strong>diurnam</strong></span> <span class='ocrx_word' id='word_1_429' title='bbox 760 4455 855 4512; x_wconf 87' lang='lat' dir='ltr'><strong>quom</strong></span> <span class='ocrx_word' id='word_1_430' title='bbox 883 4436 988 4498; x_wconf 81' lang='lat' dir='ltr'><strong>Terra.</strong></span> <span class='ocrx_word' id='word_1_431' title='bbox 1061 4443 1068 4459; x_wconf 74' lang='lat'><em>⁶</em></span> 
     </span>
    </p>

    <p class='ocr_par' dir='ltr' id='par_1_11' title="bbox 78 4517 1481 4867">
     <span class='ocr_line' id='line_1_44' title="bbox 180 4517 1438 4600; baseline 0.008 -24"><span class='ocrx_word' id='word_1_432' title='bbox 180 4517 216 4576; x_wconf 94' lang='lat' dir='ltr'><strong>In</strong></span> <span class='ocrx_word' id='word_1_433' title='bbox 243 4517 392 4579; x_wconf 90' lang='lat' dir='ltr'><strong>schemate</strong></span> <span class='ocrx_word' id='word_1_434' title='bbox 416 4526 444 4580; x_wconf 83' lang='grc'><strong>3.</strong></span> <span class='ocrx_word' id='word_1_435' title='bbox 474 4523 513 4578; x_wconf 92' lang='lat' dir='ltr'><strong>sit</strong></span> <span class='ocrx_word' id='word_1_436' title='bbox 535 4522 590 4580; x_wconf 70' lang='grc' dir='ltr'><strong>ΚΡ</strong></span> <span class='ocrx_word' id='word_1_437' title='bbox 618 4522 738 4582; x_wconf 88' lang='lat' dir='ltr'><strong>diurnus</strong></span> <span class='ocrx_word' id='word_1_438' title='bbox 762 4525 886 4598; x_wconf 77' lang='lat' dir='ltr'><strong>Terrae,</strong></span> <span class='ocrx_word' id='word_1_439' title='bbox 916 4535 945 4585; x_wconf 89' lang='lat' dir='ltr'><strong>et</strong></span> <span class='ocrx_word' id='word_1_440' title='bbox 967 4526 1040 4600; x_wconf 80' lang='grc' dir='ltr'><strong>ΚΝ,</strong></span> <span class='ocrx_word' id='word_1_441' title='bbox 1071 4526 1126 4585; x_wconf 83' lang='lat' dir='ltr'><strong>FH</strong></span> <span class='ocrx_word' id='word_1_442' title='bbox 1149 4527 1290 4600; x_wconf 75' lang='lat' dir='ltr'><strong>vitoriae,</strong></span> <span class='ocrx_word' id='word_1_443' title='bbox 1321 4522 1438 4585; x_wconf 82' lang='lat' dir='ltr'><strong>vicinae</strong></span> 
     </span>
     <span class='ocr_line' id='line_1_45' title="bbox 79 4605 1481 4691; baseline 0.014 -30"><span class='ocrx_word' id='word_1_444' title='bbox 79 4605 204 4664; x_wconf 88' lang='lat' dir='ltr'><strong>visoriae</strong></span> <span class='ocrx_word' id='word_1_445' title='bbox 227 4605 304 4664; x_wconf 89' lang='lat' dir='ltr'><strong>Solis</strong></span> <span class='ocrx_word' id='word_1_446' title='bbox 329 4605 401 4666; x_wconf 86' lang='grc' dir='ltr'><strong>ΚΧ.</strong></span> <span class='ocrx_word' id='word_1_447' title='bbox 446 4605 524 4682; x_wconf 87' lang='lat' dir='ltr'><strong>Quia</strong></span> <span class='ocrx_word' id='word_1_448' title='bbox 547 4612 637 4684; x_wconf 85' lang='lat' dir='ltr'><strong>igitur</strong></span> <span class='ocrx_word' id='word_1_449' title='bbox 658 4627 711 4688; x_wconf 91' lang='lat' dir='ltr'><strong>per</strong></span> <span class='ocrx_word' id='word_1_450' title='bbox 733 4611 788 4670; x_wconf 89' lang='lat' dir='ltr'><strong>has</strong></span> <span class='ocrx_word' id='word_1_451' title='bbox 810 4614 936 4672; x_wconf 83' lang='lat' dir='ltr'><strong>visorias</strong></span> <span class='ocrx_word' id='word_1_452' title='bbox 960 4622 1074 4673; x_wconf 86' lang='lat' dir='ltr'><strong>cometa</strong></span> <span class='ocrx_word' id='word_1_453' title='bbox 1097 4622 1219 4690; x_wconf 84' lang='lat' dir='ltr'><strong>apparet</strong></span> <span class='ocrx_word' id='word_1_454' title='bbox 1241 4607 1435 4691; x_wconf 68' lang='lat' dir='ltr'><strong>retrogradus,</strong></span> <span class='ocrx_word' id='word_1_455' title='bbox 1478 4658 1481 4665; x_wconf 90' lang='lat'>·</span> 
     </span>
     <span class='ocr_line' id='line_1_46' title="bbox 79 4692 1436 4776; baseline 0.008 -27"><span class='ocrx_word' id='word_1_456' title='bbox 79 4698 192 4768; x_wconf 87' lang='lat' dir='ltr'><strong>oportet</strong></span> <span class='ocrx_word' id='word_1_457' title='bbox 213 4701 246 4750; x_wconf 92' lang='lat' dir='ltr'><strong>ut</strong></span> <span class='ocrx_word' id='word_1_458' title='bbox 269 4692 424 4772; x_wconf 89' lang='lat' dir='ltr'><strong>divergant</strong></span> <span class='ocrx_word' id='word_1_459' title='bbox 444 4693 540 4756; x_wconf 88' lang='lat' dir='ltr'><strong>lineae</strong></span> <span class='ocrx_word' id='word_1_460' title='bbox 556 4697 666 4772; x_wconf 85' lang='lat' dir='ltr'><strong>perth.</strong></span> <span class='ocrx_word' id='word_1_461' title='bbox 682 4697 736 4756; x_wconf 83' lang='lat'><em>111.</em></span> <span class='ocrx_word' id='word_1_462' title='bbox 774 4698 845 4757; x_wconf 91' lang='lat' dir='ltr'><strong>Plus</strong></span> <span class='ocrx_word' id='word_1_463' title='bbox 870 4701 958 4776; x_wconf 87' lang='lat' dir='ltr'><strong>igitur</strong></span> <span class='ocrx_word' id='word_1_464' title='bbox 980 4700 1090 4760; x_wconf 89' lang='lat' dir='ltr'><strong>distant</strong></span> <span class='ocrx_word' id='word_1_465' title='bbox 1111 4704 1139 4759; x_wconf 89' lang='lat' dir='ltr'><strong>in</strong></span> <span class='ocrx_word' id='word_1_466' title='bbox 1163 4705 1324 4762; x_wconf 88' lang='lat' dir='ltr'><strong>remotione</strong></span> <span class='ocrx_word' id='word_1_467' title='bbox 1348 4702 1436 4770; x_wconf 86' lang='lat' dir='ltr'><strong>longa</strong></span> 
     </span>
     <span class='ocr_line' id='line_1_47' title="bbox 78 4777 1434 4867; baseline 0.01 -31"><span class='ocrx_word' id='word_1_468' title='bbox 78 4777 221 4853; x_wconf 83' lang='lat' dir='ltr'><strong>aTena,</strong></span> <span class='ocrx_word' id='word_1_469' title='bbox 245 4786 318 4860; x_wconf 84' lang='lat' dir='ltr'><strong>puta</strong></span> <span class='ocrx_word' id='word_1_470' title='bbox 340 4785 417 4843; x_wconf 90' lang='lat' dir='ltr'><strong>cirea</strong></span> <span class='ocrx_word' id='word_1_471' title='bbox 438 4781 466 4841; x_wconf 88' lang='lat' dir='ltr'>N</span> <span class='ocrx_word' id='word_1_472' title='bbox 488 4782 537 4843; x_wconf 90' lang='lat' dir='ltr'><strong>vel</strong></span> <span class='ocrx_word' id='word_1_473' title='bbox 561 4783 600 4842; x_wconf 90' lang='grc' dir='ltr'><strong>Η.</strong></span> <span class='ocrx_word' id='word_1_474' title='bbox 646 4785 723 4862; x_wconf 87' lang='lat' dir='ltr'><strong>Ergo</strong></span> <span class='ocrx_word' id='word_1_475' title='bbox 748 4789 773 4846; x_wconf 89' lang='lat' dir='ltr'><strong>si</strong></span> <span class='ocrx_word' id='word_1_476' title='bbox 798 4787 932 4863; x_wconf 88' lang='lat' dir='ltr'><strong>trajectio</strong></span> <span class='ocrx_word' id='word_1_477' title='bbox 956 4796 1086 4849; x_wconf 89' lang='lat' dir='ltr'><strong>cometae</strong></span> <span class='ocrx_word' id='word_1_478' title='bbox 1109 4796 1187 4849; x_wconf 89' lang='lat' dir='ltr'><strong>esset</strong></span> <span class='ocrx_word' id='word_1_479' title='bbox 1209 4788 1351 4867; x_wconf 90' lang='lat' dir='ltr'><strong>parallela</strong></span> <span class='ocrx_word' id='word_1_480' title='bbox 1373 4789 1434 4841; x_wconf 70' lang='lat' dir='ltr'><strong>tra·</strong></span> 
     </span>
    </p>
   </div>
   <div class='ocr_carea' id='block_1_9' title="bbox 0 0 1648 5520">
    <p class='ocr_par' dir='ltr' id='par_1_12' title="bbox 0 0 1648 5520">
     <span class='ocr_line' id='line_1_48' title="bbox 0 0 1648 5520; baseline 0 0"><span class='ocrx_word' id='word_1_481' title='bbox 0 0 1648 5520; x_wconf 95' lang='lat' dir='ltr'><strong> </strong></span> 
     </span>
    </p>
   </div>
  </div>
 </body>
</html>
