3284 5520
646 337 688 391 De
707 333 826 391 Comotis
843 333 929 391 libelli
947 334 995 389 ΙΙΙ.

321 541 469 608 Prima
502 563 599 609 mea
629 542 908 609 observatio
940 547 1147 609 cometae
1179 539 1325 606 tertii.

248 680 359 746 Eodem
380 685 427 746 die
448 681 483 768 ll
511 688 561 749 29.
576 686 749 746 Novembris
773 687 845 745 bora
862 681 933 767 67„
958 705 1023 746 cnm
1038 703 1151 745 rursum
1167 685 1381 745 discuterentur
1397 686 1501 757 nubes,

143 773 261 831 ascendi
293 781 416 845 tectum,
450 776 475 831 si
506 774 579 833 sorte
612 777 775 833 accuratius
807 774 920 848 aliquid
950 776 978 831 in
1010 774 1062 833 illa
1093 775 1235 833 cometica
1266 772 1362 832 eunde
1393 775 1506 831 renuet

142 860 317 934 notandum3
341 879 443 920 verum
460 859 512 920 illa
531 862 593 936 jam
613 860 797 937 disparuerat
812 860 913 920 adulto
931 860 1079 935 diluculo;
1102 869 1133 919 at
1149 861 1279 920 vicissim
1301 858 1339 918 ad
1354 861 1504 918 sinistram

142 947 216 1006 inira
245 947 357 1007 lancem
381 947 488 1007 Librae
519 949 681 1022 (borealem
712 958 800 1025 puto,
837 967 904 1006 nam
935 966 1023 1007 unam
1054 945 1150 1007 solam
1182 946 1257 1021 vidi)
1291 956 1407 1007 cometa
1429 946 1505 1005 alius

142 1035 319 1093 clarissimus
342 1054 393 1113 per
415 1036 508 1093 nubes
528 1039 672 1113 apparuit,
698 1037 781 1111 cujus
805 1035 900 1094 cauda
924 1035 1098 1095 tendebatur
1112 1036 1187 1094 inter
1209 1033 1303 1092 linem
1326 1051 1363 1093 ex
1378 1033 1504 1093 Arcturo

141 1130 171 1180 et
201 1139 236 1180 ex
260 1121 349 1198 Spica
378 1125 406 1179 in
437 1133 594 1196 cometam,
629 1125 750 1199 propius
774 1132 872 1182 tamen
894 1123 963 1182 bnic
985 1141 1074 1199 quam
1098 1121 1156 1196 illi;
1191 1120 1271 1180 color
1293 1121 1407 1181 caudae
1430 1123 1504 1181 inter

142 1207 251 1267 flavum
275 1220 304 1267 ct
327 1212 445 1269 rubrum
469 1212 605 1283 micabat,
631 1219 662 1269 nt
685 1209 830 1269 interdum
853 1208 952 1286 longa,
977 1210 1121 1269 interdum
1146 1210 1245 1267 brevis
1269 1217 1356 1280 esset,
1381 1226 1505 1287 sparge-

142 1296 229 1354 batur
259 1315 277 1355 a
306 1300 415 1374 capite,
452 1307 485 1355 ut
513 1314 621 1373 scopae
651 1296 777 1357 directae
801 1306 830 1356 et
852 1299 991 1372 rigentes.
1037 1295 1134 1373 Caput
1156 1294 1316 1371 telescopio
1338 1297 1504 1372 inspectum

143 1383 218 1442 inira
232 1382 349 1459 quidem
374 1383 530 1443 rotundum
546 1394 617 1456 erat,
641 1402 729 1460 snpra
745 1401 815 1443 vero
839 1386 867 1441 in
890 1387 983 1444 crines
1000 1383 1226 1458 obliterabatur;
1251 1382 1395 1443 claritudo
1410 1383 1505 1460 major

141 1472 203 1529 sine
227 1470 394 1547 telescopio,
420 1488 507 1547 qnam
530 1490 581 1548 per
604 1471 686 1530 illud.
732 1471 828 1530 'l'anta
852 1479 914 1530 erat
937 1470 1080 1530 claritudo
1104 1487 1155 1548 per
1177 1470 1275 1529 bintus
1297 1471 1436 1543 nubium,
1461 1480 1502 1542 ut,

141 1558 311 1635 prinsquam
335 1576 380 1618 me
404 1558 604 1634 collegissem,
638 1559 739 1617 Lnnac
763 1561 921 1617 vicesimae
949 1560 1092 1633 septimae
1123 1557 1296 1634 splendores
1327 1575 1374 1617 me
1403 1556 1502 1617 videre

141 1656 285 1719 putarem.
331 1645 475 1705 Isoscclcs
505 1647 590 1720 quasi
613 1655 675 1705 erut
698 1646 875 1722 triangulum
899 1663 935 1704 ex
958 1646 1099 1717 Arcturo,
1130 1645 1228 1705 Lance
1251 1654 1281 1704 et
1302 1651 1419 1704 cometa
1441 1645 1502 1702 ior·

140 1741 267 1806 matum,
294 1732 434 1791 distantia
451 1742 582 1791 cometae
607 1751 624 1790 a
648 1732 747 1792 Lance
771 1734 856 1808 qnasi
880 1738 937 1791 tres
953 1731 1065 1792 Lunae.
1102 1731 1176 1790 Cum
1200 1731 1274 1791 baec
1297 1735 1502 1807 consignarem

142 1836 177 1878 ex
199 1821 340 1878 memoria
363 1837 478 1892 eornm,
503 1837 577 1895 qnae
602 1818 705 1878 eodem
728 1820 817 1878 horae
840 1818 1002 1896 quadrante
1026 1819 1167 1892 videram,
1191 1817 1383 1879 subdubitare
1406 1820 1503 1894 coepi,

141 1923 230 1981 snpra
246 1925 283 1965 an
300 1906 374 1965 inire
390 1905 517 1965 Lancern
534 1917 676 1966 cometam
693 1906 826 1979 viderim,
849 1924 902 1964 nec
919 1907 1044 1965 dabatur
1059 1905 1164 1965 reditio
1186 1908 1216 1963 in
1231 1923 1291 1964 rem
1308 1914 1502 1982 praesentem,

137 1991 199 2066 jam
224 1995 301 2052 enim
325 1993 479 2053 dilexerat.
526 1993 636 2052 Verum
660 1994 766 2053 liberat
787 2011 833 2052 me
858 1994 1041 2053 dubitatione
1066 1992 1237 2053 observator
1259 1992 1425 2064 Romanus,
1451 1995 1502 2068 qui

141 2079 309 2139 distantiam
340 2079 396 2139 hoc
426 2083 490 2156 ipso
522 2080 569 2139 dio
602 2099 621 2139 a
651 2079 749 2139 Lance
782 2082 892 2139 boreali
924 2080 1044 2141 exhibet
1073 2078 1281 2156 sesquigradus
1311 2080 1347 2138 ad
1380 2089 1503 2139 ventum

141 2168 299 2237 siroccum,
334 2184 410 2243 qnae
441 2173 509 2225 sunt
538 2169 669 2242 praeciso
693 2186 775 2227 meae
800 2177 856 2227 tres
880 2167 992 2228 Lunae.
1037 2167 1143 2243 Itaque
1166 2167 1241 2226 hanc
1265 2167 1502 2226 observationem

140 2253 231 2329 panlo
254 2263 322 2330 post
345 2271 492 2313 assumam
517 2255 554 2313 ad
578 2255 851 2315 demonstrationes.
896 2254 1028 2314 Gandam
1049 2255 1086 2313 ad
1111 2250 1309 2330 30⁰10ngam
1333 2256 1501 2326 censebam,

141 2347 172 2399 at
187 2340 300 2401 Romae
324 2349 353 2400 et
368 2341 501 2401 Viennae
519 2340 591 2415 58⁰3
615 2344 783 2401 inconstans
807 2345 882 2401 enim
907 2342 1069 2419 apparebat
1091 2340 1165 2400 baec
1188 2341 1350 2417 longitudo.
1385 2341 1502 2401 Lances

142 2428 260 2503 quidem
292 2431 379 2487 eliam
408 2447 444 2488 ex
474 2431 638 2488 observatis
669 2430 779 2489 dierum
804 2433 832 2486 t.
863 2435 892 2488 ct
917 2431 945 2488 9.
970 2429 1041 2488 Dec.
1066 2428 1151 2487 iacile
1175 2428 1337 2488 discernere
1361 2437 1439 2503 erat,
1474 2433 1501 2487 si

140 2514 187 2574 die
212 2518 261 2575 29.
286 2515 362 2574 Nou.
394 2534 482 2593 snpra
511 2519 592 2575 visus
615 2526 709 2590 osset,
742 2534 800 2574 non
826 2516 916 2573 inira:
951 2534 1018 2575 nam
1041 2516 1108 2574 loca
1130 2515 1232 2574 borum
1256 2516 1368 2575 dierum
1390 2515 1500 2575 lineam

140 2602 301 2663 tendebant
322 2620 379 2661 non
403 2622 491 2680 snpra
513 2605 671 2677 borealem,
695 2602 746 2662 sed
771 2605 845 2662 inter
868 2614 1031 2679 utramque.
1077 2602 1182 2679 Itaque
1205 2606 1230 2661 si
1254 2603 1328 2663 inira
1350 2602 1501 2665 borealem

140 2688 267 2750 Lancem
289 2693 381 2763 visus,
405 2691 484 2750 cadit
508 2695 535 2748 in
563 2687 662 2771 12Ά0
687 2693 735 2768 iii,
760 2708 825 2750 curn
848 2689 899 2749 lat.
927 2686 1002 2770 i¹s,⁰
1023 2689 1143 2749 boreali.

243 2777 373 2837 Eandem
390 2780 512 2854 primam
536 2779 728 2854 apparitionis
752 2776 828 2836 diem
852 2776 1035 2852 eundemque
1058 2778 1147 2835 situm
1163 2783 1302 2850 cometae,
1326 2779 1402 2836 inter
1425 2776 1501 2837 dnus

140 2863 251 2923 scilicet
275 2865 404 2938 Lances,
437 2864 533 2940 prodit
562 2867 650 2923 etiam
673 2865 711 2921 l).
735 2862 896 2936 Herlicius,
929 2857 1130 2924 Pom'erianiae
1153 2864 1386 2925 mathematicus.
1433 2864 1501 2924 Hoc

140 2950 230 3009 biduo
260 2955 386 3010 innotuit
417 2959 532 3011 cometa
557 2951 704 3028 plerisque
734 2953 910 3026 provinciis,
945 2953 974 3008 in
998 2951 1145 3021 Saxonis,
1180 2951 1332 3024 Moravia,
1366 2952 1499 3027 Austria,

139 3037 262 3108 Alsatia,
286 3038 393 3114 Styria,
418 3056 453 3097 ex
478 3039 584 3114 quibus
608 3038 819 3112 descriptiones
844 3036 889 3097 vel
914 3036 1013 3097 literas
1036 3038 1144 3098 habere
1167 3040 1259 3117 potui.

215 3174 218 3181 ,
244 3125 301 3183 Die
327 3126 376 3186 30.
400 3124 476 3183 Nov.
500 3124 651 3184 Romanus
678 3127 792 3184 notavit
816 3123 958 3185 cometam
981 3126 1091 3185 iactum
1111 3125 1174 3201 jam
1196 3127 1374 3203 superiorem
1398 3125 1500 3186 Lance

138 3209 249 3269 borcali
266 3212 402 3287 locatque
417 3214 445 3268 in
468 3215 501 3271 11
512 3206 563 3292 ¹l,⁰
581 3215 629 3290 iii,
646 3211 688 3270 lat
708 3210 761 3269 10⁰
784 3213 844 3270 bor.
864 3214 969 3285 nimia,
994 3211 1146 3288 longitudo
1163 3212 1275 3273 caudae
1290 3215 1414 3289 primum
1431 3212 1499 3287 23⁰,

139 3314 206 3355 mox
237 3299 329 3358 multo
359 3298 508 3377 prolixior.
555 3299 719 3358 Videbatur
743 3298 801 3357 illis
824 3317 875 3375 per
897 3300 1024 3359 medinm
1049 3299 1161 3360 caudae
1184 3299 1343 3359 seeundum
1367 3300 1501 3376 longitn-

141 3384 236 3443 dinem
262 3389 339 3445 exire
363 3387 441 3445 clara
466 3394 495 3445 et
517 3385 638 3445 evidens
660 3386 752 3458 linea,
776 3385 922 3446 medullae
945 3387 1057 3445 arboris
1080 3388 1110 3443 in
1133 3387 1267 3462 modum;
1290 3389 1502 3448 incurvabatur

139 3472 287 3546 nonnihil,
323 3473 446 3532 tendens
476 3493 493 3531 a
520 3473 596 3548 pede
627 3472 728 3531 dextro
752 3473 882 3548 Virginis
912 3490 1014 3533 versus
1044 3491 1150 3549 genua.
1198 3472 1284 3548 Quod
1306 3473 1432 3533 Romani
1464 3475 1500 3535 dc

140 3559 251 3631 cauda,
285 3557 428 3619 idem'de
459 3561 553 3635 capite
585 3559 622 3618 ad
652 3559 820 3637 Philippum
851 3560 997 3619 Millernm
1020 3561 1151 3636 Lipsiam
1180 3564 1279 3620 nescio
1309 3563 1375 3636 quis
1406 3561 1501 3622 literis

140 3649 316 3723 perscripsit,
342 3650 436 3705 visam
459 3665 523 3706 esse
540 3649 568 3703 in
593 3649 688 3723 capite
704 3646 860 3719 stellulam,
886 3651 969 3723 qnasi
986 3647 1170 3707 domicellam
1193 3651 1221 3705 in
1239 3648 1374 3707 vehiculo
1390 3649 1501 3709 seden-

139 3741 207 3791 tem.
219 3728 247 3807 ⁹)
285 3735 323 3792 Et
342 3737 369 3790 in
393 3734 452 3792 ulia
467 3742 548 3810 parte
566 3732 753 3807 Germaniae,
777 3735 891 3794 scilicet
907 3736 1103 3811 Argentorati,
1127 3736 1164 3793 D.
1182 3734 1367 3794 Habreclrtus
1383 3740 1501 3795 notavit

140 3837 197 3878 non
229 3820 396 3894 dissimilia,
432 3824 526 3880 visam
556 3839 621 3881 esse
649 3830 781 3898 cometae
810 3822 925 3881 stollam
953 3825 1037 3897 quasi
1066 3822 1223 3898 triplicem:
1258 3825 1389 3881 intimum
1419 3826 1500 3883 enim

138 3907 231 3966 veluti
255 3908 395 3966 'nucleum
428 3908 479 3966 tali
511 3908 623 3983 fulgore
651 3909 757 3986 inisse,
792 3909 872 3983 quali
901 3916 946 3968 est
976 3927 1079 3967 aurum
1106 3913 1135 3967 in
1159 3919 1234 3969 testa
1258 3909 1399 3985 liquatum
1423 3913 1499 3970 inter

138 3994 367 4054 violentissimos
383 3998 464 4070 ignes
481 3995 627 4073 capellae,
652 3995 729 4054 bunc
746 3995 954 4054 circumdatum
977 3997 1066 4055 inisse
1083 3996 1191 4056 circulo
1213 3999 1385 4055 remissioris
1408 3997 1499 4056 clari·
1540 4026 1543 4035 ·

138 4085 217 4154 tatis,
241 4082 319 4140 hunc
334 4083 438 4142 iterum
462 4083 520 4141 ulio
544 4085 721 4142 inconstanti
745 4092 774 4142 et
797 4085 923 4141 micante
946 4101 997 4142 seu
1020 4083 1208 4143 scintillante.
1247 4083 1377 4142 Possunt
1399 4093 1498 4144 tamen

138 4169 271 4229 accidere
295 4168 366 4228 talia
390 4171 427 4228 ob
451 4171 532 4227 visus
556 4169 746 4243 debilitatem,
771 4187 838 4229 nam
862 4180 891 4227 et
913 4170 983 4228 mibi
1006 4189 1059 4247 pro
1084 4189 1142 4228 nna
1165 4170 1251 4230 Luna
1273 4188 1334 4244 sex,
1358 4179 1425 4230 octo
1450 4171 1498 4233 vel

139 4254 237 4316 decem
273 4256 348 4317 aliae
383 4266 526 4333 apparent
555 4257 610 4315 sibi
644 4257 787 4334 implexae
819 4265 930 4316 mutuo.
976 4257 1053 4317 Vide
1078 4255 1201 4335 Opticae
1224 4260 1342 4317 Astron.
1373 4267 1497 4336 partem.

138 4347 204 4413 (Vol.
223 4351 256 4400 ΙΙ.
275 4366 299 4413 p.
318 4352 368 4399 255
388 4349 419 4413 s.)

243 4430 417 4488 Transmisit
441 4447 509 4490 vero
533 4430 570 4488 ad
593 4449 638 4491 me
663 4434 707 4489 vir
729 4429 926 4506 amplissimus
950 4430 1100 4507 literisque
1121 4431 1208 4506 juria
1232 4430 1425 4504 clarissimus,
1457 4432 1496 4496 D.

138 4513 187 4576 Jo.
213 4516 356 4593 Georgius
379 4516 550 4576 Herwartus
580 4519 617 4576 ab
641 4518 839 4593 Hohenburg,
874 4518 1019 4578 Bavariae
1051 4520 1174 4595 principi
1196 4535 1215 4576 a
1238 4518 1367 4577 consiliis
1397 4537 1497 4581 sccrc·

138 4605 262 4662 tioribus
280 4605 470 4680 ordinumque
488 4602 688 4677 cancellarius,
707 4607 955 4678 consignationem
974 4608 1212 4664 observationum
1227 4614 1367 4679 cometae,
1390 4605 1497 4683 Ingol-

139 4690 226 4749 stadii
250 4690 429 4765 habitarum,
455 4710 474 4751 a
497 4709 569 4768 quo,
600 4709 658 4751 non
682 4701 743 4752 erat
766 4692 913 4764 additum,
936 4710 989 4750 nec
1014 4692 1131 4767 qnando
1154 4695 1278 4768 primum
1302 4695 1430 4753 omnium
1454 4694 1497 4754 ibi

140 4778 221 4836 visus
250 4779 290 4836 sit
319 4786 441 4840 cometa.
487 4779 587 4838 Prima
617 4782 693 4840 enim
722 4781 889 4840 observatio
912 4782 1107 4841 astronomica
1129 4782 1265 4858 exprimit
1287 4779 1345 4841 diei
1371 4783 1400 4844 1.
1422 4780 1496 4844 Dec.
