3284 5520
153 338 196 408 18
537 338 680 408 Epistulae
699 337 812 407 Kepleri
829 336 998 407 aliorumque
1015 342 1127 394 mutuae

148 534 262 577 ramum
283 517 396 578 arboris
418 534 470 594 per
492 521 589 577 adrem
613 517 661 577 vel
684 515 789 577 detulit
814 517 859 578 vel
883 519 926 577 sic
949 519 979 575 iu
1001 517 1093 577 altum
1117 515 1229 589 extulit,
1253 524 1285 574 ut
1308 534 1324 576 e
1347 515 1432 577 coelo
1454 514 1511 577 de·

148 605 243 666 cidere
259 604 430 666 rideretur?
462 608 517 666 etsi
539 606 624 664 multi
647 608 721 664 tanti
743 606 857 665 roboris
879 605 995 677 fuerint,
1019 614 1052 664 ut
1069 621 1188 665 nemora
1210 602 1350 664 radicitus
1366 610 1511 663 eruerent.

147 692 206 753 Sed
236 695 447 770 posterioribus
477 694 659 769 temporibus
690 694 808 765 incidit,
842 692 994 752 Aristoteli
1018 715 1167 767 accepera
1195 691 1252 751 dici
1275 693 1363 751 etiam
1386 693 1511 768 spiritus

94 826 99 835 .
149 781 312 854 conclusos,
337 781 440 859 quales
463 780 551 841 hodie
574 784 604 838 in
628 780 812 855 bernhardie3
837 782 936 856 itaque
960 788 989 838 et
1013 780 1257 855 ejuesententiae
1274 781 1373 856 stipsi
1390 779 1511 839 veritati

146 884 307 928 consonum
337 869 466 942 videtur,
496 871 527 928 in
558 869 756 928 subterraneis
784 869 932 927 incensam
961 867 1091 943 aliquam
1114 869 1214 928 matcr'
1288 870 1430 927 nitrosum
1455 885 1512 927 sx-

146 956 283 1032 plosione
304 956 393 1033 hujus
416 956 538 1034 lapidis,
562 959 612 1033 qui
635 956 786 1028 obstabat,
811 958 921 1015 exitum
935 956 999 1014 sihi
1022 956 1127 1015 iecisse
1150 964 1180 1015 et
1213 954 1340 1032 apidem,
1366 954 1511 1014 violentia

146 1052 243 1103 motus
267 1046 402 1121 impressi
423 1046 532 1104 elatum
557 1046 584 1100 in
608 1042 710 1117 altum,
733 1043 941 1120 languescente
966 1045 1075 1119 impetu
1091 1042 1247 1122 relapsum.
1286 1042 1321 1101 Id
1343 1043 1406 1101 lieri
1429 1050 1511 1102 amet

146 1133 201 1190 sub
226 1138 321 1191 ortum
345 1131 549 1193 cometarum?
586 1131 724 1207 Legimus
753 1133 782 1188 in
807 1128 943 1190 Cardano
971 1131 1151 1208 exemplum,
1185 1148 1251 1190 oum
1278 1132 1361 1190 1200
1383 1129 1512 1206 lapides,

149 1222 180 1278 ni
202 1217 303 1292 lailot,
329 1223 358 1277 in
381 1220 535 1279 Lusitania
558 1218 593 1279 de
617 1218 699 1278 coelo
723 1218 835 1293 delapsi
860 1226 973 1291 essent,
998 1218 1050 1278 sed
1074 1237 1140 1277 crim
1163 1228 1259 1279 terrae
1282 1226 1372 1278 motu.
1418 1217 1513 1277 uisas

148 1315 193 1366 est
217 1305 264 1366 die
291 1311 339 1368 li.
363 1308 440 1367 Nov.
463 1308 617 1383 Tubingae
640 1305 747 1382 globus
770 1308 874 1382 igneus
898 1305 1089 1380 clarissimus,
1121 1315 1152 1366 ut
1173 1306 1268 1366 lucem
1293 1307 1351 1366 diei
1373 1305 1513 1366 residuae

148 1396 199 1453 vix
231 1411 337 1453 occaso
368 1394 438 1455 Sole
470 1399 613 1466 vinceret,
645 1412 665 1453 a
688 1396 798 1454 vertice
829 1392 966 1453 deorsum
994 1395 1061 1453 ierri
1091 1396 1119 1451 in
1148 1393 1238 1470 plaga
1261 1394 1338 1457 cond
1361 1393 1511 1455 orientali.

147 1480 304 1556 Spectator
337 1482 531 1558 philosophus
564 1479 750 1556 ἀμφιδεξιος,
786 1498 853 1540 narn
886 1489 916 1540 et
948 1483 1065 1557 ingenio
1103 1491 1133 1540 et
1165 1499 1254 1540 manu
1284 1481 1513 1558 philosophatur

146 1564 283 1633 (Raptatus
301 1570 327 1615 in
346 1571 456 1630 margine
474 1569 623 1629 adscripsit:
652 1563 851 1632 Schichardus,
871 1565 1048 1620 orientalium
1066 1566 1225 1635 linguarum
1239 1567 1380 1634 professor
1399 1566 1429 1619 ia
1447 1581 1513 1620 aea-

145 1644 236 1699 demis
256 1643 447 1715 Tabinpaasi),
478 1643 591 1700 censuit
619 1639 785 1698 adeundum
814 1640 869 1698 sibi
899 1639 1012 1710 locum,
1044 1643 1072 1697 in
1097 1657 1184 1715 quem
1212 1639 1369 1699 decidisset
1392 1639 1512 1714 globus,

145 1730 254 1805 quippe
277 1730 497 1787 vicinissimum.
544 1728 582 1786 At
607 1727 727 1802 irustrs3
752 1743 820 1785 nam
843 1727 919 1785 idern
943 1726 1050 1803 globus
1074 1727 1177 1786 eodem
1202 1726 1258 1799 die,
1282 1726 1334 1786 sed
1358 1744 1416 1786 nrra
1438 1728 1514 1785 hora

145 1817 252 1888 aerius,
271 1816 335 1892 jain
359 1818 502 1875 exstincta
525 1814 591 1874 luce
616 1814 688 1887 diei,
722 1816 802 1874 rhus
832 1823 877 1874 est
906 1815 935 1871 in
959 1814 1079 1873 Austris
1103 1816 1131 1871 in
1156 1816 1297 1875 orientem
1319 1813 1420 1873 itidem
1443 1814 1514 1874 ferri

145 1901 331 1979 dissiliitqne,
354 1903 554 1980 spectantibus
578 1902 756 1977 hominihus,
781 1920 846 1961 curn
869 1903 983 1978 fragore
1007 1903 1136 1961 tonitrui.
1178 1903 1290 1961 Forsan
1315 1910 1344 1961 ct
1367 1901 1414 1960 hie
1437 1919 1515 1961 saxa

146 1988 270 2066 denique
302 1988 466 2066 cjaculatus
494 1992 588 2049 luerit.
638 1990 681 2049 De
704 1989 811 2049 Terrae
841 1999 922 2049 motu
946 1990 989 2065 ,ad
1012 1988 1147 2049 Rhenum
1171 1989 1275 2050 iisdem
1304 1990 1407 2049 dicbus
1436 1991 1530 2049 inter0

145 2076 369 2138 Francolurtnm
393 2086 423 2138 et
444 2077 672 2152 Heidelbergam
696 2078 787 2137 literis
810 2076 868 2137 huc
890 2079 1083 2155 perscriptum
1105 2086 1158 2137 est.

252 2183 343 2256 Petis,
368 2191 401 2243 ut
422 2184 497 2243 bene
520 2185 690 2258 interpreter
711 2200 859 2243 sermones
884 2191 951 2241 tuos
971 2183 1142 2255 liberiores;
1166 2201 1225 2242 non
1248 2185 1331 2258 potui
1347 2183 1400 2241 tibi
1416 2183 1510 2243 satis-

148 2272 245 2332 facere
266 2278 318 2331 aut
341 2272 476 2347 obsequii
499 2272 557 2329 mei
578 2270 666 2329 iidem
689 2271 783 2330 lacere
806 2269 969 2343 abundius,
997 2288 1085 2347 quam
1105 2274 1250 2331 centraria
1269 2272 1404 2345 jocorum
1426 2288 1513 2330 meo-

143 2375 207 2418 rum
231 2368 261 2419 et
282 2361 359 2418 seria
382 2357 501 2435 quidem
523 2357 668 2419 libertate.

250 2462 374 2524 Oriigerus
392 2463 521 2524 respondit
540 2462 564 2512 u.
585 2464 625 2511 ib.
644 2462 708 2510 Julii
729 2464 810 2512 leat:
831 2463 903 2512 Nune
921 2463 952 2512 ad
973 2470 1095 2512 muratam
1112 2459 1318 2521 Regionrontani.
1349 2461 1454 2510 Frustra
1472 2476 1513 2512 me

146 2538 263 2597 torques,
286 2540 314 2582 ut
333 2533 444 2587 credam,
463 2534 489 2580 in
509 2533 699 2592 consignatione
718 2539 829 2581 cornetae
848 2535 948 2596 spicam
972 2548 1017 2596 pro
1036 2537 1143 2582 Arcturo
1166 2534 1282 2594 positam.
1320 2531 1398 2580 Vides
1417 2547 1512 2581 nomen

144 2602 236 2665 Spicea
254 2608 344 2667 postea
361 2599 455 2664 repeti:
475 2600 674 2656 conadernado
693 2601 787 2670 itaque
804 2603 952 2656 manistram
971 2602 1155 2656 diversitatem
1174 2606 1300 2668 aspectus
1314 2600 1413 2669 capitis
1424 2615 1512 2655 come·

146 2675 191 2724 tae
209 2686 228 2724 a
247 2670 345 2740 Spica,
364 2671 444 2725 stella
461 2671 515 2725 eibi
531 2671 624 2725 uicina
641 2678 688 2724 etc.

252 2760 405 2820 Argumenta
429 2764 488 2824 trra,
513 2762 606 2825 quibus
630 2766 751 2809 cometam
777 2762 850 2809 initio
877 2762 1003 2810 borealem
1022 2763 1099 2810 fulsse
1118 2762 1210 2822 credis,
1238 2763 1300 2810 mihi
1319 2775 1370 2810 rion
1390 2761 1509 2810 ridentur

146 2828 206 2877 nodl
226 2829 322 2880 Gordii.
360 2832 421 2880 lirat
447 2835 545 2878 cometa
569 2831 710 2878 enh·l.ibrn
734 2845 789 2879 cnm
812 2832 892 2879 stellis
912 2830 1037 2892 Virginis:
1061 2833 1109 2880 hoc
1133 2839 1184 2880 tum
1204 2836 1289 2880 stricte
1308 2832 1416 2892 accipis,
1439 2845 1470 2879 eo
1488 2834 1511 2879 sl

145 2911 247 2948 necesse
266 2902 307 2964 eit,
326 2906 448 2950 conset-em
467 2900 542 2962 plane
560 2900 670 2948 medium
688 2902 755 2947 intra
771 2899 829 2948 illas
848 2903 941 2963 inisse;
961 2908 988 2949 at
1006 2904 1108 2965 suthrie,
1128 2903 1206 2950 luisse
1223 2906 1305 2962 jnrrta.
1338 2899 1431 2950 Stellas
1447 2899 1510 2948 Vir-

144 2971 211 3028 ginis
229 2972 370 3018 nomiuavit
389 2973 420 3018 ob
440 2971 549 3017 ricinum
568 2976 680 3018 cometae
698 2970 805 3032 Spicam.
842 2969 1017 3023 Aver'et'nurst'
1035 2971 1092 3023 alla
1110 2970 1202 3039 Spicea
1219 2975 1255 3021 ais
1274 2979 1299 3020 et
1316 2972 1436 3033 exprimis
1455 2969 1509 3022 ad·

108 3060 114 3071 ·
143 3037 295 3105 cecinerat,
315 3055 364 3088 non
384 3037 557 3098 adoicr'rroret
575 3041 677 3100 legitur,
696 3040 738 3086 scil
758 3037 907 3092 uicinum:
926 3055 996 3105 ecce,
1016 3056 1090 3103 quam
1109 3044 1182 3091 facile
1202 3043 1300 3091 declino
1319 3043 1419 3103 plagam
1438 3046 1510 3088 tuam

145 3110 263 3170 priorem.
301 3110 389 3157 Altera
415 3115 466 3159 est:
495 3111 574 3157 cauda
592 3110 746 3169 dirigebatur
770 3111 801 3158 ad
825 3112 908 3171 capita
926 3113 1101 3173 Geminorum,
1126 3127 1183 3173 ergo
1208 3117 1304 3161 cometa
1322 3110 1372 3159 fuir
1390 3109 1509 3160 borealis.

144 3178 200 3226 uon
223 3177 317 3239 legitur
339 3179 372 3227 ad
395 3181 481 3241 capita
501 3179 675 3245 Geminomm,
700 3181 743 3228 sed
761 3179 913 3241 generaliter
930 3183 962 3228 ad
983 3180 1070 3231 stellas
1089 3183 1263 3245 Gentinornm,
1289 3195 1394 3247 quarum
1413 3182 1510 3229 multae

147 3250 222 3296 etiam
242 3246 375 3298 australes.
411 3251 449 3298 En
469 3254 497 3297 nt
515 3251 567 3297 ictu
586 3249 674 3313 tndpto
695 3249 806 3312 vapulas.
844 3251 899 3298 Non
918 3251 1028 3311 ridetur,
1052 3255 1138 3317 inquis
1160 3268 1248 3316 porro,
1273 3255 1409 3301 emissurus
1428 3250 1509 3299 inisse

146 3319 314 3383 observator,
335 3333 385 3384 quo
404 3320 460 3368 loco
479 3321 544 3380 signi
563 3320 655 3368 Librae
674 3327 772 3369 cometa
790 3322 920 3370 zodiacum
940 3325 1094 3383 transiverit,
1121 3325 1143 3371 si
1161 3325 1311 3373 transiisset.
1348 3322 1408 3385 llic,
1436 3326 1464 3367 nt
1483 3327 1509 3367 te

143 3387 214 3436 Deua
239 3393 324 3452 amet,
348 3390 501 3438 industrium
524 3397 549 3438 et
571 3395 718 3440 accuratum
742 3393 923 3454 praesupporris
948 3394 1144 3458 observatorem,
1168 3408 1224 3442 cnm
1249 3408 1326 3455 supra
1350 3406 1381 3439 ne
1404 3389 1508 3455 quidem

146 3458 281 3507 Arcturum
301 3475 317 3507 a
335 3460 409 3521 Spica
428 3460 568 3509 discernere
587 3462 699 3522 potuisse
718 3464 878 3511 concesseris.
909 3462 1032 3512 Ulterius:
1051 3465 1149 3519 mirum,
1169 3477 1219 3511 non
1240 3464 1382 3512 meminisse
1396 3461 1508 3523 Arcturi,

146 3542 204 3576 cunr
223 3534 306 3578 tamen
328 3531 533 3579 crurum-Bootis
552 3532 700 3579 meminerit.
740 3532 813 3580 Addo
837 3547 894 3592 ego:
922 3534 1012 3591 miror,
1036 3535 1062 3582 in
1087 3534 1181 3581 candae
1206 3534 1343 3581 directione
1362 3531 1508 3577 meminisse

142 3600 273 3648 stellarum
288 3601 459 3664 Geminorum,
478 3615 528 3649 non
548 3603 625 3648 etiarn
643 3602 735 3649 Leonis
753 3603 903 3650 viciniorum
923 3608 947 3650 et
964 3606 1097 3664 majorum.
1127 3604 1159 3651 Et
1177 3605 1297 3667 quonlam
1316 3600 1408 3649 caudae
1423 3600 1506 3647 direc-

142 3669 212 3718 tione
231 3685 270 3718 me
289 3677 392 3719 conatus
410 3685 436 3718 es
449 3685 600 3738 expugnare,
620 3677 717 3720 tantum
731 3673 842 3731 effecisti,
863 3677 890 3720 nt
902 3687 956 3738 ego,
976 3675 1092 3722 omnibus
1107 3675 1212 3733 relectis,
1232 3673 1312 3720 denno
1325 3672 1372 3718 tibi
1386 3670 1507 3732 auferam,

145 3739 215 3803 qnod
240 3746 299 3788 ante
321 3744 373 3801 jam
398 3754 576 3791 concesseram.
619 3743 640 3790 E
663 3743 759 3792 candae
788 3744 853 3791 enim
881 3742 1017 3792 directione
1046 3744 1132 3795 video.
1161 3744 1272 3791 ‹liversos
1298 3743 1398 3789 omnino
1425 3739 1507 3787 fuisse

147 3812 257 3857 cometas
276 3812 337 3858 anni
358 3812 426 3860 tata
446 3816 469 3858 et
488 3812 532 3864 ih.
570 3810 671 3861 Cometa
689 3814 896 3878 Regiomentani,
922 3813 1027 3861 caudam
1052 3812 1162 3874 dirigens
1184 3814 1210 3860 in
1229 3811 1315 3861 stellas
1334 3811 1507 3873 Geminorum,

145 3893 187 3927 eas
207 3880 361 3933 circumibat.
381 3895 512 3941 nunqnam
531 3885 561 3929 ah
580 3884 612 3931 iis
631 3896 676 3944 per
692 3887 774 3931 totum
793 3884 960 3943 apparitionis
978 3888 1077 3946 tempus
1097 3883 1225 3938 der·isbat;
1243 3888 1269 3929 at
1287 3880 1508 3930 cometaPonteni

141 3950 270 4012 (a.1472)
289 3951 442 4014 Noribergae
461 3954 504 4003 20.
520 3953 580 4004 Jan.
601 3954 747 4001 observatus
767 3953 874 4001 eandam
892 3955 1037 4015 porrigebat
1054 3954 1085 4002 ad
1104 3960 1201 4003 sextum
1220 3966 1298 4016 propa
1316 3952 1407 4000 Leonis
1426 3952 1507 3997 citra·

140 4032 191 4084 qne
215 4034 303 4083 parum
329 4021 412 4073 desiit.
450 4022 587 4070 Lareterus
611 4037 667 4070 eum
692 4023 715 4070 d.
735 4026 759 4072 3.
780 4024 851 4072 Febr.
878 4022 986 4072 caudam
1010 4025 1132 4074 direxisse
1156 4026 1244 4073 scribit
1272 4037 1356 4071 versus
1381 4018 1506 4080 Pleiades.

142 4088 220 4139 Vides
246 4091 447 4139 dissonantiam?
478 4091 546 4157 Quid
573 4093 614 4140 lrlc
641 4091 752 4140 dicturus
781 4093 829 4152 sis,
858 4098 984 4155 exspecto.
1021 4092 1124 4142 Nullum
1150 4096 1323 4155 argumentum
1348 4090 1507 4151 trajectense

140 4161 321 4227 patrocinator,
340 4169 513 4225 praeterquam
528 4167 610 4210 motus
628 4163 661 4209 ab
679 4163 755 4211 initio
774 4162 868 4227 tardus,
887 4162 947 4211 inde
964 4162 1047 4228 salex,
1065 4167 1206 4228 iterumque
1224 4164 1350 4213 remissus.
1383 4159 1431 4210 Sed
1450 4160 1505 4207 fors

141 4230 216 4290 huius
243 4233 320 4280 etiam
343 4233 406 4280 ratio
431 4232 483 4279 dari
508 4233 600 4293 possit,
626 4245 704 4295 seque
722 4246 751 4280 ae
769 4230 911 4281 velocitatis
930 4234 1091 4283 tarditatlsve
1110 4235 1275 4295 planetarum.
1314 4228 1442 4296 Quicquid
1461 4229 1505 4291 sit,

140 4301 219 4349 nolim
240 4302 289 4349 tlhl
307 4302 417 4363 amplius
435 4302 563 4350 adversari
582 4301 750 4363 oppugnando
770 4303 949 4367 trajectoriam;
968 4304 1172 4368 interpretaberis
1191 4305 1277 4352 omnia
1294 4303 1422 4351 benevole.

246 4380 276 4426 ln
301 4379 382 4428 literis
408 4377 543 4441 Kepleri
566 4380 689 4442 proximis
715 4380 752 4441 (d.
778 4383 802 4431 9.
826 4382 894 4443 Sept.
919 4378 978 4446 24.)
1001 4382 1040 4432 his
1067 4388 1164 4431 tanturn
1188 4388 1307 4432 cometam
1334 4383 1427 4442 tangit:
1455 4369 1505 4429 Ad

140 4455 250 4533 effugia
273 4457 309 4518 de
333 4470 449 4520 cometa
471 4462 540 4518 anni
566 4463 659 4521 1472.
683 4478 742 4520 non
765 4478 887 4538 possum
910 4461 1099 4539 respondere,
1132 4479 1198 4522 curn
1228 4480 1273 4522 res
1296 4478 1355 4521 non
1378 4463 1416 4519 sit
1437 4476 1505 4517 am-

139 4542 219 4621 plius
248 4546 373 4623 integra.
418 4545 540 4624 Scripsit
571 4565 649 4608 anno
682 4550 774 4607 roal.
806 4547 905 4624 Scipio
935 4550 1152 4611 claramontins
1177 4549 1351 4610 Caesennas
1380 4548 1505 4626 Antity·

140 4629 263 4693 chonam
287 4633 324 4695 de
346 4644 525 4695 cometarum
549 4634 614 4695 leco
637 4635 808 4711 sublunari3
837 4635 913 4696 liber
942 4646 1001 4710 est,
1032 4638 1061 4695 in
1089 4652 1149 4713 qno
1172 4644 1265 4697 certat
1287 4637 1414 4697 audacia
1435 4651 1503 4694 eum

138 4718 319 4796 subtilitate,
352 4722 523 4783 reiutandus
553 4732 652 4783 tamen
683 4722 748 4784 init.
793 4723 892 4800 Magis
915 4725 954 4783 ob
978 4722 1008 4781 id
1031 4731 1063 4782 tn
1085 4723 1158 4782 mihi
1179 4726 1381 4799 succensebis,
1412 4738 1503 4800 qnam

138 4822 196 4884 ego
219 4807 273 4868 tibi
296 4809 335 4869 ob
357 4809 514 4889 Nagellum
536 4809 589 4877 (cir.
608 4817 658 4865 ser.
680 4817 724 4871 vr.
744 4832 770 4880 u.
788 4817 841 4884 aa),
860 4818 892 4871 at
914 4810 1075 4873 necessitas
1096 4811 1168 4872 mibi
1190 4811 1246 4874 init
1266 4813 1407 4890 imposita
1427 4811 1500 4873 seri·
