3284 5520
531 329 1106 401 auitum11.sue·uycu0arcap.a.
1432 329 1495 399 177

136 510 267 586 impetus
296 510 359 569 mm
386 509 525 571 macore
556 512 664 572 lineam
692 520 818 587 metam,
851 529 928 589 qaae
951 528 1018 571 cum
1039 528 1059 570 a
1080 507 1233 568 missilium
1255 508 1435 585 ponderibus
1458 508 1496 569 ab

136 599 203 675 ipsa
217 598 333 674 origine
353 596 497 674 paulatim
517 599 691 674 inflectatur,
715 598 826 678 quanto
849 601 943 677 magis
966 597 1047 657 illam
1070 595 1274 660 rectitudinem
1296 598 1498 674 perturbatam

136 686 316 761 penitusque
344 684 530 762 profligatum
560 689 593 745 iri
617 689 764 748 coutinuis
785 689 974 764 septuaginta
997 690 1188 765 reganaspurc
1208 685 1340 761 raptibus
1362 683 1498 757 aetheris,

137 774 213 849 iguis
235 774 373 848 aerisque
395 789 549 848 supremae
571 777 717 851 regionis,
742 792 817 852 qnos
839 783 941 851 raptas
963 771 1131 851 suppeditat
1154 770 1286 831 doctrina
1307 770 1498 833 Aristotelis?

139 858 256 934 Quibus
286 859 476 920 dmamentia
506 877 565 920 nou
593 870 654 921 tam
684 870 807 922 naturae
836 864 867 921 ia
897 869 1012 921 cometa
1042 861 1165 937 ejusque
1194 867 1275 919 metu
1304 859 1501 920 diversitasa

138 947 344 1022 mercibus,
382 964 472 1024 quam
503 958 684 1009 commeatus
716 968 751 1009 ex
787 956 864 1009 terra
899 951 927 1006 in
962 953 1059 1008 atreus
1092 947 1314 1023 impossibilitas
1345 950 1375 1004 iu
1406 949 1498 1007 aciem

139 1032 320 1111 producitur.
366 1034 466 1112 Atqas
487 1045 521 1095 at
543 1036 656 1114 aliquid
679 1037 727 1096 bic
750 1055 785 1097 ex
808 1039 882 1096 meis
905 1037 1042 1113 operibus
1066 1033 1225 1108 adducam,
1254 1051 1325 1094 sane
1347 1037 1411 1111 ipse
1434 1049 1498 1108 ego,

141 1123 189 1197 qui
221 1123 401 1181 terrestriam
431 1123 585 1183 missilium
615 1124 758 1203 exemplis
791 1133 858 1183 uter
888 1126 918 1182 iu
951 1119 1153 1183 adumbraada
1183 1121 1372 1200 regularitate
1403 1128 1501 1181 metus

141 1211 293 1282 cemetici,
316 1208 363 1267 isis
386 1209 490 1269 iisdem
514 1211 551 1271 dc
574 1215 686 1285 causis,
715 1211 905 1271 diuturnitate
928 1213 1102 1288 praecipue,
1127 1218 1156 1269 et
1179 1210 1335 1270 coelestem
1357 1209 1501 1286 impulsus

142 1313 271 1367 causam,
295 1300 474 1357 terrestriam
488 1300 622 1370 similem,
639 1307 668 1360 et
683 1300 864 1375 traJ'ectieuis
882 1298 978 1358 iocum
995 1297 1151 1358 coelestem
1167 1306 1296 1356 statuere
1312 1297 1354 1356 iai
1371 1304 1501 1356 coactus.

143 1383 247 1443 Adhuc
263 1384 352 1459 igitar
366 1392 427 1444 stat
440 1390 594 1462 renuntia,
618 1387 657 1458 id,
682 1386 762 1462 qued
780 1387 921 1446 ordinatis
936 1389 1178 1446 incrementorum
1195 1383 1502 1459 decremeuteramqae

143 1471 379 1531 successionibus
394 1473 425 1530 iu
447 1472 510 1534 dies
527 1482 588 1535 tam
610 1472 718 1534 maltos
732 1476 794 1534 siue
817 1474 1006 1534 fluctuatione
1022 1480 1219 1551 premeretur,
1242 1475 1273 1530 in
1296 1474 1361 1550 ipse
1384 1470 1502 1532 sublimi

143 1560 259 1620 aethere
282 1557 454 1619 discurrere.

247 1649 278 1705 i.
308 1645 368 1707 Sed
390 1655 523 1724 superest
545 1649 574 1704 in
598 1647 797 1709 Claramontie
822 1647 928 1707 recula
951 1649 1051 1719 unica,
1077 1664 1153 1723 quas
1176 1647 1353 1727 peculiarem
1376 1653 1503 1708 meretur

145 1733 361 1795 remouenem.
404 1735 464 1809 Ait,
487 1737 666 1795 incrementa
688 1744 718 1796 et
740 1737 926 1796 decrementa
948 1741 1027 1794 stata
1047 1737 1151 1813 petius
1173 1735 1399 1796 elementaribus
1422 1752 1503 1796 cem·

144 1826 242 1899 petere
264 1822 462 1897 motionibus,
486 1838 574 1899 quam
598 1823 785 1884 coelestibus.
831 1822 1010 1882 coelestium
1032 1824 1109 1882 euim
1132 1831 1162 1881 et
1183 1823 1296 1883 medios
1318 1831 1415 1883 motus
1439 1839 1503 1882 esse

146 1907 317 1985 aequabiles
338 1917 368 1969 et
390 1926 477 1969 veros
505 1927 559 1970 sea
590 1920 785 1991 apparentes,
816 1916 895 1969 stata
926 1910 1116 1970 diminutione
1148 1912 1366 1971 incrementeve
1396 1927 1502 1971 carere.

148 1996 213 2055 llrat
234 1995 286 2055 liic
311 1996 413 2073 iesus,
445 2003 478 2056 ut
500 2000 576 2057 circa
599 1998 711 2058 medios
734 2003 830 2057 metus
852 2013 934 2057 meas
958 1996 1220 2057 demonstrationes
1243 2001 1376 2077 proprias
1400 1998 1505 2058 Clara-

149 2085 257 2142 mentie
291 2100 482 2161 opponerem,
517 2102 591 2161 qaas
619 2093 648 2145 et
670 2085 842 2145 Ptolemaeo
872 2094 902 2144 et
924 2083 1078 2144 Aristoteli
1106 2086 1241 2163 opposui.
1287 2087 1327 2144 At
1354 2085 1428 2145 nibil
1460 2092 1506 2145 est

149 2187 265 2231 necesse
295 2171 335 2231 ad
366 2172 606 2250 propugnandam
634 2172 711 2234 bauc
738 2174 900 2250 argumenti
924 2170 1085 2248 Tycbenici
1108 2173 1362 2249 probabilitatem,
1397 2173 1506 2232 suflicit

152 2258 396 2319 ammonstacara
419 2258 666 2335 Clementiam,
700 2276 754 2320 aes
783 2260 832 2320 bie
860 2274 955 2336 neque
979 2258 1015 2318 de
1037 2257 1142 2319 mediis
1164 2259 1327 2321 Ptolemaei
1350 2278 1446 2337 usqne
1469 2259 1505 2319 de

152 2348 222 2407 reris
244 2348 321 2406 meis
343 2347 471 2406 metibus
493 2347 586 2424 loqui,
610 2347 662 2408 sed
685 2347 721 2408 de
743 2347 969 2426 appareatibns3
992 2348 1042 2422 qui
1058 2354 1155 2406 metus
1178 2355 1353 2426 apparentes
1376 2349 1505 2425 ipserum

152 2434 234 2493 cmm
257 2433 431 2495 coelestiam
452 2451 519 2495 cum
542 2455 561 2496 a
583 2434 670 2512 pleae
694 2435 861 2496 velocitatis
884 2450 955 2493 suae
978 2432 1098 2493 modale
1121 2437 1229 2493 sensim
1253 2433 1453 2495 decrescentes
1476 2436 1505 2492 in

153 2523 428 2582 permutationem
443 2520 587 2596 desinant,
612 2532 800 2601 apparentem
817 2530 896 2600 pata,
920 2519 991 2596 quid
1014 2522 1199 2581 tenebrarum
1222 2529 1275 2595 est,
1300 2523 1378 2598 qued
1403 2520 1506 2581 Clara·

155 2610 290 2669 mnrium
313 2610 455 2683 involvit,
482 2617 515 2669 ut
538 2626 595 2669 non
619 2611 735 2684 videat,
767 2609 938 2670 coelestium
961 2608 1050 2668 etiam
1071 2616 1169 2669 motus
1191 2617 1366 2687 apparentes
1388 2625 1506 2669 serame

155 2704 276 2758 morsm
297 2696 423 2757 eundem
446 2696 647 2757 diminutionis
669 2704 704 2756 at
725 2694 938 2757 elementaria?

250 2785 281 2844 8.
319 2783 455 2861 Namque
478 2782 582 2863 'l'yche
611 2787 703 2844 utitur
730 2783 837 2845 recula
862 2784 1136 2858 proportionaliter
1163 2790 1192 2843 et
1219 2782 1394 2860 defenionis
1421 2782 1506 2843 ordi·

155 2874 240 2932 neria
252 2875 414 2949 propertio
422 2891 435 2946 ,·
457 2873 530 2931 satis
545 2888 576 2932 sc
593 2873 688 2949 ipsum
702 2873 831 2950 explicat
844 2880 874 2931 et
888 2887 962 2930 voce
975 2872 1068 2931 simili
1084 2878 1113 2930 et
1130 2877 1194 2930 teta
1217 2872 1348 2930 eratione
1370 2869 1507 2930 lucaleu-

156 2959 243 3036 tisque
266 2959 517 3038 expositionibus,
541 2959 622 3036 qued
643 2959 692 3020 hic
713 2976 772 3020 nou
795 2968 866 3036 agat
889 2956 925 3017 de
948 2960 1135 3036 proportione
1159 2960 1298 3019 continua
1319 2958 1506 3035 geometrica,

157 3061 222 3121 qaae
252 3053 369 3107 sextam
402 3046 485 3106 verbi
519 3063 609 3107 caum
645 3054 757 3121 partem
789 3049 940 3108 remittens
974 3045 1009 3105 de
1043 3045 1148 3105 diemo
1182 3044 1384 3122 praecedeuti,
1419 3044 1508 3106 tinem

157 3130 351 3195 dnmaueais
372 3134 481 3194 iaceret
503 3133 625 3206 nullum,
649 3137 807 3194 stationem
828 3132 941 3193 nullam
963 3141 1098 3193 exactam
1121 3149 1216 3209 eoque
1238 3131 1416 3205 sensibilem,
1440 3149 1508 3210 per·

158 3230 284 3297 petuam,
318 3230 348 3281 et
377 3238 453 3297 quas
480 3237 631 3298 nunquam
663 3225 693 3279 in
722 3230 835 3282 motum
863 3219 1064 3296 retrogradum
1087 3221 1218 3280 corruerti
1241 3227 1350 3298 posset.
1394 3219 1461 3280 Hoc
1482 3222 1508 3280 si

158 3308 293 3369 voluisset
308 3307 422 3386 heho,
445 3310 581 3369 stationis
597 3309 733 3386 equidem
749 3309 932 3387 planetarum
946 3324 1133 3384 nequaquam
1155 3309 1333 3366 mentionem
1347 3307 1506 3382 injecisset

159 3392 200 3455 ist
219 3410 281 3457 aen
305 3397 417 3469 omnis,
447 3412 505 3456 nou
528 3398 622 3473 prima
645 3399 773 3456 emnium
796 3399 825 3454 in
849 3395 1063 3472 quantitatibus
1085 3396 1249 3472 propertio,
1278 3411 1333 3453 usu
1354 3396 1507 3471 magistre,

158 3482 323 3559 statuenda3
346 3485 470 3561 primum
493 3501 598 3560 nempe
621 3501 724 3544 recem
748 3484 823 3544 hane
845 3490 1012 3559 geometrae
1035 3499 1070 3541 ex
1093 3499 1148 3541 usu
1166 3483 1312 3542 communi
1328 3483 1453 3541 mutuati
1469 3480 1507 3541 ad

158 3573 331 3645 quantitates
362 3570 503 3647 singulari
533 3570 622 3631 medo
653 3571 775 3632 affectas
807 3569 1024 3631 transtulerunt.
1070 3570 1123 3629 Est
1154 3571 1242 3646 igitar
1272 3571 1360 3631 etiam
1390 3570 1421 3626 iu
1452 3567 1508 3628 bac

157 3656 342 3718 similitudine
373 3658 577 3734 agnoscendus
600 3661 797 3737 proportionis
819 3658 928 3735 aliquis
950 3673 1070 3731 seusus,
1105 3663 1136 3715 ut
1159 3659 1235 3716 sicut
1258 3663 1304 3716 est
1326 3657 1355 3714 iu
1377 3663 1509 3732 tempore

157 3741 313 3807 luatieais
329 3752 462 3805 cometae
476 3746 660 3824 principiam,
683 3746 811 3807 mediam
828 3758 857 3807 et
871 3744 946 3818 finis,
970 3747 1012 3803 sie
1029 3746 1128 3817 etiam,
1150 3746 1175 3803 si
1191 3752 1305 3803 cometa
1320 3744 1350 3801 in
1365 3745 1509 3822 principio

156 3830 355 3894 rdedsaimas
377 3834 460 3893 visus
483 3839 536 3909 est,
560 3835 589 3891 iu
612 3833 669 3893 tine
689 3832 882 3906 tardissimus,
907 3836 934 3890 in
958 3830 1056 3891 medio
1079 3830 1165 3891 inerit
1187 3830 1327 3891 mediocri
1352 3830 1510 3891 velocitate

155 3922 221 3979 etia
243 3920 401 3997 posteriori
418 3936 536 3996 qaoque
557 3919 604 3982 die
621 3920 739 3995 tardior,
763 3936 939 3996 quecunque
955 3917 1100 3977 tarditatis
1116 3918 1245 3991 medule,
1268 3917 1356 3978 medo
1372 3921 1509 3978 continue

154 4006 301 4069 beesca
322 4013 434 4082 motas,
464 4024 520 4068 aee
542 4024 622 4068 aeva
644 4011 673 4066 in
696 4025 851 4086 progressu
875 4015 904 4066 et
927 4002 1018 4065 aelati
1042 4006 1272 4066 extraordinaria
1294 4013 1391 4067 sumat
1413 4008 1509 4065 iucre-

154 4103 267 4156 amca:
302 4094 329 4153 si
356 4111 427 4155 rere
454 4102 570 4156 cometa
597 4102 657 4156 mm
687 4096 771 4155 initio
799 4112 887 4172 quam
918 4092 975 4153 tine
1004 4092 1139 4153 videatur
1167 4092 1280 4167 tardus,
1315 4094 1358 4152 uti
1380 4098 1449 4152 tuac
1471 4092 1510 4150 sit

155 4198 226 4244 uuas
258 4180 343 4242 selus
371 4181 435 4243 dies
465 4181 495 4241 iu
523 4181 640 4257 medie,
663 4185 693 4241 in
724 4199 782 4260 qne
814 4188 956 4260 appareat
986 4180 1153 4241 velocitatis
1181 4198 1326 4242 summam
1348 4179 1508 4257 iastigium,

156 4268 237 4331 aaut
262 4276 325 4329 um
347 4276 416 4331 aute
439 4286 528 4346 quam
550 4279 627 4331 retre
651 4270 752 4330 ordine
765 4271 828 4347 jam
853 4268 932 4328 dicto
947 4268 1099 4328 tardiores.
1137 4269 1175 4327 Et
1190 4266 1261 4344 quid
1284 4269 1321 4327 da
1335 4265 1510 4326 coelestibus

157 4354 298 4417 dicimus?
336 4354 481 4417 Ostendat
503 4354 735 4431 claramontius,
766 4360 792 4417 si
821 4374 925 4416 vocem
954 4365 1054 4432 urget,
1087 4357 1116 4412 in
1143 4355 1304 4414 missilibus
1327 4354 1510 4414 terrestribus

157 4444 350 4522 proportionis
382 4446 577 4522 geometricae
608 4444 835 4523 aequalitatem,
872 4461 930 4520 qua
957 4450 1054 4502 metas
1087 4459 1187 4503 seram
1220 4440 1398 4502 decrescunt.
1444 4439 1510 4499 Neu

160 4530 296 4606 estmdet,
312 4546 372 4591 neu
382 4537 491 4608 petest,
506 4548 565 4591 aen
578 4533 666 4591 etiam
678 4532 758 4606 vult3
773 4548 832 4591 neu
848 4546 952 4606 nempe
969 4528 1102 4607 exemplo
1117 4529 1245 4590 refluxus
1257 4529 1360 4589 oceani
1372 4535 1511 4603 uteretur,

161 4620 183 4674 si
196 4616 294 4692 veliet,
319 4635 377 4678 vex
392 4620 458 4695 ipsa
478 4623 688 4695 proportionis
701 4627 797 4679 stowe
819 4621 894 4679 inter
909 4619 993 4677 initia
1014 4618 1133 4678 innuite
1149 4619 1206 4696 ipsi
1228 4616 1344 4676 videtur
1359 4614 1511 4689 excidisse,

162 4703 227 4765 nihil
248 4722 338 4767 seusu
360 4707 537 4782 geometrice
560 4708 711 4782 cogitanti.

262 4795 291 4855 9.
324 4790 478 4855 wenna
500 4792 537 4854 ds
560 4795 773 4872 consequentia
794 4791 916 4854 secandi
938 4791 1163 4871 enthymematis
1185 4790 1370 4870 Tycheuiaai
1392 4787 1512 4849 dinam.

232 4907 424 4963 missione.
450 4904 504 4955 m
1262 4899 1300 4956 12
