3284 5520
613 1562 673 1631 an
695 1555 939 1633 nauseante

144 1731 178 1824 S.
211 1732 249 1826 C.
279 1731 469 1826 driusi.
501 1731 831 1828 CONSILlllilUll
861 1732 1153 1826 lllPdlillllld
1185 1732 1402 1852 lULlCUll,

276 1927 320 2038 ll.
356 1925 574 2040 tillidi
610 1924 893 2040 hillidii
933 1925 1274 2040 wrtltittttlit

102 2104 359 2180 sWackhenlels,
383 2107 518 2183 Equitem
541 2106 684 2165 duratum
707 2112 773 2178 etc,
796 2104 991 2167 Literatorum
1014 2112 1044 2165 et
1065 2104 1311 2183 Philosophorum
1331 2104 1452 2167 Maeee-

160 2199 165 2209 ’
474 2217 580 2284 uatem,
605 2208 762 2268 Dominum
784 2225 881 2267 meum
903 2208 1074 2269 beneficum.

205 2381 279 2442 Cum
302 2398 359 2440 non
383 2384 437 2441 sim
451 2384 585 2469 prescius,
609 2399 698 2458 qnam
721 2389 751 2441 tn
775 2400 855 2442 ames
877 2380 967 2457 Nihil,
991 2398 1048 2440 non
1072 2380 1190 2457 quidem
1213 2381 1252 2440 ob
1273 2381 1361 2457 pretii
1383 2378 1453 2437 vili-

103 2475 200 2541 tatem,
224 2468 275 2528 sed
298 2478 415 2545 propter
437 2469 540 2528 lasciui
563 2472 691 2547 passeris
706 2470 802 2529 lusum
818 2472 1034 2546 argutissimum
1050 2468 1136 2528 simul
1152 2477 1182 2528 et
1198 2467 1453 2527 venustissimum:

103 2555 184 2614 heile
207 2555 278 2614 mihi
301 2564 346 2615 est
368 2557 528 2632 conjicere,
567 2565 649 2616 tanto
673 2558 726 2616 tibi
748 2559 859 2632 gratius
882 2563 911 2617 et
934 2559 1082 2633 acceptius
1103 2556 1166 2615 lore
1188 2572 1309 2629 munus,
1342 2561 1453 2632 quanto

103 2641 129 2700 id
153 2642 252 2703 Nihilo
279 2645 412 2702 vicinius.

203 2728 349 2805 Quicquid
379 2731 408 2789 id
439 2737 499 2800 est,
533 2727 613 2805 quod
635 2729 736 2806 aliqua
758 2730 849 2790 Nihili
873 2732 1050 2806 cogitatione
1080 2730 1135 2789 tibi
1158 2728 1337 2802 allubescat,
1371 2727 1401 2787 id
1424 2736 1453 2788 et

103 2832 200 2892 parum
230 2827 259 2876 et
288 2835 412 2893 parvum
443 2824 472 2876 et
494 2817 667 2877 vilissimum
689 2826 719 2878 et
741 2819 858 2877 minime
881 2816 1022 2891 durabile,
1051 2817 1107 2877 hoc
1131 2824 1175 2877 eet
1197 2833 1271 2893 pene
1293 2813 1365 2874 nihil
1388 2832 1453 2874 esse

103 2911 222 2978 oportet.
268 2902 376 2978 Qualia
403 2922 468 2963 cnm
497 2905 526 2962 in
555 2921 649 2963 rernm
676 2913 780 2964 ustura
809 2905 900 2964 multa
932 2907 1006 2976 sint,
1038 2913 1081 2963 est
1109 2913 1206 2963 tamen
1237 2907 1311 2964 inter
1342 2920 1378 2963 ea
1400 2901 1454 2961 de·

103 2992 200 3050 lectus.
226 2990 378 3066 Cogitabis
401 2992 524 3051 fortasse
548 2991 584 3050 de
606 3008 664 3050 uno
687 3010 723 3052 ex
747 2995 851 3052 atomis
874 2993 1004 3068 Epicuri:
1029 3009 1130 3051 verum
1145 2990 1175 3050 id
1189 2990 1269 3051 Nihil
1284 2997 1337 3050 est.
1373 2988 1453 3048 Nihil

103 3093 168 3137 rsro
199 3095 218 3136 a
252 3096 298 3138 me
320 3078 412 3138 hahes
441 3085 537 3138 antea
584 3077 692 3138 Eamus
715 3082 814 3154 itaque
836 3096 888 3155 per
910 3079 1063 3154 elementa,
1086 3078 1144 3138 hoe
1165 3086 1210 3139 est
1233 3094 1284 3156 per
1308 3094 1352 3150 aa,
1376 3092 1454 3154 qnae

103 3171 168 3223 sant
191 3167 219 3222 in
243 3182 420 3242 unaquaque
443 3181 473 3224 re
496 3167 624 3225 minima.

204 3251 333 3313 Primum
356 3252 392 3312 de
415 3252 515 3326 Terra,
539 3251 596 3312 hoo
618 3259 664 3313 est
687 3251 722 3313 de
745 3251 928 3313 Archimedis
950 3253 1008 3312 mei
1031 3252 1175 3313 thesauris
1189 3268 1227 3310 ne
1242 3253 1378 3323 somnies,
1403 3250 1453 3325 qui

104 3337 219 3397 l'erram
243 3342 271 3396 in
295 3357 398 3399 arenae
421 3338 550 3412 resolvit,
575 3341 623 3415 qui
648 3339 876 3416 pulvisculorum
900 3338 975 3399 dena
990 3339 1084 3398 millia
1098 3337 1230 3415 possidet
1244 3341 1272 3396 in
1289 3355 1347 3399 uno
1361 3354 1453 3413 grano

104 3427 266 3502 papaveris.
320 3425 418 3486 Unum
451 3430 529 3486 euim
560 3428 584 3485 si
616 3429 787 3486 subtraxero
819 3443 1003 3487 numerorum
1034 3426 1093 3498 illi,
1132 3424 1296 3503 myriadum
1325 3426 1453 3483 rationes

104 3512 187 3589 plane
210 3512 376 3574 conludere.
415 3513 499 3573 Adde
522 3513 601 3589 quod
624 3513 793 3590 hujmmcdi
816 3512 1052 3590 corpusculorum
1074 3513 1168 3590 figura
1189 3529 1243 3572 nee
1260 3512 1353 3571 oculis
1370 3510 1454 3571 vide·

104 3607 154 3672 tur,
179 3618 232 3659 neo
255 3601 292 3659 ab
317 3600 489 3661 Archimede
512 3600 652 3678 proditur.
692 3600 811 3660 Nullum
834 3604 922 3677 igitur
945 3603 973 3659 in
998 3603 1033 3663 iis
1056 3602 1212 3677 ingenium,
1236 3599 1318 3660 nnlla
1340 3601 1381 3659 rei
1396 3614 1454 3657 non

104 3688 181 3747 sisae
204 3687 320 3763 cupido.
365 3688 415 3746 Est
438 3697 468 3748 et
490 3705 535 3748 res
559 3687 708 3760 durabilis,
732 3689 839 3764 pulvis,
864 3695 897 3746 ut
912 3705 988 3763 quae
1005 3689 1135 3748 trabibus
1151 3694 1298 3747 vetustate
1313 3687 1454 3759 subactis,

104 3776 177 3834 carie
201 3775 338 3834 conlectis
362 3775 490 3834 insidens
514 3775 688 3833 dominatur.
723 3774 851 3834 Nimium
874 3777 961 3851 igitur
984 3774 1100 3842 dedero,
1122 3774 1179 3834 hoo
1201 3776 1226 3834 si
1249 3772 1368 3834 dedero.

204 3861 285 3938 Ignis
317 3879 402 3939 porro
433 3862 594 3937 scintillae,
626 3865 680 3920 etsi
711 3878 821 3937 parvae
851 3870 880 3921 et
903 3861 1066 3935 evanidas,
1096 3879 1244 3938 nunquam
1267 3869 1365 3920 tamen
1388 3867 1456 3919 sunt

104 3949 228 4011 minores
251 3949 379 4010 arenulis
393 3951 563 4026 pyritarum,
587 3965 663 4024 qnae
679 3948 815 4009 conflictu
831 3948 1006 4021 deteruntur,
1030 3957 1082 4009 aut
1095 3950 1273 4026 strigmentis
1288 3964 1455 4023 prunarum,

104 4054 177 4113 quae
202 4038 265 4113 jam
296 4039 369 4096 inter
398 4037 579 4114 pulvisculoe
611 4035 707 4111 reJeci.
754 4035 907 4112 Figuralea
934 4038 1034 4111 itaque
1061 4036 1246 4113 pyramidas,
1279 4052 1354 4110 quaa
1379 4050 1454 4092 nun·

104 4141 189 4200 quam
213 4124 292 4197 vidi,
316 4123 434 4183 Platoni
457 4123 605 4200 relinquo,
632 4132 662 4182 ut
685 4140 721 4182 ex
743 4125 780 4182 tis
802 4123 943 4182 arbitratu
966 4140 1020 4182 suo
1043 4125 1196 4183 concinnet
1216 4125 1323 4199 ignem.
1363 4120 1456 4181 Veni·

105 4210 207 4271 endum
231 4212 268 4270 ad
292 4211 436 4270 elementa
458 4209 638 4271 intermedia.

205 4299 335 4358 Ventum
357 4307 389 4358 et
408 4298 503 4359 lumea
527 4298 595 4357 dare
618 4314 744 4373 possem,
767 4294 820 4354 sed
842 4294 872 4352 hi
894 4296 1075 4367 renduntur,
1098 4311 1194 4370 neque
1216 4293 1273 4354 hoc
1295 4300 1407 4353 tantum
1427 4295 1455 4351 in

105 4387 215 4446 utribus
237 4384 401 4458 Islandicis,
425 4385 477 4445 sed
500 4392 527 4444 et
551 4387 580 4442 in
601 4385 717 4456 chartis,
741 4385 810 4458 quin
834 4389 864 4442 et
887 4384 916 4441 in
933 4384 1040 4455 verbis,
1064 4382 1152 4457 idque
1167 4383 1276 4458 passim
1291 4398 1343 4457 per
1358 4381 1456 4441 orbem

105 4482 251 4533 terrarum.
296 4472 356 4532 Res
384 4475 484 4549 itaque
512 4474 639 4548 pretiosa
661 4471 778 4542 fumus,
812 4476 842 4529 et
864 4485 940 4560 quaa
962 4486 1068 4547 magno
1091 4470 1161 4528 mihi
1184 4476 1308 4532 constat
1352 4467 1456 4544 Neque

105 4560 177 4621 haec
200 4568 271 4637 apte
293 4561 419 4636 ingenio,
443 4561 512 4634 quie
535 4558 614 4617 rudis
637 4565 667 4623 et
690 4558 830 4616 informis.

206 4647 254 4706 sd
282 4664 375 4722 aquae
407 4648 496 4723 igitur
526 4643 717 4705 devolvimur.
762 4642 941 4704 Haerentem
968 4646 998 4701 in
1030 4659 1102 4701 urna
1134 4649 1246 4720 guttam
1277 4642 1455 4702 sacrosancti

105 4740 186 4793 rates
210 4751 261 4812 pro
283 4751 314 4794 re
338 4734 567 4809 contemtissima
588 4738 732 4808 reputant.
767 4731 804 4790 Et
820 4728 958 4791 Germani
981 4732 1071 4789 nosui
1094 4729 1251 4788 nilminus
1274 4729 1385 4790 habent
1405 4729 1458 4790 illa
