3284 5520
424 341 483 398 Lib.
503 342 552 397 ΠΙ.
590 343 631 398 De
650 340 893 412 significationibus
911 349 1085 404 cometarum.
1363 343 1427 412 125

78 519 186 581 naides
219 528 351 582 cometae
382 530 602 599 praecesserunt
617 516 678 602 (²⁴).
723 521 839 582 Etenim
868 524 894 581 si
917 520 987 597 qnid
1010 528 1124 583 cometa
1146 522 1234 580 etiam
1257 520 1428 580 naturaliter

76 608 137 686 plns
161 615 262 686 potest
282 610 311 668 in
335 627 426 668 unum
448 626 537 686 qnam
562 611 589 667 in
613 610 703 668 alium
725 608 885 684 bominem,
910 626 968 686 quo
992 610 1028 670 de
1051 613 1080 668 in
1102 608 1203 668 libello
1226 608 1371 682 secundo,
1397 608 1426 666 id

76 706 302 758 consentaneum
325 704 370 757 est
391 697 448 756 hoc
471 676 589 757 viriculo
612 713 711 772 posse,
735 696 791 756 hac
813 698 926 756 scilicet
948 699 1120 774 cognatione
1143 713 1208 754 cum
1231 696 1398 772 genesibns.

176 783 248 859 Alii,
272 794 304 843 ut
327 784 384 843 boo
406 783 496 857 idem,
520 783 631 842 scilicet
653 791 782 844 actorem
805 784 922 844 fabulae
945 786 1110 860 inquirant,
1133 786 1316 859 potissimum
1339 786 1368 840 iu
1392 778 1427 839 2⁰

72 870 224 948 Sagittarii
251 874 416 948 respicient.
463 869 641 948 Quantisper
669 873 746 930 enim
774 880 888 930 cometa
910 873 1024 947 magnis
1046 871 1198 931 itineribus
1221 870 1335 930 coelum
1358 887 1426 946 per-

72 967 198 1034 uagatus
222 966 284 1039 est,
304 958 380 1017 nihil
399 957 494 1032 aliud,
519 976 607 1035 quam
630 956 816 1018 admonuisse
839 960 949 1018 censeri
971 966 1083 1036 potest,
1114 968 1145 1017 tri
1168 958 1300 1017 homines
1324 959 1426 1016 obser-

71 1056 192 1124 varent,
224 1063 311 1122 quem
340 1044 379 1104 ad
400 1060 520 1125 scopnm
544 1048 606 1124 ipse
628 1045 707 1104 huuc
729 1063 814 1104 snum
837 1063 953 1105 cursum
976 1046 1152 1118 directurus,
1184 1062 1310 1121 quamve
1334 1044 1425 1103 veluti

70 1134 97 1189 in
128 1132 248 1193 literam
270 1133 437 1193 luxuriosus
460 1136 515 1192 iste
539 1142 647 1192 tractus
671 1133 868 1192 terminandus
890 1135 938 1192 sit.
983 1132 1145 1211 Postquam
1176 1150 1245 1191 vero
1269 1128 1303 1189 ‘2⁰
1326 1131 1425 1208 Sagit-

71 1221 134 1278 tarii
159 1222 268 1296 attigit,
292 1221 406 1296 aliquot
427 1220 531 1279 diebus
554 1219 629 1280 adeo
652 1219 748 1281 lentus
771 1220 835 1293 fuit,
862 1225 894 1278 nt
917 1221 1066 1296 quiescere
1090 1218 1188 1296 quoad
1211 1218 1424 1296 longitudinem

68 1315 238 1383 putaretur,
270 1309 408 1384 quodque
431 1308 466 1366 de
489 1315 571 1366 tnotu
594 1309 752 1384 superfuit,
783 1317 875 1366 totum
899 1308 928 1366 id
951 1308 1010 1366 fere
1033 1308 1141 1367 directe
1165 1306 1299 1365 deorsum
1323 1323 1425 1366 versus

69 1395 235 1471 eclipticam
259 1404 288 1454 et
310 1395 388 1453 buno
409 1396 504 1471 ipsum
520 1389 556 1452 2⁰
578 1394 730 1470 Sagittarii
753 1394 901 1468 tendebat,
925 1412 959 1454 ac
981 1397 1007 1452 si
1030 1403 1144 1454 cometa
1166 1393 1315 1466 indicaret,
1341 1394 1424 1469 cujus

67 1481 195 1540 bominis
219 1499 308 1542 cansa
330 1483 528 1560 apparuisset,
552 1481 594 1540 iili
618 1484 647 1540 in
670 1483 771 1559 genesi
795 1484 861 1563 oriri
886 1477 921 1541 2⁰
943 1481 991 1541 vel
1015 1479 1050 1540 3⁰
1072 1482 1235 1558 Sagittarii,
1260 1488 1311 1539 aut
1334 1480 1424 1539 alium

67 1566 199 1645 aliquem
221 1586 258 1628 ex
279 1571 446 1647 praecipuis
469 1568 731 1645 significationibus
753 1569 882 1645 hospitio
906 1570 1046 1645 excipere.
1092 1569 1128 1627 Et
1153 1570 1224 1626 novi
1248 1566 1422 1627 Germaniae

67 1659 242 1732 episcopum
264 1658 375 1733 primae
397 1657 576 1730 nobilitatis,
601 1657 685 1732 cujus
707 1660 736 1714 in
759 1659 859 1732 genesi
882 1655 929 1715 hic
952 1655 1103 1732 Sagittarii
1125 1654 1234 1732 gradus
1258 1657 1348 1713 oritur
1362 1651 1422 1734 (²⁵).

67 1742 154 1802 Alius
182 1744 321 1820 Europae
353 1746 484 1823 princeps
508 1743 606 1803 Solem
635 1744 725 1804 babet
754 1744 829 1803 circa
858 1743 934 1802 hunc
964 1742 1088 1819 gradum
1110 1738 1175 1820 (¹²⁶).
1222 1741 1420 1801 Veruntamen

44 1829 114 1889 ·lric
145 1829 272 1891 reflexus
303 1832 412 1890 itineris
440 1831 595 1907 planetarii
625 1830 663 1889 ad
687 1825 723 1888 2⁰
745 1829 895 1906 Sagittarii
925 1847 983 1888 non
1011 1829 1148 1889 discernit
1171 1828 1310 1889 beneficio
1334 1829 1422 1905 hujus

66 1922 213 1976 manticas
240 1919 315 1977 inter
342 1934 497 1994 personam
525 1924 662 1994 agentem
691 1925 721 1977 et
748 1920 917 1996 patientem.
962 1915 1085 1978 Cometa
1112 1919 1180 1977 anni
1206 1922 1299 1976 1596.
1328 1917 1422 1976 simile

66 2003 137 2080 qnid
160 2003 282 2079 habuit;
313 2022 349 2064 ex
372 2005 484 2065 Cancro
507 2007 585 2065 enirn
607 2022 777 2082 progressos
801 2004 904 2064 eadem
926 2004 986 2065 fere
1009 2003 1162 2063 latitudine
1186 2020 1251 2063 cunr
1273 2002 1422 2076 moderno,

66 2092 94 2148 in
123 2090 184 2150 fine
214 2095 322 2151 omisso
353 2094 454 2153 itinere
482 2091 592 2152 directo
616 2091 733 2151 deflexit
757 2109 857 2151 versus
881 2090 916 2148 4⁰
937 2091 1081 2167 Virginis,
1113 2092 1300 2150 stationarius
1323 2091 1421 2167 quoad

65 2176 290 2255 longitudinem.
329 2179 365 2237 Et
386 2178 569 2240 Mabometes
592 2179 649 2253 ΙΙΙ,
672 2178 832 2239 'furcarum
856 2181 1021 2254 imperator,
1044 2188 1131 2237 nutus
1154 2186 1217 2236 orat
1240 2177 1309 2237 Sole
1333 2180 1360 2234 in
1387 2175 1422 2237 4⁰
1502 2193 1520 2218 ·

65 2264 198 2341 Virginis
220 2278 365 2339 versante,
388 2268 556 2344 factumque
578 2266 767 2344 paulopost,
791 2273 824 2325 ut
847 2283 912 2324 cum
935 2264 1067 2325 ducentis
1081 2265 1212 2323 millibus
1229 2266 1347 2340 Agrium
1364 2266 1419 2323 ob·

64 2353 171 2412 sederit
203 2361 428 2432 expugnatoque
457 2354 523 2414 foco
550 2354 631 2430 Justa
660 2363 689 2413 et
711 2353 818 2436 celebri
841 2369 940 2430 pugna
964 2370 1028 2411 cum
1053 2352 1225 2411 Christianis
1249 2352 1418 2427 decertaret,

65 2441 93 2497 in
120 2458 182 2516 qna
210 2442 307 2500 rictus
333 2444 494 2517 castrisque
519 2450 548 2500 et
569 2441 636 2500 loco
660 2448 764 2500 exutus
787 2457 852 2499 curn
876 2439 1011 2515 fugisset,
1042 2439 1152 2514 praeda
1175 2443 1308 2514 occupati
1333 2439 1418 2497 Glori-

64 2528 153 2585 stiani
176 2546 194 2586 a
218 2526 366 2601 Tartaris,
395 2528 555 2587 ancarum
585 2527 790 2601 auxiliaribus,
823 2529 954 2586 vicissim
981 2529 1091 2603 ingenti
1115 2526 1197 2585 clade
1220 2526 1318 2584 afflicti
1342 2534 1419 2599 sunt,

65 2613 160 2673 deleto
183 2614 327 2691 peditatu,
351 2616 498 2691 equitibus
523 2617 552 2673 in
575 2615 674 2691 fugam
698 2618 798 2675 versis.
836 2613 940 2691 Itaque
962 2615 1088 2683 nescias,
1110 2630 1166 2693 pro
1185 2621 1291 2689 agente
1308 2612 1418 2672 babeas
1467 2663 1471 2669 .

64 2718 191 2777 persona
205 2700 413 2776 Mabometem,
436 2720 474 2762 an
496 2719 549 2777 pro
573 2704 711 2778 patiente,
735 2720 801 2762 cnm
823 2709 925 2761 neuter
948 2703 1057 2775 vicerit,
1082 2712 1204 2776 uterque
1224 2700 1364 2758 multatus
1380 2703 1418 2759 sit

64 2790 222 2865 exercitns3
246 2787 311 2849 sola
332 2788 405 2849 baec
427 2796 518 2849 restat
540 2789 723 2864 conjectura,
747 2796 889 2849 cometam
912 2787 994 2846 illum
1017 2787 1084 2847 ideo
1106 2788 1232 2861 fulsisse,
1256 2795 1289 2845 nt
1311 2804 1417 2846 secun-

64 2874 205 2951 dumea,
238 2892 313 2953 qnae
343 2875 379 2935 de
410 2876 658 2937 officiocometae
681 2877 1012 2952 iuterhomlnesprins
1036 2874 1217 2948 dictasunt,
1249 2872 1417 2933 admoneret

63 2965 225 3039 universos,
250 2965 301 3039 qni
323 2964 352 3020 in
376 2962 427 3022 illa
447 2981 548 3042 pugna
568 2965 717 3041 perierunt
739 2959 838 3048 (erant
853 2970 950 3023 antem
966 2979 1024 3021 non
1039 2979 1134 3039 pauca
1149 2956 1257 3043 millia)
1280 2962 1416 3020 instantis

65 3052 108 3109 sui
130 3050 186 3111 fati
208 3052 369 3110 novissimi.
406 3051 443 3110 Et
465 3054 539 3110 mira
561 3059 606 3111 est
619 3053 818 3128 congruentia,
843 3061 986 3110 cometam
1002 3052 1070 3110 anni
1090 3050 1181 3125 1582,
1205 3047 1414 3125 retrogradum,

63 3136 164 3197 eodem
195 3136 347 3215 Sagittarii
375 3140 533 3215 principio,
565 3139 673 3198 factum
703 3156 767 3199 esse
798 3138 949 3216 eclipticac
979 3139 1161 3215 propiorem,
1191 3155 1257 3198 cnm
1284 3137 1416 3196 similiter

62 3227 251 3285 stationarius
274 3232 352 3285 essct
375 3226 503 3287 effectus.

162 3312 312 3373 Fortassis
335 3318 434 3372 antem
456 3312 522 3389 plus
544 3311 636 3372 habet
657 3310 741 3385 fidei,
765 3310 845 3387 qnod
865 3315 1016 3387 regiones,
1040 3326 1097 3370 non
1120 3318 1219 3371 antem
1244 3296 1321 3385 qdod
1344 3329 1413 3387 per-

61 3415 146 3459 sonas
169 3398 303 3477 singulas
326 3402 439 3469 attinet,
463 3401 489 3458 si
502 3401 702 3478 respiciamus,
726 3399 832 3474 quibus
847 3397 920 3458 locis
935 3401 1008 3458 inter
1023 3399 1108 3457 initia
1123 3398 1185 3473 (vsi
1202 3405 1279 3457 certe
1293 3398 1413 3474 qnando

60 3486 387 3564 septentrionalirsitnns
416 3488 491 3562 erat)
522 3504 573 3563 per
605 3487 740 3545 verticem
771 3487 923 3545 transierit.
978 3485 1092 3544 Etenim
1124 3485 1220 3544 solent
1254 3488 1412 3544 monitores

61 3576 186 3651 primum
208 3574 293 3633 illum
315 3591 385 3634 aure
406 3573 594 3654 prehendere,
619 3575 668 3650 qui
691 3572 853 3633 monendus
876 3580 934 3648 est,
958 3590 1016 3649 quo
1039 3574 1117 3632 facto
1141 3572 1263 3650 digitum
1286 3575 1316 3630 in
1339 3572 1411 3632 illud

62 3660 217 3722 intendunt
225 3705 235 3737 ,
265 3660 343 3721 unde
373 3659 545 3721 cavendum.
590 3660 695 3736 Itaque
725 3677 784 3720 non
811 3661 938 3720 absurda
964 3660 1039 3720 haec
1067 3668 1144 3720 essct
1172 3660 1354 3736 distributio,
1387 3662 1412 3719 si

63 3758 194 3810 mmetae
215 3750 390 3827 principium
413 3747 450 3809 ad
472 3751 642 3826 patientem,
666 3746 751 3808 finem
775 3747 813 3807 ad
834 3755 984 3808 auctorem
1006 3747 1131 3823 injuriae
1153 3764 1205 3808 sen
1222 3748 1259 3806 ad
1276 3756 1413 3825 agentem

63 3835 225 3896 referretur.

163 3921 236 3982 Cum
258 3929 358 3983 autem
380 3929 490 3983 nactus
511 3929 665 3996 terrarum,
697 3939 749 4000 per
779 3939 853 3999 quas
873 3922 1020 3982 verticalis
1043 3921 1099 3980 fuit
1121 3928 1251 3996 cometa,
1278 3921 1411 3998 longitu-

60 4008 155 4070 dinem
178 4008 289 4071 habeat
309 4011 414 4087 integri
437 4009 579 4089 paralleli,
603 4017 696 4070 totum
720 4018 859 4069 terrarum
882 4010 982 4069 orbem
1005 4008 1165 4085 amplexus,
1189 4007 1322 4085 adeoque
1337 4016 1366 4067 et
1381 4011 1411 4067 in

61 4095 179 4176 Europa
201 4097 326 4157 multum
349 4097 436 4157 distet
458 4096 588 4174 Ungaria
611 4116 629 4157 a
651 4096 767 4171 Gallia,
799 4105 964 4157 accersatur
987 4098 1090 4172 igitur,
1119 4097 1143 4156 si
1167 4095 1297 4169 videtur,
1322 4098 1410 4155 etiam

61 4183 159 4262 plaga,
183 4186 213 4242 in
236 4200 325 4262 quarn
348 4186 488 4263 vergebat
510 4183 619 4260 cauda,
643 4187 778 4244 nimirum
801 4183 1012 4264 utplurimum
1035 4200 1137 4243 sersus
1160 4185 1310 4243 orientem.
1347 4182 1411 4242 Ita-

60 4288 113 4347 que
144 4272 233 4332 nobis
261 4276 290 4330 in
313 4272 457 4333 Bohemia
483 4272 696 4350 significaretur
717 4270 847 4349 ngaria
877 4280 906 4330 et
927 4270 1053 4330 Polonia
1067 4266 1140 4352 (²⁷).
1186 4270 1247 4330 Aut
1269 4278 1346 4344 esto,
1377 4278 1411 4329 nt

59 4359 167 4420 maium
190 4359 229 4419 ad
251 4377 384 4421 normam
406 4377 565 4421 conversae
588 4359 700 4437 caudae
722 4361 823 4420 veniat
844 4376 879 4418 ex
903 4358 1053 4418 occidente
1075 4361 1105 4415 in
1129 4359 1268 4417 orientem
1290 4353 1411 4439 (loquor

60 4448 87 4505 in
108 4463 236 4525 persona
257 4464 366 4523 eorum,
390 4449 441 4525 qni
464 4448 499 4508 de
521 4447 748 4525 particularibus
771 4445 910 4506 hariolari
932 4447 1059 4520 volunt),
1084 4443 1249 4504 adsciscant
1264 4447 1352 4521 igitur
1366 4444 1409 4503 illi

60 4541 87 4592 et
108 4534 348 4596 constellationes
369 4536 503 4613 principii
526 4535 665 4612 finisque,
697 4552 773 4612 qnae
804 4533 961 4593 collineant
989 4549 1080 4610 prope
1102 4531 1260 4592 admodum
1282 4531 1319 4592 ad
1341 4532 1410 4592 loca

60 4619 151 4696 Solis,
183 4621 272 4683 Jovis
302 4631 332 4683 et
353 4621 458 4682 Martis
489 4625 517 4681 in
545 4623 703 4700 generibus
731 4640 845 4696 eorum,
874 4621 924 4699 qui
948 4620 1064 4680 Galliae
1086 4618 1287 4696 Poloniaeque
1308 4628 1409 4681 tenent

60 4709 264 4783 gubernacula.
302 4710 400 4786 Atque
423 4727 479 4787 ego
503 4710 753 4770 constellationem
775 4709 917 4788 principii,
940 4710 1075 4768 nimirum
1092 4707 1305 4784 oppositionem
1320 4706 1408 4768 Joris

61 4810 122 4856 cam
143 4795 230 4873 Sole,
261 4813 320 4858 non
349 4805 410 4859 tam
438 4814 474 4860 ex
500 4816 533 4860 se
555 4800 620 4875 ipsa
642 4800 754 4861 intento
775 4799 874 4858 animo
897 4795 1048 4857 considero
1064 4789 1143 4877 (²⁸),
1172 4811 1260 4872 quam
1283 4796 1321 4856 ob
1343 4796 1407 4873 eius
