3284 5520
137 308 159 375 8
518 304 661 392 Epistulae
678 303 792 375 Kepieri
810 303 979 375 aliorumque
997 307 1108 359 mutuae

138 487 218 550 larue,
242 486 304 534 heec
321 484 429 534 addens:
453 498 504 532 nou
523 484 627 548 dubito,
644 497 722 548 quem
740 483 863 546 plurimos
881 481 1072 531 mathematicos
1091 484 1234 530 accuratam
1253 485 1362 530 cometes
1382 481 1497 542 descrip-

139 557 232 606 tionem
257 556 328 604 radio
352 556 518 604 astronomica
542 568 655 603 emensos
678 553 762 603 luisse.
800 551 881 613 Quam
907 553 938 600 ob
958 565 1061 600 causam
1079 551 1145 599 hauc
1162 552 1363 616 qualemcunque
1382 549 1497 599 delinea-

138 628 232 676 tionem
256 627 331 687 bujue
357 626 503 673 meteorirae
526 625 699 687 impressionis
724 635 933 685 supervacaneam
959 636 1012 671 esse
1038 624 1092 683 ipse
1114 623 1263 671 arbitrabar.
1301 622 1350 671 Sed
1374 636 1424 670 non
1442 627 1499 670 tem

139 712 194 745 meo
218 697 349 746 temerario
369 695 477 760 quodem
496 709 574 745 ausu.
599 708 673 759 quern
692 692 797 741 allorum
814 694 899 755 potius
917 697 996 757 nutu,
1020 692 1169 740 adhortante
1186 690 1302 741 nonnihil
1320 692 1353 741 D.
1372 690 1496 755 Sculteto,

138 767 207 816 hauc
224 767 419 829 descriptionem
439 779 522 813 rraeea
540 765 652 813 Minerua
670 769 765 813 tentare
783 777 912 824 aggressus
931 776 995 814 sum.
1033 763 1175 823 Descriptio
1200 776 1279 810 noves
1297 761 1387 810 stellae
1405 764 1434 810 in
1452 767 1497 810 tuo

140 851 213 900 opere
232 837 340 884 multum
359 836 420 883 mihi
438 835 546 897 profuit,
573 848 625 898 que
650 833 679 881 de
698 847 775 882 cause
794 835 832 881 tui
849 847 950 898 quoque
968 833 1119 880 mentionem
1139 833 1303 881 honorificem
1321 832 1376 880 ieci.
1414 832 1499 881 lisam

140 909 286 956 tenuitatem
313 907 359 954 hec
383 906 407 953 in
432 919 459 953 re
483 907 557 969 aequi
581 905 692 967 bonique
717 901 940 964 consuleremus,
965 909 1023 964 peto
1047 907 1071 950 et
1096 916 1149 951 oro.
1168 928 1199 937 -
1218 901 1281 949 Item
1301 904 1370 950 misit
1388 902 1498 964 lieplero

140 975 234 1039 Oeepar
252 977 396 1025 Dnrnarius
410 973 576 1023 Goerliceusis
595 973 708 1022 libellum
724 973 831 1022 Eichlari
850 973 959 1021 addens:
978 974 1050 1020 mitto
1068 974 1116 1021 tibi
1135 970 1245 1020 Aicbleri
1264 973 1344 1021 uostrl
1361 978 1496 1021 tractatum

141 1047 172 1097 de
190 1047 301 1109 Cometa,
320 1046 364 1094 sed
383 1059 476 1104 vereor,
495 1059 526 1092 ne
545 1043 647 1106 Kepleri
666 1043 774 1092 lectione
792 1044 931 1104 indignum.
967 1040 1058 1091 confer
1075 1044 1126 1093 rui.
1144 1042 1177 1091 11.
1199 1056 1224 1104 p.
1241 1039 1317 1105 831.)

246 1131 369 1195 Keplerus
388 1132 500 1179 Tanchio
526 1132 609 1178 statim
635 1130 792 1192 rescripsisse
814 1129 924 1193 videtur,
952 1142 1007 1176 eum
1032 1128 1182 1191 respoudeat
1204 1127 1496 1180 laurissensium.

143 1204 224 1252 1608:
249 1202 275 1256 S.
296 1203 341 1249 Vir
359 1202 503 1250 doctissime
522 1207 546 1247 et
565 1201 786 1262 praestantissime.
824 1199 920 1247 Literae
944 1205 1000 1246 tuae
1026 1198 1088 1246 mihi
1105 1206 1190 1259 gratae
1208 1198 1310 1248 luerunt
1328 1203 1353 1250 et
1370 1206 1498 1264 acceptes,

142 1273 307 1321 humanitatis
326 1278 351 1320 et
368 1271 506 1319 ostiolorum
526 1268 693 1332 plenissimae.
732 1269 892 1317 Germanicus
912 1272 1032 1316 tractatus
1052 1268 1082 1316 de
1102 1274 1200 1317 comete
1218 1270 1285 1331 typis
1298 1271 1437 1330 exscriptus
1451 1276 1498 1336 est,

140 1358 216 1408 quem
235 1343 267 1389 ad
287 1349 310 1390 te
329 1342 411 1390 mittet
429 1339 584 1405 Ncrliobius;
605 1341 729 1401 expetitur
742 1353 757 1387 a
769 1338 863 1402 multis,
883 1352 956 1403 quem
977 1338 1043 1386 docti
1056 1340 1208 1399 probabunt.
1240 1339 1347 1387 Latinus
1359 1341 1381 1387 si
1394 1339 1499 1403 quidem

143 1412 275 1462 ebaolutus
294 1419 347 1472 est,
365 1425 478 1472 cuperem
497 1422 552 1458 eum
572 1424 671 1474 qunque
689 1407 770 1457 lucem
790 1409 879 1457 ridere.
918 1409 1016 1468 Quare,
1034 1409 1055 1455 sl
1074 1408 1108 1456 ad
1126 1420 1165 1455 me
1183 1409 1294 1474 miseris,
1314 1409 1378 1458 dabo
1397 1423 1498 1471 operam

141 1488 170 1532 ut
190 1483 331 1531 excudetur
348 1496 364 1529 e
383 1483 436 1529 rire
455 1483 521 1529 bono
540 1480 636 1528 Jacobs
656 1480 758 1541 Apelle.
777 1480 821 1543 qui
840 1492 918 1541 nuper
936 1482 1071 1526 tractatum
1090 1478 1121 1526 de
1139 1485 1209 1540 peste
1228 1479 1258 1526 D.
1279 1477 1389 1527 liniendi
1407 1479 1499 1530 edidit.

141 1553 285 1602 lierlichlue
304 1553 384 1600 latina
402 1553 496 1612 scripte
514 1564 566 1598 nou
584 1556 660 1609 amat,
678 1551 738 1613 qula
751 1562 801 1596 uon
814 1557 852 1597 est
864 1544 969 1608 iusignia
982 1551 1162 1610 typographus,
1180 1553 1276 1597 tautum
1290 1549 1392 1597 excudit
1404 1548 1498 1597 Calen-

142 1623 213 1671 daria
234 1630 259 1671 et
276 1619 424 1673 Germanica
443 1627 467 1668 et
485 1636 513 1668 ee
532 1620 661 1682 opuscula.
679 1634 743 1683 quae
761 1632 852 1676 magne
870 1632 920 1667 nou
939 1626 1007 1668 sunt.
1037 1617 1063 1667 si
1082 1618 1116 1666 ed
1134 1632 1174 1666 me
1191 1621 1296 1679 miseris,
1315 1633 1417 1681 operam
1429 1620 1498 1668 dabo

141 1699 170 1740 ut
187 1692 268 1742 luceru
288 1693 374 1741 rideat
392 1697 417 1740 et
435 1692 528 1738 habeas
547 1688 697 1751 exemplaria
715 1688 746 1736 ad
765 1690 895 1743 minimum
914 1691 948 1739 30
966 1689 1044 1749 gratie
1065 1695 1089 1736 et
1106 1691 1202 1753 absque
1221 1690 1313 1751 pretio:
1343 1691 1415 1751 plura
1438 1703 1499 1742 raro

142 1763 204 1812 deut
222 1771 247 1810 et
263 1764 290 1810 in
309 1776 338 1810 eo
357 1766 457 1810 servant
475 1774 567 1808 morem
586 1773 666 1808 suum.

250 1832 307 1880 bilei
327 1832 360 1879 ud
379 1839 403 1878 tc
422 1828 581 1879 tractetuium
602 1830 631 1877 de
651 1833 754 1892 cometa,
773 1827 883 1876 liriurdll
897 1827 1001 1884 editum,
1019 1829 1063 1892 qui
1075 1828 1172 1889 magico
1184 1830 1314 1890 praesagia
1326 1828 1399 1877 modo
1413 1826 1498 1894 elicit3

142 1917 193 1951 non
212 1903 262 1950 tibi
282 1902 433 1966 adversetur,
452 1900 496 1947 sed
514 1901 622 1947 maxime
641 1905 722 1947 tecum
741 1900 880 1947 consentire
898 1900 924 1945 iu
943 1898 1095 1962 quibusdem
1109 1898 1215 1947 ridetur.
1246 1899 1268 1946 a
1287 1906 1312 1947 te
1330 1900 1424 1948 editum
1443 1914 1499 1948 esse

141 1972 257 2021 intellexi
281 1975 333 2033 jam
357 1979 413 2018 ente
439 1970 551 2018 libellum
579 1970 610 2017 de
638 1974 733 2017 cometa
755 1966 876 2023 latinum.
904 1967 999 2029 Pregae
1023 1970 1182 2031 impressum3
1211 1968 1233 2016 sl
1260 1970 1307 2017 tlbi
1332 1975 1433 2031 praesto
1459 1976 1500 2018 est

142 2040 270 2104 exemplar
296 2041 334 2088 rel
360 2043 387 2088 iu
413 2037 568 2101 bibliopoliie
593 2040 695 2100 vestris,
725 2053 817 2103 quaeso
842 2035 875 2088 ad
900 2053 939 2086 me
962 2053 1006 2100 pro
1025 2039 1087 2088 meis
1106 2040 1214 2086 nummis
1232 2040 1318 2104 mitte,
1348 2040 1389 2087 hic
1407 2040 1500 2089 habere

142 2126 192 2161 uon
230 2126 322 2162 ossum.

212 2127 227 2174 p
248 2184 325 2242 Agam
345 2193 401 2228 cum
421 2179 523 2244 Apelio,
547 2184 576 2225 ut
593 2179 700 2227 excudat
718 2184 743 2226 et
761 2179 808 2225 tibi
826 2178 902 2238 gretie
921 2178 1072 2239 exemplaria
1091 2179 1188 2234 mittet,
1213 2178 1240 2226 id
1265 2179 1335 2242 quod
1353 2180 1423 2227 brevi
1441 2180 1498 2228 tlerl

142 2256 233 2315 potest,
252 2253 275 2301 si
292 2249 429 2313 perfectum
449 2254 496 2300 est.
527 2248 588 2297 liam
602 2249 741 2297 Nerlichins
761 2250 785 2296 iu
806 2262 850 2296 sua
867 2248 973 2296 taberna
991 2254 1087 2296 tautum
1102 2249 1340 2309 habetgermeuica.
1372 2250 1498 2298 Sitamen

142 2324 219 2370 etiam
237 2320 343 2369 latinum
363 2316 456 2368 habere
475 2317 595 2384 uoluerit,
621 2321 682 2383 qula
705 2320 874 2379 germanicum
893 2319 1007 2374 excudit,
1034 2318 1139 2366 eltirlarn
1159 2325 1187 2366 ut
1204 2325 1270 2367 recte
1289 2321 1374 2367 omnia
1393 2320 1454 2367 ient
1474 2326 1500 2368 et

140 2393 190 2441 tihi
209 2392 360 2453 exemplaria
378 2397 499 2439 numeret.
536 2389 653 2438 Permitto
673 2390 735 2436 hauc
754 2403 804 2436 rem
823 2402 893 2436 meae
912 2388 1075 2453 expeditioni,
1095 2390 1200 2436 cilicium
1220 2390 1264 2452 sic,
1283 2395 1311 2436 ut
1328 2397 1429 2453 gratum
1450 2392 1500 2438 tibi

142 2464 175 2511 sit
193 2460 314 2511 loturum.
351 2460 379 2510 Sl
403 2458 475 2522 plura
499 2460 574 2508 etiam
599 2457 752 2520 exemplaria
775 2460 822 2507 tibi
845 2461 976 2520 impetrare
994 2465 1096 2522 putero,
1121 2459 1231 2506 studium
1250 2473 1332 2508 meum
1352 2461 1376 2506 iu
1396 2475 1425 2507 eo
1446 2475 1498 2509 non

141 2534 226 2597 patiar
244 2532 345 2596 requiri.
382 2529 520 2591 Vogelinus
534 2528 646 2592 Lipslam
666 2531 704 2578 bie
724 2530 843 2577 nundinia
863 2543 912 2577 uou
932 2529 1007 2592 reult¹
1027 2528 1071 2593 aad
1090 2530 1158 2577 misit
1177 2529 1327 2589 ministrnm,
1346 2543 1421 2594 quem
1445 2530 1500 2578 adii

141 2604 167 2651 ln
191 2603 298 2650 taberna
320 2602 413 2663 ipsius:
439 2601 482 2648 ille
502 2597 565 2647 nihil
584 2599 614 2647 de
633 2601 690 2648 tuis.
727 2598 811 2660 Quare
830 2600 850 2646 si
870 2599 965 2662 poteris
982 2604 1092 2661 repetere
1110 2596 1182 2647 illurn
1202 2604 1345 2660 tractatum,
1374 2602 1445 2648 mitta
1465 2601 1497 2648 ad

141 2687 189 2735 me,
209 2674 275 2734 typis
295 2672 335 2719 hic
354 2671 445 2719 curabo
465 2670 583 2732 imprimi.
621 2671 653 2718 Et
670 2672 753 2730 miror,
772 2670 910 2734 quodiam
929 2671 944 2719 3
964 2683 1061 2718 meuses
1079 2667 1242 2731 praeterlapsi
1261 2676 1331 2735 suut;
1352 2671 1373 2716 ei
1394 2671 1499 2718 habuis-

142 2757 209 2805 sem,
235 2745 286 2801 ianr
305 2743 385 2789 lucem
405 2742 514 2789 vidisset.
553 2740 604 2800 Ego
623 2742 738 2788 ministro
757 2740 826 2788 illius
846 2739 900 2786 dixi
918 2745 961 2787 tuo
980 2741 1095 2796 nomine,
1113 2752 1179 2803 quae
1198 2739 1231 2786 ad
1250 2754 1288 2788 me
1307 2742 1444 2806 scripsisti,
1470 2753 1503 2789 ιιι

142 2812 181 2860 uel
207 2812 314 2860 excudat
338 2810 378 2859 rel
401 2811 450 2859 huc
472 2812 555 2859 mittat
578 2809 760 2859 excudendum.
798 2811 861 2858 Vale
885 2814 909 2856 et
932 2809 999 2857 salve
1018 2814 1042 2856 et
1060 2823 1098 2856 me
1117 2810 1143 2856 iu
1163 2822 1293 2858 numerum
1311 2816 1409 2858 tuorum
1429 2812 1498 2858 erui-

142 2896 228 2932 corum
248 2896 346 2945 repone.
381 2878 533 2946 (Matheseos
552 2880 677 2942 professor
696 2894 743 2926 non
764 2893 827 2937 sum,
846 2878 889 2926 sed
908 2878 1059 2941 medicinee;
1080 2877 1139 2927 olim
1158 2883 1240 2928 tamen
1258 2881 1372 2940 gnaviter
1392 2882 1499 2929 tractari

141 2955 307 3017 mathemata,
334 2965 401 2999 nuuc
425 2951 580 3015 frequentius
602 2962 657 2997 aum
680 2946 705 2998 iu
731 2944 834 2998 officina
853 2946 975 3008 Vulcani,
1000 2949 1113 3007 chymica
1131 2962 1208 3010 opera
1227 2957 1327 2998 naturae
1346 2964 1435 2999 arcena
1454 2951 1496 2999 iu·

141 3020 284 3085 vestigans.)
321 3022 389 3069 Tuus
414 3020 438 3070 J.
458 3020 598 3083 Terroiiue,
626 3018 696 3069 iliad.
721 3024 765 3068 art.
792 3020 832 3083 1),
863 3020 997 3067 Auetcmes
1022 3024 1047 3066 et
1073 3017 1188 3079 Chirurg.
1212 3020 1240 3071 P.
1260 3021 1288 3069 P.
1306 3036 1446 3086 χνμιαιρος
1469 3023 1497 3070 1ιι

142 3091 221 3142 head.
241 3092 375 3151 Lipsiensi.

246 3160 323 3208 Paulo
347 3164 405 3221 pust
428 3159 553 3208 'senchius
575 3159 636 3206 haec
660 3157 704 3207 dat
722 3158 841 3220 lieplero:
867 3159 891 3207 S.
911 3164 935 3207 et
953 3172 1063 3207 emerem
1081 3156 1118 3207 01.
1138 3159 1246 3207 Domine
1272 3164 1296 3209 et
1315 3161 1392 3208 emico
1412 3161 1496 3208 hono-

142 3231 229 3282 rande.
268 3228 329 3278 (ium
349 3229 474 3278 lierlichio
492 3230 591 3277 locutus
609 3242 664 3277 sum
682 3237 784 3292 propter
802 3230 921 3290 scriptum
940 3234 1010 3276 tuum
1029 3228 1059 3275 de
1078 3231 1194 3292 cometis;
1224 3232 1349 3278 consentit
1366 3232 1391 3277 iu
1412 3231 1451 3289 ld,
1471 3236 1499 3280 ut

141 3299 192 3367 ipsi
210 3303 342 3348 mittentur
361 3300 513 3361 exemplaria
531 3298 562 3347 de
574 3298 653 3349 Stella
665 3306 689 3347 et
701 3300 813 3362 Opticis;
833 3301 855 3347 si
874 3313 902 3346 ea
920 3298 1070 3360 vendiderit,
1090 3298 1165 3361 plura
1181 3305 1258 3362 petet.
1290 3299 1404 3348 Mlslsset
1422 3303 1500 3349 etiam

142 3372 216 3436 plura
241 3370 270 3418 de
289 3368 392 3418 Cometa
416 3370 583 3434 exemplaria,
612 3370 632 3416 si
657 3369 835 3432 expetivisses,
863 3383 938 3433 quare
960 3369 1030 3431 uult,
1054 3374 1081 3416 ut
1106 3371 1154 3417 tlbi
1173 3370 1240 3418 hisco
1258 3371 1409 3435 significem,
1437 3379 1500 3434 quot

144 3442 299 3503 exemplaria
323 3441 390 3488 mitti
416 3438 490 3503 velis,
516 3454 582 3503 quae
605 3441 691 3499 arrriga
716 3446 797 3487 vester
817 3442 902 3499 jussus
921 3440 960 3487 hic
978 3455 993 3487 a
1011 3437 1136 3487 Nerllchio
1156 3444 1239 3501 petat;
1266 3441 1318 3490 slve
1340 3442 1389 3490 100
1407 3438 1501 3490 luerint

145 3515 198 3561 stre
219 3514 299 3574 plura,
319 3512 400 3573 pretio
419 3510 543 3558 tolerabili
562 3511 610 3557 tibi
630 3508 728 3570 vendet,
747 3515 773 3556 tu
792 3510 890 3558 interim
912 3524 941 3557 ex
960 3509 991 3556 iis
1009 3507 1105 3556 lucrum
1118 3508 1185 3570 apud
1198 3510 1352 3572 bibliopolas
1366 3513 1499 3573 percipies.

147 3584 174 3633 Sl
193 3583 224 3629 ad
244 3595 290 3629 uos
307 3581 403 3628 venerit
421 3579 510 3640 auriga
528 3593 583 3627 cum
601 3579 689 3635 literis,
707 3579 816 3640 accipiet
833 3584 878 3639 tot,
896 3584 958 3643 quot
975 3579 1143 3643 requisiveris.
1175 3580 1228 3639 Ego
1245 3576 1318 3629 etiam
1332 3583 1427 3629 interea
1440 3596 1501 3644 per·

146 3653 260 3718 quirem,
289 3652 312 3698 si
337 3651 396 3698 hinc
419 3664 492 3697 curru
517 3648 591 3697 celeri
614 3649 705 3714 aliquis
729 3648 761 3697 ed
779 3663 823 3698 uos
841 3655 894 3714 eat,
918 3653 946 3697 ut
963 3649 1098 3697 fasciculus
1116 3647 1156 3696 illl
1174 3650 1255 3702 detur.
1292 3652 1319 3699 lu
1337 3653 1388 3699 tuis
1407 3653 1500 3701 ciliciis

143 3724 185 3772 hic
203 3720 365 3783 expediendis
385 3734 426 3768 erc
439 3725 563 3781 promtus.

251 3792 346 3838 Literes
370 3796 428 3838 tuas
451 3790 484 3838 sd
509 3788 641 3851 collegium
666 3787 835 3850 theologicum
858 3789 965 3852 scriptas
983 3788 1014 3838 D.
1034 3789 1136 3838 Deoauo
1162 3792 1256 3852 obtuli,
1283 3806 1299 3838 a
1317 3804 1367 3855 qno
1385 3792 1501 3852 proxime

145 3862 268 3926 judicium
289 3862 456 3922 exspectabis.
492 3860 602 3909 Locutus
621 3874 676 3908 sum
693 3860 740 3906 hac
758 3859 788 3907 de
805 3872 831 3906 re
850 3872 907 3907 cum
926 3856 1064 3921 professore
1081 3860 1207 3922 physices,
1233 3863 1276 3926 qui
1303 3875 1353 3908 uon
1374 3860 1499 3908 dubitavit

145 3932 317 3994 subscribere3
336 3944 421 3978 uerum
440 3929 584 3991 scrupulum
603 3928 641 3978 illi
660 3931 755 3992 injecit,
775 3929 843 3994 quod
862 3930 964 3993 scribas,
983 3929 1086 3991 spiritus
1106 3935 1255 3979 cometarum
1271 3945 1417 3978 evanescere
1429 3939 1500 3993 post-

147 4016 221 4064 quam
245 4001 409 4062 exspiraverit
434 4005 538 4050 rourete.
575 4000 701 4049 Nostrates
719 3997 832 4059 theologi
849 4012 899 4047 nou
919 3999 1055 4049 admittunt
1072 4014 1191 4049 novarum
1210 4007 1376 4049 creaturarum
1395 4002 1500 4049 creatio-

148 4088 204 4122 nem
223 4076 280 4134 post
298 4071 416 4134 primam,
435 4084 481 4118 nec
499 4070 700 4119 evanescentium
718 4069 832 4130 illarum,
853 4074 881 4118 ut
898 4071 1011 4117 arbitror.
1047 4067 1097 4120 Sed
1116 4085 1251 4132 cognosces
1270 4073 1383 4133 proxime
1401 4072 1499 4118 theolo-

143 4157 232 4206 gorum
256 4140 387 4202 judicium.
409 4165 439 4176 -
460 4141 488 4188 Si
512 4141 538 4188 lu
563 4140 619 4188 eliis
642 4140 690 4188 tibi
716 4154 771 4188 mea
796 4139 877 4203 opella
901 4140 972 4188 utilis
996 4154 1049 4188 esee
1068 4142 1162 4203 possit,
1189 4142 1385 4204 promtissimam
1404 4154 1500 4203 semper

147 4214 267 4262 invenies.
303 4208 406 4273 Lipsiae
425 4210 448 4259 d.
470 4211 512 4260 24.
530 4210 587 4259 Jan.
608 4211 685 4260 1⁶08.

248 4298 276 4348 P.
296 4296 322 4348 Β.
359 4293 422 4346 (ium
440 4297 487 4346 hoc
506 4298 674 4359 scripsissem,
697 4297 804 4359 ipsemet
820 4298 916 4346 accessi
935 4297 966 4344 l).
987 4297 1113 4346 Deceuum
1133 4296 1286 4357 theologiae,
1310 4295 1342 4345 D.
1363 4296 1392 4347 G.
1413 4295 1501 4346 Weiu·

147 4369 252 4434 richum,
271 4369 315 4432 qul
335 4381 374 4415 me
393 4373 524 4430 praesente
541 4372 585 4416 tua
601 4366 671 4429 legit,
689 4381 753 4432 quae
771 4380 821 4415 nou
839 4367 1006 4429 improbabat,
1027 4369 1077 4415 uisi
1095 4366 1163 4432 quod
1181 4369 1208 4415 iu
1226 4368 1275 4415 tine
1293 4367 1374 4429 partis
1392 4367 1412 4417 1.
1431 4382 1499 4416 aese-

144 4441 221 4502 ritur,
250 4438 332 4488 Deum
356 4450 447 4486 nouum
473 4438 588 4498 spirltum
613 4452 694 4487 creare
719 4442 831 4486 cometae
854 4441 879 4485 et
902 4438 1008 4485 eundem
1033 4445 1123 4500 postea
1145 4450 1298 4488 evanescere.
1336 4436 1450 4485 Adduxit
1469 4451 1499 4484 ex

147 4509 241 4572 Sacris,
269 4509 350 4557 Deum
374 4521 424 4557 nou
448 4521 529 4556 creere
553 4520 632 4556 novos
657 4509 776 4570 spiritus3
801 4508 904 4570 spiritus
927 4509 1008 4571 primo
1027 4509 1120 4556 crearit
1138 4508 1229 4569 bonos,
1253 4521 1284 4555 ex
1303 4509 1376 4556 bonis
1395 4508 1500 4571 quidem

146 4577 301 4638 defecerunt,
327 4578 428 4642 quidem
451 4579 477 4626 lu
501 4583 569 4626 stetu
593 4585 790 4639 permanserunt.
826 4574 893 4629 Boni
917 4579 1062 4626 hominibus
1087 4578 1211 4634 seruiunt,
1235 4578 1297 4625 mali
1321 4576 1435 4629 laedunt.
1473 4578 1500 4626 Si

148 4649 287 4712 posuisses,
306 4662 356 4696 uon
375 4649 452 4698 creeri
473 4647 559 4695 aDeo
578 4661 670 4708 noros,
694 4647 738 4696 sed
756 4648 869 4710 permitti
887 4663 901 4697 e
920 4649 985 4707 Deo,
1011 4662 1053 4696 eos
1073 4648 1137 4708 regi,
1156 4649 1220 4696 terre
1237 4647 1265 4695 id
1282 4649 1412 4709 potuisset
1449 4647 1500 4696 lieo

146 4719 250 4781 spiritus
269 4732 297 4767 eo
316 4719 406 4783 modo,
424 4725 453 4767 ut
470 4718 596 4783 homines,
616 4731 670 4767 sese
688 4715 867 4781 multiplicent.
905 4718 1015 4767 Deinde:
1034 4717 1138 4778 spiritus
1155 4717 1214 4767 iilos
1232 4731 1390 4776 evanescere3
1409 4719 1431 4766 sl
1449 4731 1500 4766 uon

146 4795 277 4851 ocantur,
300 4802 351 4841 nou
369 4792 534 4850 evanescunt,
557 4787 614 4852 sed,
641 4794 805 4837 eveuesceute
824 4793 934 4849 cometa,
956 4793 1103 4852 permanent
1120 4787 1154 4837 ed
1172 4801 1233 4836 urus
1251 4787 1322 4836 ailoe.
1359 4787 1501 4838 Dubitabet
