3284 5520
499 361 1151 433 0999919999191191119991111991901191919.
1208 400 1217 419 ·
1436 368 1501 437 821

148 541 366 602 91911999191
393 540 527 601 1191111919
550 543 579 598 19
602 538 712 617 091191,
737 541 803 603 rico
833 544 928 618 urbis,
960 544 990 603 id
1021 543 1098 621 quod
1123 561 1186 621 cap.
1214 551 1262 616 11,
1288 552 1324 605 91
1351 549 1501 624 199911191.

147 630 228 690 Ν11111
248 632 337 705 igitur
351 646 445 705 neque
465 630 521 688 hoe
537 646 600 705 cap.
619 635 668 687 11.
686 629 807 690 1991191
824 632 1034 692 contexendam
1050 632 1199 692 historiam
1217 650 1280 709 cap.
1300 636 1511 710 1199991993

255 714 305 796 11)
330 717 435 776 Confer
463 719 589 776 invicem
616 734 646 774 1.
672 723 700 774 1.
729 727 808 776 911.
833 722 883 778 99.
912 736 977 797 cap.
1010 728 1066 780 11:
1098 719 1265 779 1191199199
1296 722 1372 780 enirn
1396 721 1500 783 dicitur

147 805 295 864 habitator
317 802 578 882 Jerosolymarum.
624 803 696 878 Ejus
719 822 863 883 pronepos
887 806 959 864 Asai
987 811 1122 884 princeps
1146 806 1249 867 dicitur
1279 807 1447 868 Levitarum
1471 818 1501 870 et

146 891 341 970 Jcrosolymis
374 891 528 964 babitans,
559 891 633 950 baec
660 907 718 949 non
749 901 872 968 possunt
906 896 963 952 uisi
991 895 1113 955 dirersis
1144 894 1322 971 temporibus
1357 896 1498 958 accidere.

148 979 246 1055 Quare
269 998 293 1039 c.
319 986 368 1039 11.
397 978 598 1055 complectitur
619 978 822 1055 genealogiam
846 980 1002 1041 multorum
1024 1000 1174 1043 annorum.
1219 983 1266 1042 lta
1288 985 1405 1041 nomina
1428 1001 1499 1043 can·

147 1077 241 1126 torunr
271 1067 438 1138 Matbania,
475 1066 630 1125 llalrbukia
653 1084 680 1123 1.
708 1073 757 1127 11.
789 1077 959 1143 19991119191
986 1087 1048 1148 999.
1085 1074 1131 1128 19.
1163 1075 1180 1129 8
1214 1075 1301 1146 919,
1331 1079 1420 1146 utque
1443 1072 1498 1131 sub

145 1154 255 1215 Jesuae
279 1163 411 1231 tempora
431 1154 593 1213 referuntur
615 1153 775 1214 manifeste.
813 1155 879 1215 Non
902 1158 990 1232 igitur
1011 1165 1135 1234 possunt
1157 1159 1256 1217 omnia
1279 1156 1314 1216 de
1337 1157 1497 1219 Nebemiae

146 1242 326 1319 temporlbus
348 1244 450 1318 accipi.
1313 1283 1316 1291 .

252 1332 307 1407 18)
330 1328 377 1404 Si,
401 1330 450 1405 qui
486 1344 549 1404 999.
575 1333 623 1387 11.
657 1337 860 1409 9999199191,
893 1330 1052 1392 Ν911919199
1084 1332 1263 1408 temporibus
1298 1331 1498 1392 inhabitarunt

146 1417 362 1495 Jerosolymas,
386 1418 436 1492 qui
459 1415 506 1488 fit,
529 1413 609 1490 quod
631 1414 739 1475 nullius
769 1434 868 1476 eorum
897 1421 1005 1478 mentio
1034 1418 1112 1479 19919
1140 1427 1185 1478 991
1213 1421 1287 1478 19191
1310 1419 1497 1480 aedificantes

145 1503 219 1563 Neh.
245 1511 275 1565 8.
298 1510 502 1581 praeterquam
525 1501 705 1562 Nathinaeae
735 1504 886 1564 familiae?
929 1506 954 1564 E
978 1514 1094 1577 contra,
1124 1508 1147 1564 si
1172 1523 1236 1582 cap.
1264 1506 1497 1587 1111911999-

146 1614 265 1669 zooram
287 1595 367 1652 cives
389 1597 529 1662 recenset,
557 1591 607 1665 qui
629 1588 676 1655 fit,
701 1591 778 1666 quod
802 1609 902 1651 eorum
925 1610 982 1652 non
1006 1595 1151 1665 meminit,
1176 1596 1226 1670 qui
1250 1610 1313 1670 cap.
1339 1599 1367 1652 3.
1392 1593 1496 1653 domus

144 1677 339 1756 Jerosolymis
370 1678 509 1738 babuisse
538 1676 675 1753 leguntur
701 1685 752 1737 aut
786 1683 973 1756 magistratus
1001 1681 1147 1755 gessisse?
1192 1679 1273 1741 Idem
1294 1679 1437 1756 iudicium
1460 1680 1496 1741 de

145 1783 209 1842 cap.
234 1772 263 1840 8,
287 1774 316 1841 9,
343 1769 395 1840 10,
420 1768 449 1825 19
479 1765 586 1842 quibus
615 1767 702 1840 pauci
725 1783 841 1839 eorum,
871 1769 921 1843 qui
944 1768 1133 1829 aedificarunt
1160 1785 1223 1843 999.
1249 1774 1281 1840 9,
1305 1771 1495 1844 reperiuntur.

144 1852 264 1912 Scilicet
297 1871 363 1913 cam
391 1870 455 1931 cap.
480 1859 509 1911 3.
533 1869 631 1911 murus
665 1850 880 1928 aedificaretur,
904 1854 946 1912 illi
975 1873 1010 1914 911
1042 1873 1105 1933 999.
1136 1860 1153 1915 8
1179 1857 1242 1931 jam
1272 1863 1353 1914 erant
1381 1857 1496 1915 mortui.

145 1939 254 2000 Contra
282 1958 363 2015 raro,
396 1942 446 2016 qui
474 1942 503 1997 in
531 1939 606 1999 libro
635 1938 744 1999 Esdrae
774 1943 976 2012 nominantur,
1008 1943 1051 2001 illi
1079 1945 1168 2003 etiam
1195 1942 1269 2001 Neh.
1302 1943 1330 2000 8.
1365 1942 1496 2018 plerique

142 2045 247 2088 nornen
271 2028 389 2101 habent,
408 2037 440 2087 91
462 2026 618 2103 intelligas,
635 2044 693 2085 uno
717 2034 847 2104 temporo
871 2029 1021 2103 accidisse,
1039 2048 1115 2107 quae
1139 2032 1273 2105 utrinque
1288 2031 1396 2106 scripta
1416 2038 1495 2090 sunt.

250 2112 301 2194 19)
324 2115 396 2191 Cap.
422 2122 471 2187 11,
497 2121 546 2173 91.
571 2114 746 2186 ostenditur,
770 2116 849 2191 quod
871 2116 1009 2188 Pothaia,
1033 2118 1110 2176 filius
1134 2116 1336 2188 Mesezabelis,
1360 2134 1396 2176 ex
1419 2117 1495 2176 tribu

143 2200 233 2273 1919,
257 2202 315 2261 dux
338 2203 440 2279 populi
463 2209 491 2261 et
514 2204 640 2260 vicarius
664 2204 739 2277 regis
763 2202 856 2262 luerit.
905 2204 979 2279 Ergo
1011 2204 1067 2263 hoc
1089 2215 1177 2280 caput
1199 2207 1338 2280 scriptum
1361 2213 1406 2262 ost
1427 2212 1495 2264 anto

143 2288 281 2348 ducatum
303 2290 472 2362 Nebemiae,
496 2296 708 2364 postmortem
732 2289 936 2361 Zorobabelis,
960 2293 1047 2366 igitur
1070 2293 1108 2351 ab
1125 2290 1226 2364 Esdra,
1251 2290 1298 2351 rel
1322 2289 1425 2350 saltem
1448 2293 1495 2349 in-

142 2376 332 2452 telligendum
355 2377 391 2437 de
414 2377 626 2452 antiquioribus
649 2377 837 2452 temporibus.
884 2379 980 2453 Atque
1004 2379 1060 2437 boc
1091 2381 1177 2438 etiarn
1199 2379 1285 2437 nobis
1309 2376 1434 2437 sufficiat
1457 2377 1494 2437 ad

141 2464 310 2525 refutandos
334 2465 393 2525 ficti
415 2462 548 2526 Philonis
572 2463 661 2522 dures
683 2462 864 2525 Judaeorum
887 2473 955 2541 post
976 2466 1199 2526 Zorobabelem.

248 2551 300 2630 90)
324 2553 442 2611 Initium
471 2568 535 2627 cap.
563 2557 600 2610 19
633 2568 725 2627 usque
756 2551 794 2610 ad
825 2572 853 2610 1.
879 2555 928 2613 91.
962 2569 1074 2612 191999
1105 2553 1181 2613 91199
1215 2550 1338 2627 alicujus
1370 2549 1495 2624 1119191,

142 2656 229 2716 quam
252 2640 425 2714 Nebemiae,
449 2646 478 2699 et
501 2637 618 2714 quidem
640 2640 821 2714 posterioris,
847 2642 917 2715 quia
939 2644 1072 2716 pervenit
1094 2639 1131 2700 91
1154 2639 1319 2711 1911999,
1350 2656 1494 2699 9999991

141 2726 324 2802 pontificem,
357 2728 407 2803 qui
432 2725 637 2786 Alexandrum
652 2724 693 2783 M.
724 2725 806 2785 vidit.
837 2728 900 2786 Etsi
924 2744 993 2787 varo
1016 2728 1091 2788 Neb.
1117 2733 1165 2789 13.
1190 2725 1296 2786 diserte
1319 2728 1494 2787 mentionem

140 2815 211 2873 19911
232 2816 328 2874 1191119
350 2814 505 2892 Jadduae,
527 2812 660 2888 Josepbo
684 2816 853 2890 interprete,
876 2831 934 2873 999
958 2823 1054 2874 tamen
1078 2824 1109 2874 ut
1134 2814 1288 2890 pontificis,
1311 2811 1362 2873 sad
1386 2814 1495 2873 9191-

141 2901 199 2960 buc
221 2901 273 2959 filii
296 2902 424 2962 1911111199
448 2900 569 2960 1311991111
592 2903 731 2960 meminit.
779 2903 817 2960 At
839 2904 952 2960 initium
976 2909 1107 2978 99919.
1133 2901 1270 2962 Jadduaa
1294 2900 1494 2976 utpontidcis

141 2996 171 3047 et
201 2986 400 3049 9111911191ἰὶ
430 2989 568 3048 meminit.
614 2986 667 3048 Est
696 2997 793 3047 autem
821 3006 948 3062 rursum,
973 2989 1071 3065 quoad
1101 2991 1267 3060 materiam,
1297 2987 1425 3046 alienum
1456 2990 1494 3049 ab

141 3075 465 3144 19911191911911991199,
490 3092 543 3135 999
567 3078 661 3134 minus
688 3075 779 3152 stylo·
789 3077 827 3134 ab
849 3076 992 3136 Nebemia
1015 3076 1176 3153 discrepat,
1207 3084 1296 3151 atque
1320 3077 1407 3134 etiam
1431 3094 1494 3136 me·

141 3164 225 3221 minit
248 3165 387 3240 temporis
409 3162 569 3223 Nebemiae
593 3161 674 3222 ducis
697 3170 727 3222 et
749 3162 858 3223 Esdrae
880 3164 1003 3236 scribae,
1028 3166 1112 3240 quasi
1132 3164 1195 3239 jam
1218 3169 1404 3222 mortuorum.

245 3248 486 3329 91)111119991199
514 3249 611 3308 191119
639 3250 785 3325 capitibus
814 3268 867 3309 usu
894 3254 986 3323 venit,
1018 3261 1051 3310 91
1077 3254 1194 3328 9199119
1222 3252 1339 3309 nomina
1368 3248 1494 3307 familias

141 3336 293 3410 denotent,
319 3356 376 3398 non
400 3337 530 3415 singulas
554 3354 707 3414 personas,
730 3354 784 3396 nec
807 3337 836 3395 id
859 3338 969 3412 solum,
992 3338 1045 3399 sed
1068 3356 1157 3415 saepe
1180 3336 1354 3397 familiarum
1377 3337 1496 3395 nomina

141 3442 206 3483 cum
229 3426 425 3502 singularibus
448 3428 580 3501 personis
604 3425 833 3497 immisceamur,
864 3424 942 3501 quod
966 3425 1083 3501 quidem
1112 3428 1269 3483 maximam
1293 3422 1495 3482 difficultatem

140 3513 226 3590 parit,
249 3531 314 3573 cum
330 3513 450 3573 caedem
465 3529 608 3588 99199999
631 3512 835 3571 diuersissimis
857 3515 1036 3588 temporibus
1060 3511 1184 3572 adscribi
1207 3511 1371 3571 videantur.
1396 3510 1493 3585 Hujus

140 3601 181 3658 rei
204 3608 407 3677 argumentum
430 3599 552 3659 babebit
575 3601 747 3672 maximnm,
771 3600 821 3676 qui
845 3602 928 3659 initia
950 3600 973 3658 1.
998 3599 1066 3663 Esd.
1085 3608 1111 3660 1.
1136 3598 1210 3659 Neh.
1231 3605 1279 3658 10.
1302 3605 1332 3657 et
1356 3603 1394 3657 19
1420 3600 1494 3655 19191

141 3704 172 3746 99
196 3688 333 3748 99919191.
378 3687 454 3746 1199
477 3704 542 3762 999.
569 3693 617 3745 19.
648 3696 833 3746 recensentur
856 3688 963 3762 aliqui,
993 3705 1059 3746 cum
1082 3685 1175 3746 Jesun
1205 3687 1260 3745 sub
1285 3684 1361 3762 Cyro
1384 3685 1493 3743 reversi

140 3791 176 3832 ex
197 3778 381 3855 captivitate,
406 3773 732 3852 9911199111.19.11111
757 3775 926 3853 succedunt,
949 3773 1097 3847 Joalrimo,
1121 3773 1231 3836 deense
1255 3772 1324 3843 filio,
1349 3788 1493 3830 summum

139 3863 341 3937 pontificatum
374 3870 501 3937 gerente.
546 3860 575 3918 ls
610 3870 707 3919 autem
738 3859 857 3919 Joalrim
889 3863 944 3921 1911
976 3869 1059 3937 99191
1093 3861 1230 3930 Eliasibi,
1264 3876 1322 3935 quo
1354 3858 1492 3935 pontifice

140 3948 251 4009 Esdrae
274 3950 476 4010 etNehemiae
496 3948 616 4007 1119191111
640 3947 755 4006 accidit.
779 3947 887 4006 Mortui
911 3951 998 4025 igitur
1020 3958 1087 4007 9991
1109 3956 1177 4008 9919
1193 3949 1352 4007 adrentum
1375 3945 1492 4019 Fsdrae,

140 4039 190 4111 qui
214 4038 297 4096 initio
321 4055 385 4114 cap.
414 4041 460 4095 19.
486 4042 684 4108 recensentur,
709 4035 787 4110 quod
811 4035 936 4095 dubitari
965 4053 1022 4094 non
1046 4043 1151 4111 potest.
1198 4035 1234 4093 Et
1257 4042 1353 4092 tamen
1377 4050 1413 4092 ax
1435 4032 1494 4092 illis

140 4122 223 4182 multi
246 4125 406 4185 Nebemiae
432 4130 480 4182 10.
512 4122 673 4182 1919199191
703 4125 777 4181 19191
806 4125 969 4198 signatores
998 4122 1143 4201 foederis,
1166 4120 1243 4181 unda
1272 4120 1361 4180 911991
1389 4119 1493 4179 videu-

140 4215 202 4281 191,
234 4221 285 4271 991
314 4212 453 4271 revixisse
485 4218 634 4282 mortuos,
662 4218 713 4269 aut
738 4210 862 4269 foederis
886 4210 1119 4286 obsignationem
1148 4209 1202 4268 sub
1226 4207 1377 4275 sacerdote
1400 4206 1493 4267 Jasna

141 4297 297 4373 accidisse,
331 4316 388 4358 999
418 4299 472 4356 9911
505 4298 568 4372 ejus
597 4305 703 4374 nepote
734 4297 872 4356 Eliasibo.
919 4297 1075 4357 Sciendum
1103 4305 1148 4356 eat
1178 4298 1275 4372 igitur,
1301 4297 1420 4354 nomina
1442 4293 1493 4352 1119

141 4387 236 4460 999119
262 4394 310 4447 19.
345 4402 534 4463 9919999199
569 4384 749 4461 singularum
784 4402 862 4455 esse,
898 4386 992 4461 capito
1018 4385 1067 4445 10.
1099 4383 1289 4456 familiarum,
1321 4399 1395 4458 quas
1424 4380 1492 4440 illac

139 4489 281 4548 99199999
316 4473 480 4534 condidere.
527 4473 622 4532 Probo
652 4473 776 4548 primum
807 4492 826 4531 a
848 4472 952 4531 simili:
984 4488 1051 4531 nam
1081 4473 1217 4547 acapite
1244 4475 1291 4529 10.
1316 4489 1344 4530 1.
1372 4475 1420 4527 14.
1444 4485 1492 4527 99-

141 4561 238 4634 quitur
268 4559 373 4637 longus
395 4563 582 4642 ⁸signatorum
611 4559 779 4635 catalogus,
808 4562 836 4617 in
861 4578 920 4636 quo
943 4562 1061 4618 nomina
1091 4561 1189 4617 omnia
1219 4564 1285 4616 sunt
1308 4555 1492 4627 familiarum,

140 4646 219 4721 quod
247 4655 329 4721 patet
361 4650 385 4706 si
414 4655 502 4724 caput
527 4654 554 4707 9.
579 4646 794 4707 e18.Esdrae
822 4646 950 4723 legatur,
982 4648 1031 4705 ubi
1062 4644 1237 4705 familiarum
1265 4646 1362 4720 capita
1389 4642 1492 4702 eodem

139 4733 199 4791 1919
222 4733 323 4793 911199
345 4743 538 4794 19999999191.
584 4734 616 4793 Si
648 4733 704 4792 boo
731 4737 854 4810 scriptor
883 4734 949 4793 libri
973 4736 1001 4792 in
1025 4732 1159 4810 catalogo
1185 4731 1368 4808 plebeiorum
1390 4732 1493 4807 signu-

140 4829 236 4879 torum
259 4822 342 4895 fecit,
365 4820 503 4882 credibile
526 4830 587 4898 est,
616 4819 693 4881 idem
716 4823 805 4881 etiam
828 4839 895 4882 aum
917 4822 1022 4883 facisse
1048 4822 1079 4879 in
1109 4818 1276 4881 immediata
1298 4816 1491 4898 praecedente
