3284 5520
214 305 280 374 774
564 302 596 357 11
615 299 735 357 Sleidani
753 302 852 359 librum
872 294 906 357 de
926 308 1043 371 quatuor
1060 302 1230 359 Monarchlis

215 487 273 544 ties
295 482 370 544 alter
392 482 430 542 ab
452 480 545 541 altero
569 483 630 540 rim
651 489 809 559 pateretur,
833 483 906 541 istos
929 488 1059 541 mortuos
1081 481 1183 561 procul
1207 481 1304 543 dubio
1331 501 1403 543 cum
1418 482 1573 560 Denegare

216 571 335 644 diceret,
359 579 389 630 et
412 571 510 628 omnia
532 585 649 628 cernere
671 575 761 645 atque
784 569 938 646 indignari,
962 569 1095 629 videntes
1118 569 1191 630 haec
1214 570 1364 630 facinora.
1407 570 1484 631 Cum
1503 574 1574 647 igitm

217 669 247 719 et
262 658 327 717 Deo
350 666 379 717 11
401 656 569 715 bominibus
584 655 686 715 tierent
700 663 824 730 statuae,
848 666 937 733 atque
954 655 1023 716 illae
1039 656 1157 716 divinae
1172 660 1342 734 inciperent
1358 658 1433 731 coli,
1458 658 1575 718 humanis

217 753 336 825 propter
358 744 578 803 similitudinem
603 742 679 802 idem
703 743 796 802 honos
819 745 945 803 tributus
969 752 1021 802 est.
1059 745 1097 803 lit
1111 763 1177 804 cum
1193 745 1280 804 Deus
1298 749 1329 803 in
1345 747 1449 805 torma
1465 746 1576 805 bonane

216 834 415 912 apparuisset,
449 831 589 891 creditum
613 838 658 889 est
679 839 748 907 post
770 829 862 890 molta
885 830 1001 903 secula,
1025 831 1157 892 homines
1182 832 1265 891 Deos
1291 851 1360 893 esse
1385 832 1576 910 paulatimque

216 919 344 981 concidit
367 917 403 977 de
426 936 484 977 uuo
510 935 578 977 vero
594 917 659 977 Deo
683 921 837 992 sententia,
861 920 1018 997 praecipue
1042 936 1107 978 cum
1130 918 1274 994 viderent,
1302 921 1428 997 aliquid
1450 922 1576 980 bonihu·

216 1024 303 1067 mano
332 1008 432 1081 generi
455 1024 473 1065 a
497 1006 605 1065 talibus
635 1005 802 1064 hominibus
832 1005 1034 1079 conciliatum,
1065 1016 1117 1065 eut
1146 1007 1236 1066 luisse
1259 1007 1332 1067 illos
1357 1009 1499 1069 homiues
1522 1007 1576 1068 dou

217 1097 350 1154 viverent
372 1096 401 1152 in
416 1092 507 1154 Terra
530 1101 685 1168 potentes3
710 1101 864 1168 utrumque
887 1096 964 1153 enim
988 1092 1119 1152 divinum
1142 1093 1213 1169 qnid
1237 1102 1293 1167 est,
1320 1106 1351 1155 et
1369 1096 1577 1156 benetaccrea

216 1189 366 1261 potantem
390 1198 462 1240 esse.
509 1180 586 1239 Hinc
608 1178 768 1253 Saturnus,
793 1179 911 1257 Jupiter
934 1183 1009 1240 inter
1032 1180 1125 1253 Deos,
1149 1199 1224 1257 quos
1247 1183 1337 1258 aiunt
1361 1184 1461 1243 fuisse
1484 1184 1578 1243 Belum

216 1276 246 1331 et
261 1268 379 1340 Ninum,
403 1268 576 1327 monarchas
600 1267 687 1340 orbis,
711 1275 789 1327 certe
804 1285 942 1344 regnasse
958 1275 1074 1330 coristat
1088 1271 1117 1327 iu
1132 1267 1245 1343 Terris3
1269 1287 1324 1329 eos
1340 1270 1577 1341 Nebucadnessr,

216 1355 397 1428 Alexander,
430 1354 572 1414 Caesares
601 1354 715 1430 aliquot
736 1353 862 1413 Romani
892 1357 953 1412 viri
976 1357 1083 1414 imitari
1106 1355 1272 1416 voluerunt.
1323 1357 1377 1417 Sic
1404 1358 1464 1417 Dei
1487 1361 1577 1417 censiti

218 1443 315 1514 (leros,
339 1441 418 1519 quod
440 1443 538 1518 fruges
559 1441 668 1501 alicubi
683 1459 778 1501 serere
795 1441 950 1513 docuisset,
975 1442 1093 1518 Apollo,
1117 1441 1196 1519 quod
1212 1443 1399 1504 medicinam
1417 1448 1576 1517 invenisset,

216 1529 369 1603 Hercules,
394 1528 471 1606 quod
494 1529 594 1588 multis
617 1531 755 1589 monstris
770 1528 925 1590 liberasset
938 1547 1033 1605 genus
1048 1530 1217 1590 humanum.
1256 1528 1375 1592 Omnes
1392 1551 1501 1611 nempe
1516 1551 1577 1593 con-

18 1660 23 1669 -
106 1674 111 1685 ,
216 1625 277 1677 stat
299 1619 328 1675 in
352 1616 449 1677 Terris
472 1618 571 1676 luisse.

321 1728 546 1789 Sleidanus:
577 1726 723 1789 Vicesimo
745 1736 857 1804 quarto
879 1747 964 1789 anno
984 1737 1090 1804 postea
1110 1729 1216 1807 soedm
1238 1747 1310 1790 cum
1334 1733 1394 1792 illo
1409 1734 1489 1810 facit
1503 1732 1577 1792 Deus

215 1836 271 1896 per
299 1819 572 1888 cirumcisionem,
605 1834 699 1893 quom
727 1819 868 1874 instituit
916 1814 1084 1876 centesimo
1114 1821 1222 1876 aetatis
1250 1836 1338 1878 anno
1368 1828 1470 1879 natata
1496 1826 1576 1878 erter'

214 1906 296 1983 lilius
320 1901 418 1977 Isaac,
441 1913 509 1980 post
531 1903 610 1962 illud
632 1912 749 1977 tempus
771 1906 848 1961 uiuit
872 1921 971 1963 annos
988 1906 1034 1963 to.
1072 1904 1183 1965 Mansit
1204 1905 1332 1967 ecclesia
1355 1910 1391 1964 in
1414 1922 1503 1984 geute
1525 1906 1575 1967 Ju-

218 1991 357 2051 dseorum
381 2008 474 2067 usque
498 1989 535 2051 ad
552 1989 709 2052 Christum.
748 1990 846 2063 erare
868 2009 975 2067 operae
991 1992 1113 2068 pretium
1128 1993 1198 2051 iacit
1213 1999 1329 2072 auctor,
1353 1996 1489 2054 breviter
1504 2013 1577 2053 com·

218 2079 349 2159 plectens
374 2080 456 2136 initia
478 2077 628 2153 religionis
651 2076 860 2150 Israelitarum,
884 2095 960 2153 quae
982 2079 1061 2138 luere
1086 2081 1275 2152 circumcisio,
1301 2082 1427 2156 signum
1450 2082 1576 2151 foederis,

217 2164 297 2242 quod
320 2164 402 2224 Deus
425 2167 516 2224 instar
538 2165 665 2242 alicujus
688 2165 814 2223 hominis
836 2182 901 2224 curn
925 2166 1054 2226 Abramo
1078 2168 1163 2225 leriit.
1208 2167 1277 2227 Fuit
1305 2178 1409 2228 sutem
1436 2176 1477 2229 24
1501 2171 1577 2227 annis

219 2259 288 2330 post
309 2268 458 2329 egressum
482 2269 518 2312 ex
541 2252 650 2311 Haran.
695 2250 981 2331 NamGeu.17,1
1008 2260 1293 2316 11109111111111.
1342 2257 1385 2315 At
1410 2259 1439 2314 in
1464 2272 1575 2333 egressu

217 2343 330 2413 11115,
353 2339 413 2398 diff.
431 2346 482 2399 21.
520 2340 648 2416 Fuitque
671 2356 748 2398 enno
770 2338 870 2397 mundi
887 2346 981 2402 2018.
1020 2338 1098 2416 Quid
1113 2343 1223 2401 interea
1238 2342 1348 2401 lactum
1366 2360 1437 2402 cum
1451 2346 1575 2405 Abramo

218 2430 248 2486 in
273 2425 348 2486 Gen.
374 2432 511 2487 12-16
535 2426 649 2504 legitur.
699 2425 879 2486 Omterimo:
903 2426 977 2490 Gen.
1002 2435 1052 2502 21,
1079 2431 1113 2500 5,
1138 2446 1215 2488 anuo
1238 2431 1339 2489 muudi
1365 2437 1465 2491 2019.
1511 2431 1576 2491 Post

216 2514 313 2575 illud:
337 2512 412 2577 Gen.
430 2516 482 2593 25,
500 2521 527 2587 t,
551 2513 752 2574 annemundi
776 2520 871 2574 2124.

322 2624 564 2686 Slsidauus:
591 2626 750 2704 Quomodo
771 2644 864 2702 nepos
882 2626 1055 2687 Abrohomi
1069 2627 1168 2687 Jacob
1184 2628 1338 2688 devenerit
1352 2633 1391 2689 in
1408 2632 1575 2708 Aepyptum

218 2714 320 2790 ibique
340 2716 379 2771 sit
399 2721 549 2787 mortuus,
573 2715 724 2790 quomodo
738 2714 844 2772 minae
859 2717 955 2788 ipsius
967 2718 1128 2789 posteritas
1140 2717 1257 2792 aliquot
1270 2718 1380 2775 seculis
1394 2719 1430 2776 in
1446 2722 1576 2795 Aepypto

217 2804 420 2879 permanserit
441 2809 470 2860 et
489 2820 546 2877 per
569 2800 673 2862 Mosen
696 2801 912 2860 administrum
936 2801 1046 2861 educto
1067 2803 1163 2879 suerit
1185 2811 1277 2881 atque
1299 2805 1450 2877 liberata,
1475 2824 1577 2864 sacrae

218 2892 325 2947 literae
345 2888 460 2949 docent.
500 2889 634 2947 Ponitur
656 2896 760 2947 autem
782 2889 854 2947 lraec
875 2892 1035 2964 emipratio
1048 2891 1171 2950 israelis
1193 2909 1230 2951 en
1246 2895 1385 2968 Aepypto
1401 2893 1444 2952 ad
1459 2911 1574 2952 annum

218 2976 299 3037 orbis
327 2976 441 3034 conditi
463 2977 557 3049 2454,
586 2994 695 3051 nempe
716 2976 779 3034 430
801 2978 891 3035 annis
910 2984 979 3051 post
998 2980 1232 3051 promissionem
1257 2979 1440 3040 Abrahamo
1463 2981 1575 3038 datam

218 3062 377 3122 Promissio
392 3064 471 3122 11111
486 3060 629 3141 esthen.
645 3070 693 3135 12,
709 3061 747 3138 4),
772 3080 837 3121 cum
854 3070 931 3122 esset
945 3063 1130 3122 Abrahamus
1150 3071 1188 3124 tc
1204 3084 1356 3138 annorum,
1383 3085 1463 3126 auno
1479 3067 1574 3126 mundi

220 3157 322 3224 20243
346 3149 421 3209 adde
447 3156 525 3223 430,
550 3151 617 3209 inda
641 3160 804 3209 exstruetur
828 3156 921 3210 2454.
967 3151 1052 3210 11111
1074 3159 1161 3210 11111
1184 3171 1260 3212 anno
1286 3160 1382 3213 2013.
1432 3155 1491 3231 Qui
1515 3173 1575 3214 cum

219 3246 296 3296 esset
321 3238 361 3296 60
385 3254 536 3310 annorum,
560 3241 662 3313 genuit
683 3237 829 3296 Jacobum
854 3236 940 3314 (Gen.
968 3241 1017 3306 25,
1042 3245 1106 3312 26),
1131 3257 1200 3314 ergo
1224 3260 1251 3298 1.
1272 3258 1311 3300 m.
1337 3248 1435 3302 2109.
1484 3242 1576 3300 Jacob

217 3341 287 3384 vero
311 3342 408 3384 coram
430 3342 498 3400 rege
521 3325 676 3384 Pharaone
698 3325 795 3401 prodit
817 3342 900 3384 suam
924 3333 1051 3384 aetatem
1079 3333 1137 3385 130
1162 3345 1320 3402 annorum,
1355 3346 1424 3388 cum
1455 3334 1576 3406 primum

219 3414 349 3472 venisset
372 3414 401 3469 in
425 3412 593 3490 Aegyptum
617 3412 704 3490 (Gen.
723 3418 772 3471 47.
792 3431 819 3471 r.
839 3414 884 3487 9):
908 3412 991 3485 adde,
1016 3423 1045 3472 et
1067 3416 1168 3473 veniet
1192 3421 1285 3475 2239.

323 3533 554 3593 Sleidanus:
582 3536 647 3594 Post
671 3531 776 3592 Mosen
799 3534 911 3602 iudices
933 3533 1039 3593 habuit
1059 3536 1194 3609 populus
1216 3538 1408 3597 israeliticus
1431 3539 1475 3596 nd
1498 3539 1577 3599 Sou-

217 3623 275 3680 lem
297 3639 404 3700 usque,
426 3625 476 3680 cui
499 3621 606 3680 David
626 3624 770 3692 successit,
793 3640 848 3680 rex
871 3623 947 3679 alter
969 3624 1034 3693 eJ'us
1054 3625 1170 3697 populi.
1213 3623 1343 3700 Tempus
1363 3626 1505 3701 judicum
1528 3629 1576 3685 tri·

216 3709 320 3767 lariam
336 3707 497 3783 colligitur:
525 3716 554 3783 1)
572 3725 608 3767 ex
627 3716 653 3766 1.
665 3707 736 3783 Reg.
751 3710 778 3780 6,
800 3715 825 3766 1.
842 3709 1036 3767 Numerantur
1053 3714 1113 3767 130
1130 3711 1168 3768 ab
1184 3713 1263 3770 exitu
1279 3712 1316 3770 ad
1334 3713 1489 3772 conditum
1506 3722 1576 3773 tem·

217 3794 307 3872 plum.
353 3794 701 3855 ι111111511111111111
725 3802 780 3867 40,
811 3797 916 3871 quibus
940 3796 1039 3855 Moses
1061 3796 1129 3855 illos
1153 3801 1228 3858 11111
1251 3801 1278 3856 11
1303 3799 1438 3874 deserto,
1468 3810 1575 3861 restant

218 3889 296 3956 1403
321 3881 460 3942 subtrahe
484 3883 584 3941 itidem
599 3900 691 3941 annos
707 3882 872 3941 Salomonis
890 3890 917 3954 3,
942 3886 1011 3959 quia
1026 3884 1166 3958 templum
1182 3885 1330 3944 conditum
1347 3905 1427 3947 auno
1446 3891 1474 3945 4.
1493 3889 1574 3948 Salo·

216 3972 320 4045 monis,
344 3977 373 4029 ct
396 3985 488 4028 anuos
513 3975 552 4029 40
572 3970 704 4042 Doridis,
729 3977 915 4030 1111111397
942 3987 1035 4047 usque
1051 3970 1089 4029 ad
1106 3989 1255 4031 excessum
1273 3974 1371 4032 Saulis
1388 3977 1429 4034 ab
1446 3978 1574 4052 ingressu

216 4057 414 4117 Israelitarum
439 4059 467 4113 in
492 4057 621 4116 Canaau.
668 4059 702 4131 2)
726 4058 807 4116 Idem
835 4059 975 4133 probatur
1003 4075 1037 4117 ex
1063 4059 1126 4120 Act.
1152 4066 1200 4132 13,
1227 4067 1282 4133 20,
1312 4063 1362 4119 ubi
1388 4082 1408 4120 a
1432 4063 1574 4122 divisione

217 4144 324 4204 Terrae
355 4150 487 4203 numerat
509 4143 620 4203 Paulus
644 4149 706 4204 350
731 4162 822 4203 anuos
847 4163 940 4220 usqua
963 4144 1001 4204 ad
1024 4144 1199 4206 Samuelem.
1245 4148 1393 4207 Subtrahe
1420 4157 1461 4209 40
1486 4167 1573 4210 11111

216 4230 361 4291 Samuelis
384 4250 402 4291 a
426 4237 503 4303 397,
527 4238 740 4306 1111111351,
765 4232 903 4291 subtrahe
930 4239 944 4289 i
971 4250 1064 4291 annos
1088 4233 1391 4308 (1111111111Τ11111,
1418 4240 1469 4313 qui
1493 4237 1572 4297 colli·

215 4326 323 4394 guntur
345 4336 381 4379 ex
405 4318 485 4377 libris
501 4318 649 4390 ludicrum,
673 4328 782 4378 restant
800 4326 861 4378 350
886 4338 903 4376 1
926 4318 1071 4380 divisione
1094 4319 1132 4380 ad
1153 4324 1265 4381 initium
1281 4322 1432 4383 Samuelis
1450 4325 1570 4384 Paulini.

215 4406 295 4467 Male
319 4405 438 4482 quidam
456 4412 517 4466 450
541 4408 680 4466 scribunt.
723 4409 756 4480 3)
780 4405 932 4481 Colligitur
956 4406 1057 4466 cadem
1081 4425 1195 4467 summa
1218 4410 1419 4485 particulatim
1444 4430 1478 4471 ex
1495 4413 1571 4472 libris

215 4492 363 4553 Jndicum.
408 4493 483 4552 Nam
516 4496 544 4552 in
580 4492 694 4553 deserto
728 4494 796 4552 anni
821 4500 871 4553 40.
918 4493 979 4553 Sub
1006 4493 1116 4566 ι11111,
1147 4495 1242 4570 Juda,
1276 4496 1397 4557 Chusau
1432 4499 1572 4559 Risataim

216 4578 417 4641 1101111111
441 4583 617 4641 transierunt
641 4587 692 4639 40.
731 4580 792 4640 Sub
815 4579 882 4640 And
910 4587 964 4652 30,
988 4583 1042 4640 sub
1069 4583 1189 4643 Debora
1213 4590 1268 4658 40,
1291 4586 1347 4645 sub
1375 4585 1501 4647 Gedeon
1525 4594 1572 4659 40,

216 4667 272 4726 snb
296 4666 466 4728 Abimelech
492 4674 528 4742 3,
552 4668 607 4727 sub
632 4667 727 4726 Thola
752 4674 808 4742 23,
838 4667 1061 4744 subturae,
1090 4678 1194 4746 postea
1217 4673 1381 4732 servierunt
1403 4674 1572 4734 Philistaeis

216 4771 308 4817 anuos
326 4760 375 4831 18,
398 4762 466 4833 post
485 4756 631 4834 judicarit
653 4755 765 4834 Jephta
788 4762 925 4830 111116,
950 4757 1068 4817 Abesan
1094 4765 1122 4833 l,
1147 4757 1288 4834 1111110,
1312 4760 1424 4822 Abdon
1441 4769 1471 4838 8,
1494 4763 1572 4824 Sim·
