3284 5520
470 332 514 387 Ad
532 330 632 386 librum
651 331 685 385 11,
706 331 919 400 Anti-Trebonis
937 348 997 401 cap.
1016 332 1041 386 4.
1370 332 1434 400 175

74 526 183 587 posse,
220 516 255 569 ιιι
285 515 430 569 cometam
459 509 497 568 iis
522 507 725 569 tantummodo
754 508 909 571 rideamus
937 513 1107 585 momentis,
1142 510 1248 587 quibus
1271 519 1316 571 est
1338 514 1367 569 in
1389 512 1435 571 his

73 599 192 674 punctis
232 592 322 678 (puto
354 598 384 654 in
406 596 550 656 consimili
573 598 631 655 situ
653 595 846 658 revolutionis
870 598 1016 676 diurnae),
1050 598 1228 675 temporibus
1251 616 1321 657 vero
1343 601 1435 657 inter-

73 684 180 745 mediis
210 683 274 745 fieri
295 701 401 761 posse,
434 690 467 742 ιιι
487 683 651 759 parallaxin
675 685 818 759 patiatur,
852 703 927 761 quae
959 702 1013 744 nos
1041 685 1132 745 lateat
1165 688 1253 761 inque
1277 688 1358 745 sinus
1381 687 1436 746 bos

73 788 215 845 arcuum,
244 771 412 846 interjectos
435 773 656 873 interpuncta,
690 788 755 830 sese
778 772 883 846 abdat,
916 782 945 832 et
967 776 1010 832 sic
1032 775 1086 833 iter
1108 782 1239 833 cometae
1262 791 1320 831 non
1343 775 1382 832 sit
1405 777 1434 831 in

74 859 185 920 circuio
202 861 340 932 maximo,
364 861 499 962 quamvis
517 860 546 916 iu
562 860 665 935 paucis
681 857 794 935 aliquot
808 862 972 934 momentis,
997 860 1104 937 quibus
1121 862 1301 935 observatur,
1326 869 1434 985 puncta

74 946 212 1023 ejusdem
234 944 335 1007 circuli
357 949 476 1006 maximi
500 946 641 1005 obtineat

179 1040 233 1093 26.
268 1033 316 1092 Ad
345 1033 423 1093 hanc
453 1035 621 1092 instantiam
649 1035 692 1091 sic
723 1050 778 1109 ego
807 1032 979 1110 respondeo.
1037 1034 1167 1093 Primum
1195 1034 1248 1092 ilia
1275 1050 1333 1093 non
1363 1034 1434 1094 dicit

73 1138 137 1181 uon
159 1139 231 1195 carc,
253 1121 306 1182 sed
327 1139 412 1196 posse
432 1139 496 1181 non
518 1139 585 1179 csse.
631 1120 657 1178 A
677 1138 763 1196 posse
785 1137 854 1179 voro
876 1138 941 1180 nou
963 1139 1036 1195 coac,
1069 1121 1107 1180 ad
1130 1121 1266 1181 absolute
1288 1140 1352 1182 aon
1375 1140 1433 1180 care

73 1211 168 1267 minus
184 1210 326 1285 sequitur,
350 1226 441 1286 quam
461 1208 542 1285 apud
556 1207 726 1285 Tycbouem
742 1227 761 1266 a
774 1208 931 1284 probabile
945 1226 1003 1267 csse
1025 1208 1063 1269 ad
1078 1225 1144 1283 carc,
1168 1227 1219 1286 per
1235 1209 1291 1269 hoc
1314 1209 1433 1286 quidem

75 1304 294 1373 argumentum,
326 1299 355 1354 iu
379 1313 438 1372 quo
461 1313 538 1354 nuuc
560 1313 719 1355 versamur.
764 1295 822 1355 Sed
845 1297 990 1370 pressius3
1019 1299 1044 1355 si
1067 1296 1217 1373 Tycbonis
1239 1299 1432 1374 propositioni

73 1383 255 1461 relinquatur
285 1401 339 1442 sua
367 1386 426 1457 vis,
461 1384 559 1442 verbis
588 1400 787 1460 quaecunque
813 1382 875 1441 duo
901 1391 1020 1457 puncto
1048 1383 1197 1457 involuta,
1229 1400 1284 1442 nec
1316 1402 1352 1443 ea
1383 1387 1428 1443 vis

74 1487 226 1547 perperam
258 1470 451 1544 dissolvatur,
486 1472 579 1530 omnis
607 1472 665 1529 ista
687 1468 853 1528 sollicitudo
878 1471 955 1529 circa
978 1487 1062 1529 arcus
1085 1472 1291 1547 interpuncta
1313 1473 1431 1548 penitus

74 1557 255 1618 excludetur.
301 1559 397 1618 Datur
418 1560 496 1618 enim
520 1560 600 1634 optio
625 1556 832 1630 Claramontio,
856 1556 1020 1633 proferendi
1042 1564 1182 1634 punctum
1206 1560 1323 1617 unicum
1346 1575 1431 1619 arcus

74 1645 253 1720 intermedii,
288 1647 317 1703 in
340 1663 399 1723 quo
428 1652 545 1706 cometa
576 1647 613 1703 sit
636 1645 810 1704 observatus
833 1651 915 1703 ειιιε
938 1645 1092 1720 circulum,
1129 1662 1181 1721 per
1203 1653 1300 1705 cetera
1322 1655 1432 1723 puncta

74 1736 244 1792 maximum.
288 1733 380 1807 Nam,
415 1740 447 1792 ut
477 1733 550 1791 inira
580 1731 708 1803 dicetur,
741 1734 770 1789 in
799 1731 999 1810 parallaxibus
1033 1749 1133 1791 omues
1163 1734 1325 1810 promiscue
1356 1737 1431 1794 situs

74 1822 269 1897 pbaenomeni
298 1823 412 1881 ratione
440 1821 599 1879 horizontis
627 1828 657 1879 et
686 1821 804 1878 verticis
833 1819 1009 1878 observandi
1024 1819 1190 1896 diligentia
1217 1820 1367 1896 pervadit,
1401 1824 1430 1879 in

75 1925 172 1968 eorum
197 1917 296 1968 autem
317 1925 377 1968 uno
400 1908 501 1984 aliquo
524 1909 599 1965 intra
621 1906 650 1965 id
674 1918 797 1983 tempus,
821 1922 879 1981 quo
903 1914 1017 1966 cometa
1040 1906 1077 1966 de
1098 1915 1184 1967 nocte
1207 1925 1296 1984 supra
1310 1907 1431 1967 Terram

74 2005 236 2074 spectatur,
269 1997 343 2054 haec
372 1994 626 2073 parallacticarum
656 1994 813 2054 flexionum
842 1996 985 2067 varietas,
1018 1996 1043 2053 si
1067 2012 1126 2071 qua
1154 1995 1314 2071 parallaxis
1342 2004 1429 2070 esset,

76 2081 281 2159 conspicienda
315 2082 441 2142 deretur.
485 2081 546 2142 Sed
578 2098 637 2140 nou
664 2081 729 2156 'jum
763 2081 811 2139 hic
843 2080 879 2139 de
908 2081 1110 2156 parallaxibus
1141 2085 1271 2158 agimus,
1305 2085 1333 2140 in
1366 2082 1430 2143 sola

74 2169 280 2246 probabilitate
295 2178 456 2231 versantes.
495 2167 671 2246 Quantisper
687 2172 775 2244 igitur
791 2168 958 2243 exemplum
973 2168 1113 2228 dissimile
1130 2186 1189 2228 non
1205 2168 1300 2247 datur,
1316 2188 1430 2230 summa

75 2256 325 2317 verisimilitudine
349 2260 497 2335 pergimus
521 2255 651 2325 credere,
686 2262 829 2315 cometam
852 2273 867 2314 ε
890 2272 944 2314 sno
968 2258 1175 2315 maximenon
1201 2256 1357 2332 excedere,
1392 2275 1429 2317 ue

75 2347 159 2405 iniis
182 2344 303 2423 quidem
326 2361 427 2404 cursus
451 2347 497 2403 sui
520 2345 645 2420 punctis,
670 2345 699 2400 in
723 2343 829 2419 quibus
852 2360 870 2401 a
891 2344 1006 2403 nemine
1031 2353 1076 2402 εει
1099 2344 1281 2403 observatus.
1326 2342 1428 2403 Ornuis

74 2442 170 2492 autem
184 2441 419 2492 astronomorum
443 2433 622 2508 experientia
645 2429 681 2489 de
702 2433 817 2507 punctis
833 2438 887 2502 εει,
912 2432 1000 2489 ctiam
1024 2448 1090 2489 cum
1113 2431 1150 2489 de
1172 2431 1298 2507 planetis
1322 2435 1427 2507 agitur,

74 2536 231 2597 omnesque
246 2518 315 2579 iude
339 2519 481 2579 deductae
503 2521 769 2594 argumentationes
793 2519 851 2574 vim
875 2517 1075 2576 inductionum
1099 2518 1248 2594 obtinent3
1271 2536 1290 2576 a
1312 2522 1427 2596 punctis

72 2609 148 2667 euim
177 2618 240 2667 tam
268 2608 381 2680 multis,
415 2610 444 2665 in
472 2607 579 2682 quibus
607 2607 811 2677 observamus,
846 2603 954 2663 fidncia
983 2612 1070 2682 capta
1098 2607 1225 2664 notionis
1254 2606 1427 2667 universalis

72 2689 117 2774 [ut
146 2704 193 2755 εει
218 2694 299 2772 apud
322 2689 527 2775 Aristotelem)
555 2709 765 2770 provocamus,
799 2700 831 2750 ut
853 2690 994 2751 dissimile
1017 2692 1101 2752 detur
1124 2692 1298 2770 exemplum.
1344 2691 1426 2768 Quae

70 2782 293 2860 argumentandi
315 2784 390 2840 ratio
412 2783 437 2839 si
460 2796 518 2838 ιιοιι
541 2780 622 2838 valet
644 2782 672 2837 iu
696 2779 888 2862 astronomia,
907 2778 1018 2838 nullam
1041 2779 1183 2839 habemus
1206 2784 1425 2841 astronomiam.

174 2874 226 2928 27.
251 2867 362 2928 Ultima
384 2870 524 2927 instantia
546 2867 617 2925 lolio
644 2870 714 2927 119.
738 2884 774 2925 ει
797 2865 867 2924 lolio
893 2866 965 2927 107.
990 2876 1034 2925 εει
1056 2869 1128 2925 ista:
1153 2870 1177 2926 si
1200 2875 1314 2927 cometa
1337 2870 1425 2927 triurn

67 2960 247 3016 minutorum
277 2955 440 3034 parallaxin
468 2955 550 3028 lecit,
585 2972 643 3013 nou
673 2957 769 3031 potuit
798 2959 900 3013 exacte
931 2954 985 3012 snb
1014 2953 1117 3013 eodem
1140 2957 1267 3015 maximo
1291 2958 1425 3032 spectari,

66 3047 166 3123 posito
180 3042 260 3121 quod
283 3051 366 3103 motu
389 3059 458 3103 vero
479 3043 534 3102 sub
557 3045 684 3101 maximo
708 3043 866 3115 incesserit,
892 3040 983 3100 multo
1006 3043 1102 3101 minus
1124 3044 1187 3104 sine
1211 3059 1280 3103 vero
1303 3042 1422 3119 quidem

62 3141 148 3192 motu
170 3133 331 3192 maximum
354 3132 392 3189 sit
414 3132 516 3189 tuitus.

174 3221 225 3278 98.
259 3216 452 3299 Βεεροιιᾶεο,
486 3216 723 3294 probabilitatem
745 3213 907 3292 Tychonici
929 3218 1092 3290 argumenti
1115 3219 1176 3276 suis
1199 3219 1251 3274 niti
1275 3217 1424 3293 gradibus,

60 3309 108 3366 sic
134 3313 166 3365 ut
189 3305 225 3365 de
247 3306 333 3365 Luna
360 3304 460 3364 valeat
482 3304 684 3375 nihilomiuus,
719 3304 773 3361 etsi
796 3319 832 3361 ne
855 3302 902 3361 hic
925 3301 1042 3378 quidem
1066 3302 1201 3363 coelestis
1223 3305 1356 3381 planeta,
1392 3314 1424 3364 ut

58 3392 176 3453 diserte
206 3394 303 3452 iassus
331 3400 375 3451 εει
397 3391 517 3469 Tycha,
550 3391 638 3468 plane
661 3391 716 3448 sub
740 3387 844 3449 eodem
865 3392 994 3449 maximo
1018 3389 1151 3450 incedere
1176 3389 1327 3465 videatur,
1363 3398 1422 3450 tam

55 3490 187 3558 propter
215 3478 379 3557 parallariu
407 3481 479 3537 satis
509 3496 663 3554 magnam,
698 3495 785 3552 quarn
814 3486 932 3553 propter
955 3477 1028 3536 alias
1052 3495 1165 3537 causas.
1213 3476 1278 3553 Quo
1302 3480 1422 3555 propius

55 3571 155 3646 igitur
168 3569 288 3627 maximi
303 3565 402 3626 circuli
419 3568 564 3626 tramitem
583 3573 682 3625 manet
697 3574 819 3637 cometa,
844 3564 901 3623 hoc
916 3565 1010 3640 major
1025 3573 1069 3624 εει
1084 3565 1276 3641 probabilitas
1299 3575 1421 3626 naturae

53 3659 88 3714 in
108 3672 147 3714 eo
163 3654 306 3729 coelestis,
332 3662 361 3715 et
377 3655 401 3712 si
417 3656 557 3713 vicesima
571 3652 676 3711 saltem
699 3651 844 3727 particula
864 3651 1039 3711 deviationis
1065 3651 1175 3712 lunaris
1199 3653 1423 3728 deprehenditur

52 3741 208 3805 excedere
236 3749 331 3802 metas
359 3742 492 3815 maximi,
527 3740 622 3799 adbuc
644 3737 801 3815 vigecuplo
824 3738 1005 3815 probabilius
1027 3741 1057 3796 in
1085 3740 1168 3799 coelo
1192 3757 1256 3800 esso
1280 3740 1421 3814 credetur,

51 3847 157 3909 quam
179 3831 244 3907 ipsa
265 3829 359 3901 Luna,
382 3846 435 3906 per
456 3828 513 3886 hoe
536 3826 654 3902 quidem
677 3834 887 3902 argumentum.
926 3825 1036 3886 Eadem
1058 3826 1118 3886 iere
1140 3829 1292 3903 responsio
1316 3834 1361 3887 est
1383 3827 1420 3886 ad

50 3918 203 3979 crambes
217 3917 294 3976 bane
310 3915 431 3975 eandem
454 3914 525 3974 lolio
547 3917 616 3973 119.
640 3914 757 3973 interius
773 3921 926 3972 recoctam.
964 3913 1074 3972 Verum
1089 3916 1165 3973 enim
1186 3923 1239 3988 est,
1263 3917 1288 3973 si
1305 3924 1420 3975 cometa

49 4021 137 4066 vero
159 4011 241 4065 motu
256 4007 351 4079 tepuit
373 4005 492 4062 maximi
508 4004 650 4075 semitam,
674 4004 739 4060 viso
756 4007 836 4058 motu
858 4018 914 4059 uon
932 4002 1071 4074 tenuiss'e,
1094 4000 1239 4077 siquidem
1254 4001 1418 4078 parallaxin

48 4094 144 4153 feeit.
191 4092 231 4150 At
252 4093 356 4150 minori
378 4091 502 4166 ambage
526 4107 627 4149 verum
650 4095 695 4148 εει
718 4096 747 4148 ει
768 4087 858 4161 illud,
890 4091 914 4146 si
938 4090 1001 4147 viso
1024 4098 1105 4147 motu
1129 4089 1298 4165 designarat
1319 4107 1417 4149 arcuna

47 4181 194 4254 maximi,
217 4178 296 4256 quod
318 4178 446 4237 noudum
469 4178 608 4236 refutavit
630 4176 744 4253 Scipio,
768 4176 856 4234 etiam
879 4192 948 4234 vero
971 4184 1053 4235 motu
1076 4175 1258 4253 designasse,
1283 4180 1353 4253 quia
1375 4178 1419 4235 sic

47 4266 222 4347 parallaxis
244 4267 272 4325 ei
294 4265 432 4324 adimitur
453 4264 609 4324 sensibilis.

169 4356 219 4413 29.
249 4351 370 4412 Nullam
393 4352 609 4412 Claramontius
633 4353 725 4410 erexit
747 4351 930 4422 instantiam,
960 4367 1018 4425 qua
1040 4351 1217 4426 perfringere
1239 4356 1341 4426 posset
1362 4350 1420 4411 hoc

49 4442 212 4520 Tychouis
245 4439 513 4517 propugnaculum,
548 4445 689 4499 cometam
722 4438 776 4496 sub
807 4437 915 4496 circulo
947 4440 1075 4496 maximo
1105 4437 1209 4497 saltem
1238 4440 1302 4514 ipsa
1332 4438 1418 4498 Luna

51 4532 195 4591 exactius
225 4529 388 4587 incessisse.
435 4526 482 4585 Ad
511 4534 670 4586 extremum
699 4527 787 4601 igitur
810 4525 874 4600 ejus
896 4525 1109 4602 propugnaculi
1132 4524 1322 4585 fundamenta
1345 4542 1418 4585 con-

10 4671 16 4691 ,
51 4615 171 4689 vellere
192 4622 301 4689 tentat,
324 4632 436 4692 negans
460 4617 601 4674 rationem
625 4633 643 4671 a
665 4612 805 4689 Tycboue
829 4611 935 4671 dictam
960 4630 1024 4672 esse
1048 4630 1161 4686 veram,
1195 4629 1253 4671 non
1276 4614 1354 4673 onim
1376 4612 1414 4672 ad

50 4702 138 4765 idem
170 4703 324 4781 eclipticas
352 4709 492 4780 punctum
523 4718 623 4761 omnes
654 4702 721 4758 viae
750 4701 909 4759 cometicae
940 4707 1038 4776 partes
1070 4699 1259 4774 collineasse‚
1294 4699 1347 4760 sed
1376 4701 1417 4759 ita

51 4808 183 4870 negans,
207 4800 241 4852 ut
254 4791 485 4852 consulationem
507 4789 570 4866 ejus
585 4790 615 4846 in
638 4789 792 4864 sequentia
807 4786 930 4862 rejiciat.
969 4787 1089 4847 Interim
1104 4789 1188 4865 quasi
1207 4788 1270 4864 jam
1293 4788 1414 4850 subruto
