3284 5520
559 109 733 170 cenarum
750 66 1126 182 normamensmuua
1454 112 1519 181 439

262 285 315 343 ad
331 303 419 344 num.
439 289 465 343 5.
501 285 609 343 Tabula
627 285 816 342 ascensionum
834 292 971 343 rectarum
988 290 1053 345 etc.'
1066 287 1305 360 Rndolphiuarum
1324 291 1383 357 (etr.
1402 289 1453 346 vol.
1474 293 1521 348 vl,

158 382 184 431 p.
202 364 270 434 242)
294 364 331 420 ad
354 365 477 437 singulos
499 365 600 435 andus
625 372 783 436 computata
806 373 861 437 est,
885 367 1046 424 Bartschius
1070 382 1131 425 eam
1152 367 1189 425 ad
1207 366 1330 438 singulos
1353 367 1521 425 minutorum

158 443 277 501 demum
289 442 396 511 dilatat,
408 446 537 516 apposita
547 448 627 513 parto
636 443 844 515 proportionali,
856 444 971 514 siugulis
980 445 1093 502 minutis
1104 445 1296 517 respondente.
1316 444 1386 512 (Tol.
1396 446 1520 515 17-24.)

262 521 313 576 Ad
330 538 414 577 num.
432 524 458 580 6.
494 524 536 578 De
555 523 607 577 hac
624 521 720 577 tabula
738 521 889 591 (Rndolph.
908 539 937 592 p.
955 523 1003 593 25)
1028 522 1094 578 dicit
1111 526 1289 581 Bartsohius:
1315 524 1394 579 Hanc
1411 524 1448 579 ad
1465 525 1520 581 sin-

155 599 237 668 qulos
260 599 362 672 integri
385 602 545 671 quadrantis
568 599 670 671 podas
688 600 751 670 (alt.
769 601 852 671 poli),
879 601 908 655 in
932 601 1058 657 secundis
1084 602 1179 674 eham,
1203 611 1267 659 ante
1285 605 1339 659 hoc
1357 603 1520 658 decennium

155 679 244 734 multo
269 679 372 736 laboris
396 688 424 741 et
446 681 577 750 temporis
603 678 745 748 dispendio
763 680 929 748 Argentinae
947 681 1097 736 construxi.
1133 683 1178 737 Ex
1195 683 1249 738 ista
1266 698 1339 737 nunc
1357 681 1521 751 particulam

154 757 232 813 illam
249 758 356 813 interea
373 765 530 828 excerptam
548 758 649 828 addidi,
668 764 700 813 ut
717 759 741 813 si
759 758 821 826 quis
838 757 874 813 ad
892 773 959 814 suae
976 758 1153 816 habitationis
1165 762 1260 832 polum
1273 767 1301 816 et
1315 761 1369 816 cito
1383 767 1411 815 et
1423 767 1520 816 exacte

156 842 317 893 construere
334 836 401 892 velit
418 837 461 891 vel
478 837 587 894 tabulas
606 838 796 894 ascensionum
814 837 1000 908 obliquarum,
1025 838 1069 893 vel
1087 838 1227 895 domorum
1247 854 1281 893 ex
1299 839 1354 907 eis,
1372 838 1475 894 habeat
1491 839 1520 893 in

155 930 190 971 ea
207 932 264 970 non
281 915 417 972 mediocre
436 916 632 985 adjumentum.
668 913 743 986 (Fol.
761 915 889 985 25-28.)

261 994 293 1049 ln
311 994 482 1065 praelatione
500 994 662 1051 Barteohius
680 992 715 1048 de
731 992 827 1050 tabula
844 994 1033 1064 geographica,
1052 1009 1133 1066 quam
1146 992 1263 1051 diximus
1276 997 1342 1066 (vol.
1353 1001 1399 1054 vi.
1411 1016 1439 1064 p.
1453 995 1519 1066 628)

157 1071 192 1128 de
210 1072 387 1130 Asmonomia
403 1075 507 1130 Lunari
524 1082 553 1130 et
570 1075 605 1130 de
623 1072 736 1143 Kepleri
753 1079 840 1128 morte
857 1072 926 1128 haee
944 1071 1033 1131 affert.

262 1151 394 1223 Mappam
411 1152 504 1209 mundi
521 1151 711 1219 universalem,
730 1166 800 1221 qnae
818 1166 854 1206 ex
865 1151 1007 1221 Rndolphi
1019 1152 1184 1208 Tabularum
1201 1153 1351 1210 meridiano
1369 1155 1458 1210 medio
1477 1171 1518 1211 re·

156 1228 261 1298 liquam
274 1228 421 1287 Terrarum
434 1233 527 1287 orbem
545 1229 727 1300 geographiae
746 1228 853 1284 duobus
871 1228 1089 1298 hemisphaeriis,
1108 1231 1204 1288 charta
1221 1249 1283 1302 una,
1302 1250 1373 1290 nova
1390 1234 1518 1290 methodo

159 1306 297 1363 describat
315 1324 404 1378 exque
423 1309 572 1367 observatis
591 1311 763 1380 planetarum
781 1309 983 1385 pongressibus,
1002 1325 1063 1364 oum
1076 1320 1199 1368 correcto
1211 1312 1447 1383 Rudolphinarum
1460 1329 1477 1368 a
1489 1328 1519 1369 se

159 1387 344 1457 perfectarum
361 1397 390 1444 et
407 1388 539 1444 editarum
558 1389 662 1446 calculo
681 1388 802 1452 collatis,
824 1387 946 1443 locorum
968 1385 1153 1455 longitudines
1176 1390 1316 1446 verificare
1334 1392 1447 1463 doceat,
1466 1392 1517 1448 sub

159 1466 241 1523 tinem
259 1484 320 1538 cap.
336 1469 378 1525 td.
396 1466 454 1524 tab.
472 1486 502 1537 p.
513 1469 545 1523 41
561 1472 620 1536 (vol.
635 1470 677 1522 Vl.
693 1486 720 1534 p.
735 1470 795 1535 681)
814 1465 939 1534 promisit
955 1467 1180 1525 honoratissimus
1193 1486 1272 1526 socer
1283 1485 1361 1526 meus
1373 1472 1407 1525 D.
1422 1472 1517 1540 Kepp·

156 1544 245 1602 lerus:
263 1546 336 1601 hanc
354 1552 385 1601 ut
401 1546 436 1601 ob
454 1545 613 1602 diuturnum
631 1545 828 1615 chalcographi
844 1544 968 1599 morbum
986 1545 1019 1602 ad
1038 1546 1153 1602 multum
1165 1563 1252 1618 usque
1264 1557 1372 1619 tempus
1384 1549 1518 1618 intercep-

158 1632 229 1694 tam,
248 1624 401 1682 absolutam
419 1626 477 1682 lere
489 1625 599 1681 tandem
611 1623 713 1677 invenit
726 1621 835 1691 quidem
846 1621 1023 1693 Nonbergae,
1042 1640 1103 1680 cum
1115 1625 1293 1696 Ratisponam
1305 1628 1394 1682 iturus
1406 1642 1517 1682 snorum

157 1702 185 1759 in
201 1702 268 1759 aula
284 1702 384 1759 ibidem
403 1703 577 1775 imperatoria
593 1702 764 1773 negotiorum
783 1717 879 1770 causa,
897 1700 988 1756 isthuc
1007 1703 1150 1774 transiret,
1172 1721 1265 1760 verum
1282 1722 1334 1762 neo
1350 1705 1517 1763 hierarchae

157 1783 275 1838 Domino
292 1782 321 1838 in
339 1783 430 1839 Terris
448 1792 477 1839 et
494 1798 553 1853 sno,
573 1783 651 1851 eujus
670 1781 720 1837 sub
739 1780 790 1835 alis
803 1780 864 1850 ipsa
876 1781 975 1851 prodit,
995 1780 1093 1838 offerre
1105 1792 1328 1854 consummatam,
1346 1801 1397 1841 neo
1409 1785 1517 1841 literato

158 1859 215 1915 orbi
233 1860 269 1916 ob
286 1860 458 1917 immaturam
475 1867 590 1917 mortem
608 1859 738 1915 exhibere
758 1858 859 1913 editam
880 1859 970 1927 potuit
989 1860 1058 1929 ipse.
1094 1861 1271 1931 Ratisponam
1293 1864 1365 1918 enim
1384 1865 1517 1933 postridie

156 1937 218 1995 Kal.
230 1938 301 1997 Nos.
320 1941 440 2007 veniens,
457 1941 546 1995 minus
563 1938 648 1994 firmis
668 1936 769 1992 viribus
782 1936 903 2006 corporis
916 1944 944 1991 et
958 1938 1091 1994 diuturnis
1104 1939 1254 1995 studiorum
1267 1941 1364 2009 vigiliis
1377 1959 1516 1999 curarum·

158 2032 211 2085 que
228 2018 361 2074 molestiis
380 2028 409 2075 et
425 2020 524 2075 itinere
541 2018 623 2086 longo
642 2016 793 2087 defatigati,
811 2015 894 2084 paulo
912 2024 976 2085 post
993 2016 1088 2071 morbo
1106 2023 1186 2072 acuto
1204 2017 1356 2088 infestatus,
1376 2022 1433 2092 ⁸l„.
1446 2023 1516 2082 Nou.

157 2095 230 2152 circa
253 2097 394 2153 meridiem
420 2096 527 2167 placide
553 2097 662 2167 quidem
686 2102 715 2150 et
731 2094 811 2150 beate
828 2094 911 2150 vitam
929 2111 991 2150 oum
1008 2102 1097 2150 morta
1115 2097 1302 2151 commutavit:
1328 2106 1431 2166 quanto
1454 2116 1518 2154 oum

137 2187 269 2239 ,suorum
286 2174 364 2232 luctu
382 2183 410 2232 et
427 2175 542 2247 damno,
569 2191 625 2230 non
647 2189 760 2242 possum
778 2173 945 2242 exprimere,
973 2178 1076 2240 quanto
1094 2190 1155 2230 cnm
1172 2181 1388 2231 astronomorum
1406 2185 1434 2232 et
1451 2179 1517 2234 ami-

157 2267 251 2310 eorum
268 2254 413 2323 desiderio,
429 2253 555 2322 iudicent
572 2253 635 2322 ipsi.

264 2333 333 2389 Cum
350 2334 443 2403 itaque
461 2334 529 2390 miro
548 2333 667 2404 quodam
685 2330 861 2387 astronomici
878 2329 951 2400 genii
967 2329 1024 2386 fato
1043 2337 1072 2385 et
1088 2332 1240 2387 studiorum
1258 2340 1287 2388 et
1303 2334 1516 2405 propinquitatis

157 2411 280 2469 cretionis
298 2418 363 2470 ante
379 2416 454 2470 huno
471 2414 560 2483 ipsum
578 2428 679 2468 annum
696 2411 780 2466 initae
798 2411 912 2479 ratione,
931 2409 1035 2464 interea
1046 2426 1089 2465 me
1101 2411 1358 2481 typographicamm
1370 2430 1516 2484 operarum

157 2489 338 2561 inspectorem
355 2500 384 2548 et
401 2499 555 2550 curatorem
567 2491 669 2560 Sagani
686 2488 861 2557 relinqueret,
879 2488 992 2558 laetum,
1009 2495 1041 2543 ut
1057 2488 1118 2557 ipso
1136 2489 1176 2544 sic
1189 2491 1313 2561 jubente,
1331 2507 1375 2547 me
1392 2500 1515 2565 curante,

157 2578 267 2641 praeter
288 2572 397 2630 tabulas
420 2573 488 2628 istas
511 2577 540 2626 et
561 2569 702 2626 manuales
727 2566 945 2636 legarithmicas,
969 2582 1046 2622 meae
1064 2568 1149 2624 solius
1168 2584 1250 2624 curae
1267 2577 1295 2625 et
1312 2571 1423 2626 arbitrio
1443 2588 1514 2627 eom-

157 2650 267 2719 missas,
292 2650 435 2722 potissima
458 2668 493 2706 ex
516 2658 594 2720 parte
616 2649 815 2719 imprimeretur
836 2646 1018 2702 &coneraio
1040 2646 1128 2715 ipsius
1145 2648 1280 2718 Meam,
1306 2649 1391 2705 multo
1414 2649 1515 2707 abhinc

157 2733 281 2800 tempore
298 2738 432 2800 concepta
450 2730 568 2800 quidem,
585 2736 614 2786 et
631 2736 695 2785 anta
713 2727 817 2784 abitum
835 2725 870 2780 ab
888 2724 1004 2790 ipsomet
1021 2726 1161 2795 recognita
1180 2733 1208 2782 et
1225 2735 1313 2797 aucta,
1333 2745 1414 2797 quam
1427 2731 1461 2785 ob
1474 2730 1514 2784 iu·

155 2816 293 2865 unarum
311 2809 527 2878 speculationum
545 2808 687 2879 paradoxa
698 2805 843 2863 Somnium
860 2803 969 2858 vocavit
980 2803 1211 2875 Asumommum,
1230 2808 1258 2862 iu
1271 2823 1325 2877 qno
1338 2810 1420 2864 etiam
1432 2826 1513 2880 nunc,

154 2896 303 2959 antequam
320 2888 444 2945 finiretur
460 2894 563 2955 totum,
586 2892 662 2940 totus
687 2880 851 2938 obdormivit
866 2881 915 2936 Vir
937 2881 984 2937 ille
1002 2898 1134 2951 summus,
1158 2885 1316 2940 coelestium
1335 2888 1514 2956 speculationi

150 2962 279 3037 impense
302 2973 331 3022 et
354 2966 388 3021 ad
412 2965 572 3022 miraculum
594 2962 652 3017 lere
671 2959 787 3016 deditus.
824 2959 868 3013 lta
890 2976 956 3015 sane
974 2961 1129 3032 Kepplerus
1147 2964 1182 3019 ah
1208 2966 1317 3035 quantis
1337 2981 1371 3020 er
1389 2965 1514 3022 lucubra-

147 3044 277 3100 tionibus
294 3046 494 3101 mathematicis
513 3043 593 3099 editia
612 3041 779 3109 edendieque
798 3047 826 3094 et
842 3039 964 3109 physicis
982 3055 1048 3094 suae
1066 3045 1248 3099 astronomiae
1264 3043 1415 3114 planetaria
1427 3045 1513 3113 hypo-

145 3121 279 3179 thesibus
301 3123 442 3193 inopinata
467 3132 555 3178 morte
579 3122 723 3190 abreptus,
746 3124 836 3173 terrea
858 3118 938 3172 matri
955 3117 1078 3174 redditus
1096 3120 1148 3176 luit
1164 3123 1252 3193 pridie
1270 3124 1382 3192 deliquii
1399 3121 1513 3191 insignis

140 3197 265 3271 Lunae,
290 3202 370 3271 ouius
394 3202 586 3257 astronomiam
609 3200 705 3255 ultimo
725 3198 784 3268 iam
807 3195 1009 3267 speculabatur.
1046 3199 1089 3254 lta
1107 3215 1173 3255 sane
1191 3217 1247 3256 non
1264 3201 1380 3272 amplius
1399 3200 1512 3267 coelum,

141 3279 201 3335 aed
221 3284 324 3333 terram
341 3294 456 3349 corpore
474 3278 597 3348 metitur,
616 3284 648 3332 ut
666 3292 715 3331 suc
734 3276 786 3331 sibi
804 3293 821 3330 a
839 3292 868 3330 se
886 3276 975 3345 facto,
993 3277 1059 3332 mihi
1077 3278 1149 3335 dicto
1169 3280 1319 3350 epitaphio,
1338 3276 1513 3335 mortalitatis

139 3368 223 3413 suae
240 3372 343 3411 memor
359 3357 456 3426 paucis
475 3365 539 3413 ante
557 3356 696 3411 mensibus
713 3354 833 3411 inlaumo
851 3338 902 3410 nic
918 3355 956 3410 ibi
972 3356 1090 3424 cogitato
1110 3359 1198 3413 omine
1214 3360 1384 3429 praedixisse
1395 3356 1512 3414 videtur.

260 3435 333 3491 Huic
355 3451 421 3491 sane
443 3436 633 3491 mathematico
656 3433 878 3503 incomparabili,
903 3449 998 3489 socero
1018 3436 1204 3506 desiderabili,
1227 3436 1448 3493 desideratissimi
1466 3435 1512 3490 ad-

138 3512 252 3584 fectus,
270 3515 440 3584 gratissimae
458 3514 609 3571 devotionis
627 3513 811 3569 testimonium
827 3512 889 3580 hoc,
907 3512 971 3566 dum
984 3512 1058 3568 adad
1067 3514 1125 3583 jam
1136 3515 1275 3587 nonlicet,
1294 3516 1513 3573 lacrimabundus

138 3591 203 3649 hic
218 3593 309 3649 insero
327 3595 505 3666 epitaphium,
523 3594 614 3650 verbis
632 3592 741 3663 quidem
758 3592 834 3660 meis,
853 3607 914 3647 cum
932 3593 1017 3662 ipsius
1035 3609 1101 3648 vera
1115 3595 1172 3664 jam
1188 3612 1243 3651 non
1255 3604 1411 3667 suppetant,
1429 3611 1513 3652 sensu

143 3673 196 3741 (ai
211 3682 285 3731 recte
301 3675 443 3744 recordor)
461 3690 517 3732 non
534 3673 631 3743 alieno,
651 3670 724 3741 quod
742 3670 919 3740 sequentibus
936 3672 1111 3741 tetrastychis
1129 3672 1300 3743 obsignatum
1317 3675 1390 3732 uolo.

565 3821 840 3927 Kepplerus
869 3821 1102 3925 loquitur.

360 3970 478 4039 (loelos
499 3989 629 4037 mensus
653 3989 757 4053 eram,
778 3988 863 4035 nunc
885 3970 1006 4036 Terrae
1028 3970 1142 4036 metior
1163 3970 1292 4037 umbras
1297 3998 1310 4052 ,-

423 4059 513 4125 Mens
537 4057 686 4125 coelestis
709 4061 789 4141 erat,
812 4057 955 4143 corporis
977 4056 1090 4124 umbra
1106 4058 1206 4144 jacet.

470 4287 710 4358 thronosdchon
732 4288 843 4369 obitus,
866 4288 906 4355 ab
929 4288 1028 4356 aulea
1050 4288 1199 4372 scriptus:

431 4415 472 4475 Vt
492 4412 679 4491 Ratlspouac
700 4412 870 4490 KepLeer
892 4413 939 4473 aD
962 4420 1042 4473 astra
1064 4412 1232 4490 MlgraVIt,

509 4500 624 4562 Vranle
648 4500 770 4562 trIstam
791 4509 875 4578 patre
897 4500 967 4562 lLet
988 4502 1060 4562 orba
1081 4500 1154 4561 sVo.

757 4638 913 4653 waevwwvv
