3284 5520
213 313 279 383 802
726 311 769 367 Da
786 308 897 381 Origine
914 308 1053 369 dentium.

210 493 376 567 superiores
398 491 574 569 provincias,
598 496 631 551 at
654 491 683 548 in
704 488 779 549 libro
802 486 841 551 ΙΙ.
856 484 973 549 Maeeh.
989 490 1185 563 nominantur,
1209 489 1404 553 commodum
1417 493 1507 553 nohis
1517 495 1575 570 ism

211 578 326 652 oceidit,
349 588 382 639 ut
403 578 505 639 Madai
527 578 636 639 haheat
657 577 796 649 Mediam,
822 574 935 649 Aolsm,
958 575 1092 650 Semitas,
1107 577 1264 656 Elymaida
1284 596 1340 639 seu
1354 579 1483 641 Persida
1499 599 1577 643 eaur-

202 674 346 743 ·pastrem.
385 667 432 727 Ita
454 675 484 727 et
506 666 636 743 ldagogo
658 664 831 742 relinquitur
854 680 933 725 mara
956 664 1135 742 Hyrcanum,
1159 674 1189 727 et
1208 664 1331 727 Gomeri
1354 679 1469 744 pontus
1485 669 1574 729 Enni-

210 770 266 813 nus
288 771 354 813 enm
376 762 502 830 utroque
524 754 627 828 litore,
658 762 688 814 et
709 750 852 814 ldosoeho
880 759 971 828 atqua
993 752 1276 825 Thubali,isthmus
1300 757 1516 830 intermedius,
1544 767 1574 819 ut

212 840 329 901 Thubal
351 844 391 901 sit
413 842 564 902 iberorum
588 843 773 918 progenitor,
804 840 854 898 ubi
877 838 978 913 Titiis,
1011 857 1190 918 quamquem
1210 842 1273 917 jam
1296 841 1336 901 ad
1362 843 1528 904 Albaniam
1548 858 1574 905 et

211 928 341 988 Mediam
369 932 534 1005 pertinens,
565 928 689 989 Mosoolr
719 946 788 988 raro
811 926 921 987 habeat
942 935 973 986 et
995 936 1064 987 ante
1086 946 1118 989 se
1141 937 1256 990 montes
1278 928 1456 991 Moschieos
1480 931 1573 992 dirtos

211 1008 313 1076 versus
341 1016 518 1077 Armeniam.
536 1026 567 1077 et
592 1017 716 1077 ulterius
747 1013 952 1075 dioschoriam
980 1014 1163 1079 hodiernam.
1207 1017 1260 1079 Sia
1280 1018 1373 1079 etiarn
1400 1019 1572 1093 Aseenasio,

212 1102 390 1175 Gomeritae,
404 1123 560 1181 possumus
583 1107 741 1165 Ascanium
756 1100 891 1173 Troadis,
915 1110 944 1161 et
958 1100 1143 1179 Thogormae
1162 1103 1320 1165 Tauricam
1335 1105 1574 1167 Chersonnesnm

211 1191 291 1264 dare,
315 1192 429 1253 ntideo
448 1193 572 1269 „domus
585 1193 792 1270 Thogormaa“
810 1191 986 1265 nominetur,
1008 1192 1080 1267 quia
1093 1192 1248 1269 peninsula
1263 1204 1311 1253 est
1325 1204 1458 1271 angusto
1475 1194 1572 1274 aditu,

210 1289 244 1339 nt
267 1281 309 1338 sie
333 1282 419 1339 etiam
444 1282 579 1340 omnibus
602 1297 755 1341 commune
778 1277 960 1337 Cimbrorum
984 1295 1101 1353 nornen,
1125 1288 1155 1339 et
1178 1280 1325 1341 Cimbrica
1349 1281 1574 1343 Chersonnesos

212 1375 242 1427 et
264 1367 435 1444 Bosphorus
459 1369 648 1428 Cimmeriens
671 1366 710 1426 sd
733 1366 889 1427 Gomerem
911 1367 1065 1441 pertineat
1104 1366 1151 1427 Ita
1173 1366 1286 1444 Riphat
1308 1372 1421 1446 poterit
1443 1370 1516 1429 litus
1537 1370 1588 1429 ad·

211 1453 361 1531 Hypanim
385 1464 416 1516 et
436 1455 543 1516 Istrum
567 1457 705 1528 nancisei,
729 1463 762 1514 ut
784 1452 852 1512 inda
876 1452 1026 1528 Riphaeos
1049 1455 1186 1515 emiserit
1223 1456 1270 1515 lta
1286 1455 1376 1515 Tiras
1391 1456 1572 1534 Propontide

211 1541 316 1603 habuit
339 1550 369 1603 et
393 1543 490 1603 vicina
508 1542 631 1621 Lydiae,
656 1542 732 1602 unda
755 1542 878 1618 proleeti
902 1539 1045 1617 Tyrrheni
1067 1558 1122 1601 seu
1143 1541 1288 1619 Thyrseni
1312 1542 1483 1619 Herodoto,
1508 1547 1570 1621 qui·

209 1630 264 1689 bas
288 1647 395 1691 nomen
409 1649 429 1690 a
443 1631 558 1709 Thyras
567 1676 577 1709 ,
599 1630 699 1691 Jaran
724 1646 793 1689 vero
816 1645 882 1687 eum
897 1645 1053 1687 numerosa
1068 1628 1172 1689 sobole
1187 1631 1292 1691 Asiam
1307 1631 1468 1709 reliquam,
1492 1634 1568 1693 Elisa

210 1716 373 1791 Aeolidem,
396 1719 494 1790 Ilium,
519 1721 569 1795 qui
592 1726 621 1777 et
644 1716 761 1777 Elidem
784 1714 926 1787 Graeciae
943 1723 972 1775 at
986 1714 1123 1777 Hellines
1144 1717 1260 1791 condat,
1284 1718 1413 1779 Tharais
1428 1720 1568 1793 Ciliciam,

209 1804 432 1883 Pamphyliam,
464 1805 571 1865 Chitim
595 1805 731 1883 Lyciam,
761 1803 907 1863 Dodanim
932 1802 1065 1876 Cariam,
1095 1812 1128 1862 ut
1150 1821 1186 1865 ex
1211 1806 1303 1883 Lycia
1326 1806 1449 1880 Sicilia,
1474 1807 1566 1881 ltalia,

208 1890 394 1966 Macedonia,
420 1893 515 1966 Creta,
538 1895 613 1952 lorta
636 1899 665 1951 et
688 1892 810 1970 Cyprus,
834 1907 870 1951 ex
895 1889 982 1949 Caria
996 1889 1220 1969 Peloponnesus
1244 1902 1273 1953 et
1287 1893 1396 1955 Danas
1419 1904 1452 1956 et
1465 1894 1566 1956 Dodo·

208 1982 275 2040 nasi
299 1980 433 2040 coloniae
455 1980 562 2039 tuerint
584 1978 736 2039 deductae.

313 2066 512 2127 Chamitarum
534 2085 597 2127 sors
620 2074 719 2126 manet
737 2073 881 2137 utentes,
906 2063 1025 2124 Canaan
1042 2084 1060 2123 a
1075 2064 1185 2127 Sidone
1200 2083 1296 2143 usque
1312 2065 1430 2129 Gazam
1444 2069 1566 2146 replerit
1584 2098 1587 2103 ·

208 2151 371 2228 Judaeam,
393 2154 526 2215 Misraim
548 2172 567 2214 a
590 2153 674 2214 Gaas
696 2170 789 2229 usque
812 2151 850 2214 ad
872 2151 971 2211 Nilum
994 2154 1115 2212 sortitus
1138 2160 1195 2225 est,
1227 2154 1308 2213 Chus
1330 2174 1414 2217 mare
1436 2160 1561 2231 rubrum,

209 2240 247 2300 ad
263 2240 354 2317 Sues3
377 2241 477 2303 Phuth
500 2245 529 2301 in
552 2241 649 2302 medio
672 2242 879 2316 relinquemus,
901 2256 971 2300 num
993 2239 1075 2299 illum
1098 2239 1136 2299 ad
1159 2240 1285 2319 Joseplri
1308 2243 1453 2305 indieium
1476 2264 1564 2322 nsque

207 2330 238 2387 in
260 2328 467 2389 Mauritaniam
496 2329 622 2390 velimus
650 2329 770 2403 ejieere,
801 2346 839 2387 an
867 2330 894 2386 ei
920 2326 992 2386 litus
1014 2329 1103 2387 maris
1125 2328 1205 2387 rnhri
1227 2328 1386 2391 oeeidnum
1409 2331 1498 2406 dare,
1529 2352 1563 2393 sn

207 2415 427 2478 mediterranea.
466 2417 541 2478 Nem
565 2417 678 2477 Arabia
700 2414 819 2492 quidem
841 2414 940 2474 Chuso
964 2413 1087 2476 debetur
1105 2414 1183 2476 ultra
1204 2433 1285 2476 mare
1308 2419 1440 2493 rubrum,
1465 2429 1562 2496 estque

207 2502 365 2563 hodiedum
395 2505 470 2565 Sues
498 2507 591 2582 prima
619 2505 688 2563 urbs
718 2505 862 2575 Arabiae,
896 2500 1057 2580 Aethiopia
1084 2520 1155 2563 vero
1186 2506 1259 2565 eitra
1287 2506 1409 2565 rubrum
1439 2507 1564 2585 planes

208 2589 307 2650 cnuso
335 2608 441 2652 nomen
468 2592 566 2652 habet.
612 2591 823 2667 Relinqnemus
853 2589 1000 2668 Chusitls,
1030 2588 1127 2650 Sabae
1158 2589 1277 2667 quidem
1300 2591 1413 2653 Sabam
1437 2595 1563 2674 Africae,

207 2676 336 2738 Herilas
360 2679 429 2739 litus
450 2679 561 2740 Persici
584 2681 681 2754 maris,
705 2678 876 2738 Sabbatbse
898 2687 928 2736 st
942 2678 1101 2738 Sabetmaa
1124 2678 1195 2738 litus
1217 2678 1411 2742 meridionale
1427 2682 1563 2755 Arabiae,

207 2763 335 2825 Reernm
358 2784 424 2826 enm
446 2766 515 2826 filiis
539 2766 619 2827 Saba
641 2774 671 2825 et
693 2765 798 2825 Dedan
829 2764 900 2824 litus
931 2766 1019 2824 maris
1052 2766 1132 2825 rubri
1156 2765 1331 2840 Arabicum,
1364 2785 1424 2829 non
1448 2769 1564 2846 quidem

208 2862 326 2930 propter
342 2854 435 2927 Adon,
459 2854 537 2929 quod
563 2853 664 2913 dieunt
685 2870 750 2913 esse
767 2851 848 2912 lidan
870 2851 995 2922 hortum,
1019 2852 1072 2911 sed
1095 2863 1128 2912 ut
1141 2855 1284 2929 negotiari
1300 2858 1417 2933 possint
1438 2856 1563 2918 adSues

208 2947 237 2999 et
260 2940 380 3018 Tyrum,
403 2940 514 3001 Herila
537 2944 565 2999 in
581 2940 695 3000 Indiam
719 2948 748 2999 et
772 2939 932 3000 Persidem.
969 2937 1166 2999 Ethlisraimi
1190 2940 1250 3000 lilio
1273 2940 1382 3002 Ludim
1398 2943 1563 3021 Cyrenaeor

87 3038 94 3057 ·
207 3028 253 3087 vel
269 3028 383 3088 Nubios
407 3028 544 3103 dederim,
569 3030 619 3104 qui
635 3029 761 3087 navibus
784 3027 855 3087 olim
876 3028 905 3084 in
922 3026 1047 3103 Lydiam
1063 3027 1154 3087 Asiae
1176 3030 1376 3105 transiverint,
1399 3030 1563 3091 Pethrnsim

206 3114 321 3188 Pntros,
346 3119 374 3173 in
400 3116 542 3193 propheta
564 3124 664 3174 notam
687 3117 797 3188 urbem,
821 3116 957 3173 Anamim
980 3113 1132 3186 Numidas,
1155 3113 1302 3175 hababim
1316 3116 1443 3195 Lybios,
1467 3120 1564 3197 Neph-

206 3201 320 3261 thuhim
336 3204 463 3265 Nubiam
488 3203 535 3263 vel
559 3206 646 3263 etiarn
667 3203 818 3276 Punicam,
843 3211 872 3262 et
886 3202 1054 3277 Neptunum
1071 3201 1221 3276 Italorum,
1245 3202 1401 3264 Chasluim
1415 3208 1492 3267 torte
1509 3206 1564 3267 Ge·

207 3290 285 3348 tulos
309 3299 361 3350 aut
378 3293 514 3368 Aegypto
538 3295 698 3368 propiores,
722 3298 754 3349 ut
777 3290 840 3365 ejus
861 3290 969 3365 posteri
986 3289 1178 3366 caphthorim
1194 3289 1319 3366 Coptam
1334 3294 1563 3367 aedificaverint,

205 3376 351 3437 Philistim
369 3379 567 3439 Palaestinam
590 3381 666 3438 eirea
687 3377 808 3451 Gazam,
835 3380 988 3436 terminum
1012 3380 1061 3435 avi
1082 3376 1224 3437 Misraimi
1247 3378 1444 3454 possederint
1470 3383 1564 3443 Cana·

206 3467 271 3524 anls
294 3465 346 3523 filii
365 3465 455 3526 Sidon
480 3467 619 3526 Sidonem
642 3466 829 3537 Phoenicius,
853 3463 934 3523 Hetlr
957 3473 1105 3538 montana,
1130 3463 1207 3525 unde
1230 3466 1360 3527 Abraam
1386 3468 1565 3547 sepulturam

206 3554 285 3624 emit,
310 3551 405 3612 Jebus
421 3552 567 3613 Judaeum
581 3597 587 3625 ,
614 3552 789 3625 Jerusalem,
813 3552 968 3611 Amorrhai
983 3561 1123 3611 montana
1139 3553 1306 3625 idumaeae,
1327 3552 1458 3631 Gorgasi
1473 3562 1565 3617 vicina

205 3638 335 3699 Arabiae
357 3648 437 3700 trans
461 3640 661 3712 Genesareth,
696 3643 845 3699 nominata
868 3642 896 3696 in
921 3639 1099 3715 Evangelio,
1131 3638 1210 3699 Heri
1233 3641 1463 3718 Asphaltidem,
1494 3647 1564 3703 Ara-

207 3742 258 3784 ens
275 3772 282 3785 .
299 3773 305 3785 .
324 3772 330 3785 .
349 3769 366 3800 .,
384 3726 472 3786 Sinus
488 3728 569 3786 Sinai
586 3735 714 3787 montom
730 3728 858 3787 Arabiae
873 3727 1024 3800 Petraeae,
1035 3726 1147 3803 'Arrad
1162 3727 1264 3789 Sidoni
1282 3730 1412 3789 vicinam
1428 3733 1563 3804 insulam,

210 3811 344 3873 Samarai
367 3814 468 3875 Samen
490 3824 617 3874 montem
641 3824 670 3875 et
692 3814 862 3888 Samarites,
887 3814 1027 3873 Hamathi
1050 3822 1154 3873 terram
1177 3813 1307 3875 Hemoth
1331 3816 1504 3879 habuerint.

311 3894 449 3974 Semitas,
466 3903 551 3961 Elam
574 3903 731 3980 Elymaeos
746 3920 799 3961 seu
813 3903 928 3974 Persas,
952 3901 1106 3983 Medorum
1129 3911 1333 3962 montanorum
1359 3910 1564 3977 conterminos,

205 3987 298 4045 Assur
321 3989 475 4067 Assyrios,
508 3990 666 4065 Arplraxad
690 3990 870 4063 Chaldaeos,
900 3989 976 4048 ultra
998 3989 1174 4067 Euphratem
1202 3999 1232 4049 et
1255 3990 1376 4066 Tigrin,
1410 3992 1479 4053 Lud
1511 4011 1563 4053 non

205 4073 321 4150 Lydos,
346 4080 401 4136 nisi
424 4081 450 4136 si
473 4078 543 4136 olim
566 4079 585 4134 ii
609 4080 795 4137 transiverint
817 4077 934 4154 Helym,
958 4075 1009 4136 sed
1033 4119 1147 4150 .....
1171 4078 1260 4137 Aram
1284 4095 1355 4138 raro
1380 4078 1476 4158 Syros
1499 4099 1566 4142 eon-

204 4159 325 4235 diderit,
354 4181 410 4223 non
436 4166 596 4238 Armenos;
628 4182 695 4224 nam
720 4167 896 4227 Aramitiese
925 4165 1041 4240 linguae
1069 4163 1228 4224 hodiedum
1257 4164 1395 4225 dicuntur
1425 4176 1458 4229 et
1480 4169 1566 4229 Aram

203 4265 255 4324 pro
280 4249 365 4326 Syria
387 4269 501 4329 semper
523 4261 689 4328 usurpatur.
728 4253 774 4313 lta
796 4252 881 4312 Hnso
904 4270 955 4311 seu
981 4253 1062 4311 Auso
1086 4254 1166 4328 regio
1186 4253 1370 4314 aDamsseo
1386 4260 1417 4315 et
1443 4254 1565 4317 Galiaeo

202 4352 296 4411 usque
320 4338 357 4397 ad
381 4340 560 4415 Euphratem
583 4339 669 4419 cedit,
692 4339 769 4413 Hul,
793 4340 872 4418 Haly
897 4342 995 4399 vieina
1017 4339 1127 4401 haheat
1149 4338 1371 4416 Cappadociam
1393 4351 1449 4403 aut
1473 4343 1565 4404 Cona-

201 4426 294 4498 griam
317 4433 369 4486 ant
383 4426 535 4503 Edessam,
560 4427 671 4488 Gether
695 4430 791 4487 aleina
808 4426 900 4487 Othro
924 4429 1011 4501 amni,
1036 4427 1104 4487 Mas
1128 4428 1269 4489 orientale
1291 4427 1363 4489 litus
1378 4429 1419 4490 ad
1434 4431 1566 4510 Eupina·

201 4516 283 4675 Q
296 4520 328 4570 nt
343 4515 564 4660 §ammoniam
608 4515 684 4576 Nam
708 4515 823 4576 videtur
845 4515 922 4576 idem
945 4514 1030 4589 Mas,
1053 4517 1105 4591 qui
1130 4513 1206 4578 Gen.
1232 4522 1281 4590 10,
1306 4522 1348 4579 80
1373 4523 1517 4581 terminus
1537 4518 1566 4579 tir

210 4658 215 4667 ,
285 4618 341 4662 aaa
363 4620 414 4662 ers.

731 4794 1043 4808 ——-—--—-——·
