<?xml version="1.0" encoding="UTF-8"?>
<!DOCTYPE html PUBLIC "-//W3C//DTD XHTML 1.0 Transitional//EN"
    "http://www.w3.org/TR/xhtml1/DTD/xhtml1-transitional.dtd">
<html xmlns="http://www.w3.org/1999/xhtml" xml:lang="en" lang="en">
 <head>
  <title>
</title>
<meta http-equiv="Content-Type" content="text/html;charset=utf-8" />
  <meta name='ocr-system' content='tesseract 3.04.00' />
  <meta name='ocr-capabilities' content='ocr_page ocr_carea ocr_par ocr_line ocrx_word'/>
</head>
<body>
  <div class='ocr_page' id='page_1' title='image "./joanniskepleria07frisgoog/joanniskepleria07frisgoog_0825.png"; bbox 0 0 3284 5520; ppageno 0'>
   <div class='ocr_carea' id='block_1_1' title="bbox 144 364 1144 441">
    <p class='ocr_par' dir='ltr' id='par_1_1' title="bbox 144 364 1144 441">
     <span class='ocr_line' id='line_1_1' title="bbox 144 364 1144 441; baseline 0 -18"><span class='ocrx_word' id='word_1_1' title='bbox 144 372 209 441; x_wconf 77' lang='lat' dir='ltr'><strong>80ss</strong></span> <span class='ocrx_word' id='word_1_2' title='bbox 492 368 535 425; x_wconf 84' lang='lat' dir='ltr'><strong>De</strong></span> <span class='ocrx_word' id='word_1_3' title='bbox 552 369 726 437; x_wconf 82' lang='lat' dir='ltr'><strong>septuaginta</strong></span> <span class='ocrx_word' id='word_1_4' title='bbox 742 364 962 425; x_wconf 69' lang='lat' dir='ltr'><strong>hebdomadibus</strong></span> <span class='ocrx_word' id='word_1_5' title='bbox 977 366 1008 421; x_wconf 82' lang='lat' dir='ltr'><strong>ia</strong></span> <span class='ocrx_word' id='word_1_6' title='bbox 1021 364 1144 424; x_wconf 72' lang='lat' dir='ltr'><strong>nomae</strong></span> 
     </span>
    </p>
   </div>
   <div class='ocr_carea' id='block_1_2' title="bbox 144 542 1499 713">
    <p class='ocr_par' dir='ltr' id='par_1_2' title="bbox 144 542 1499 713">
     <span class='ocr_line' id='line_1_2' title="bbox 144 542 1498 627; baseline -0.002 -20"><span class='ocrx_word' id='word_1_7' title='bbox 144 548 244 627; x_wconf 91' lang='lat' dir='ltr'><strong>populi</strong></span> <span class='ocrx_word' id='word_1_8' title='bbox 267 546 319 607; x_wconf 86' lang='lat' dir='ltr'><strong>irat</strong></span> <span class='ocrx_word' id='word_1_9' title='bbox 340 551 465 619; x_wconf 89' lang='lat' dir='ltr'><strong>montio,</strong></span> <span class='ocrx_word' id='word_1_10' title='bbox 500 548 696 606; x_wconf 85' lang='lat' dir='ltr'><strong>verisimiliter</strong></span> <span class='ocrx_word' id='word_1_11' title='bbox 717 548 807 623; x_wconf 85' lang='lat' dir='ltr'><strong>igitur</strong></span> <span class='ocrx_word' id='word_1_12' title='bbox 830 544 937 607; x_wconf 83' lang='lat' dir='ltr'><strong>dixisse</strong></span> <span class='ocrx_word' id='word_1_13' title='bbox 960 542 1210 621; x_wconf 83' lang='lat' dir='ltr'><strong>Xenophontem,</strong></span> <span class='ocrx_word' id='word_1_14' title='bbox 1242 547 1298 622; x_wconf 87' lang='lat' dir='ltr'><strong>qui</strong></span> <span class='ocrx_word' id='word_1_15' title='bbox 1320 542 1400 605; x_wconf 87' lang='lat' dir='ltr'><strong>duos</strong></span> <span class='ocrx_word' id='word_1_16' title='bbox 1422 560 1498 621; x_wconf 78' lang='lat' dir='ltr'><strong>regar</strong></span> 
     </span>
     <span class='ocr_line' id='line_1_3' title="bbox 145 632 1499 713; baseline -0.001 -16"><span class='ocrx_word' id='word_1_17' title='bbox 145 638 284 697; x_wconf 90' lang='lat' dir='ltr'><strong>exercitui</strong></span> <span class='ocrx_word' id='word_1_18' title='bbox 308 634 349 692; x_wconf 90' lang='lat' dir='ltr'><strong>illi</strong></span> <span class='ocrx_word' id='word_1_19' title='bbox 374 636 476 693; x_wconf 84' lang='lat' dir='ltr'><strong>victori</strong></span> <span class='ocrx_word' id='word_1_20' title='bbox 499 634 657 710; x_wconf 86' lang='lat' dir='ltr'><strong>praeliciat,</strong></span> <span class='ocrx_word' id='word_1_21' title='bbox 682 636 843 713; x_wconf 78' lang='lat' dir='ltr'><strong>Cyomrem</strong></span> <span class='ocrx_word' id='word_1_22' title='bbox 866 632 986 693; x_wconf 90' lang='lat' dir='ltr'><strong>Medum</strong></span> <span class='ocrx_word' id='word_1_23' title='bbox 1009 642 1039 691; x_wconf 91' lang='lat' dir='ltr'><strong>et</strong></span> <span class='ocrx_word' id='word_1_24' title='bbox 1059 632 1171 710; x_wconf 84' lang='lat' dir='ltr'><strong>Cyrum</strong></span> <span class='ocrx_word' id='word_1_25' title='bbox 1193 632 1331 693; x_wconf 70' lang='lat' dir='ltr'><strong>Persam.</strong></span> <span class='ocrx_word' id='word_1_26' title='bbox 1372 634 1499 695; x_wconf 81' lang='lat' dir='ltr'><strong>Accessit</strong></span> 
     </span>
    </p>
   </div>
   <div class='ocr_carea' id='block_1_3' title="bbox 131 718 1501 2543">
    <p class='ocr_par' dir='ltr' id='par_1_3' title="bbox 131 718 1501 2543">
     <span class='ocr_line' id='line_1_4' title="bbox 146 718 1499 799; baseline -0.003 -16"><span class='ocrx_word' id='word_1_27' title='bbox 146 725 271 798; x_wconf 83' lang='lat' dir='ltr'><strong>denique</strong></span> <span class='ocrx_word' id='word_1_28' title='bbox 295 722 350 781; x_wconf 86' lang='lat' dir='ltr'><strong>lrue</strong></span> <span class='ocrx_word' id='word_1_29' title='bbox 374 726 485 781; x_wconf 91' lang='lat' dir='ltr'><strong>initium</strong></span> <span class='ocrx_word' id='word_1_30' title='bbox 510 740 574 799; x_wconf 89' lang='lat' dir='ltr'><strong>cap.</strong></span> <span class='ocrx_word' id='word_1_31' title='bbox 591 724 619 779; x_wconf 87' lang='grc'><strong>9.</strong></span> <span class='ocrx_word' id='word_1_32' title='bbox 644 720 786 793; x_wconf 88' lang='lat' dir='ltr'><strong>Danielis,</strong></span> <span class='ocrx_word' id='word_1_33' title='bbox 809 723 861 780; x_wconf 93' lang='lat' dir='ltr'><strong>ubi</strong></span> <span class='ocrx_word' id='word_1_34' title='bbox 878 720 982 779; x_wconf 79' lang='lat' dir='ltr'><strong>Daniel</strong></span> <span class='ocrx_word' id='word_1_35' title='bbox 1006 718 1121 778; x_wconf 84' lang='lat' dir='ltr'><strong>videtur</strong></span> <span class='ocrx_word' id='word_1_36' title='bbox 1143 738 1220 796; x_wconf 88' lang='lat' dir='ltr'><strong>pene</strong></span> <span class='ocrx_word' id='word_1_37' title='bbox 1239 722 1286 779; x_wconf 87' lang='lat' dir='ltr'><strong>ita</strong></span> <span class='ocrx_word' id='word_1_38' title='bbox 1300 720 1397 797; x_wconf 86' lang='lat' dir='ltr'><strong>loqui,</strong></span> <span class='ocrx_word' id='word_1_39' title='bbox 1419 724 1499 796; x_wconf 78' lang='lat' dir='ltr'><strong>qussi</strong></span> 
     </span>
     <span class='ocr_line' id='line_1_5' title="bbox 144 806 1498 886; baseline -0.004 -15"><span class='ocrx_word' id='word_1_40' title='bbox 144 828 180 871; x_wconf 88' lang='lat' dir='ltr'><strong>eo</strong></span> <span class='ocrx_word' id='word_1_41' title='bbox 212 814 274 886; x_wconf 92' lang='lat' dir='ltr'><strong>ipso</strong></span> <span class='ocrx_word' id='word_1_42' title='bbox 306 812 398 885; x_wconf 91' lang='lat' dir='ltr'><strong>primo</strong></span> <span class='ocrx_word' id='word_1_43' title='bbox 429 812 496 867; x_wconf 82' lang='lat' dir='ltr'><strong>anni</strong></span> <span class='ocrx_word' id='word_1_44' title='bbox 526 810 607 867; x_wconf 88' lang='lat' dir='ltr'><strong>Darii</strong></span> <span class='ocrx_word' id='word_1_45' title='bbox 633 814 678 867; x_wconf 78' lang='grc'><strong>’10-</strong></span> <span class='ocrx_word' id='word_1_46' title='bbox 695 811 765 867; x_wconf 89' lang='lat' dir='ltr'><strong>amri</strong></span> <span class='ocrx_word' id='word_1_47' title='bbox 794 810 974 885; x_wconf 83' lang='lat' dir='ltr'><strong>captivitatis</strong></span> <span class='ocrx_word' id='word_1_48' title='bbox 1001 806 1160 867; x_wconf 81' lang='lat' dir='ltr'><strong>linirentur.</strong></span> <span class='ocrx_word' id='word_1_49' title='bbox 1205 808 1303 867; x_wconf 74' lang='lat' dir='ltr'><strong>Finita·</strong></span> <span class='ocrx_word' id='word_1_50' title='bbox 1335 825 1411 869; x_wconf 79' lang='lat' dir='ltr'><strong>vero</strong></span> <span class='ocrx_word' id='word_1_51' title='bbox 1439 818 1498 866; x_wconf 86' lang='lat' dir='ltr'><strong>suot</strong></span> 
     </span>
     <span class='ocr_line' id='line_1_6' title="bbox 143 894 1500 973; baseline -0.001 -16"><span class='ocrx_word' id='word_1_52' title='bbox 143 901 233 957; x_wconf 86' lang='lat' dir='ltr'><strong>etiarn</strong></span> <span class='ocrx_word' id='word_1_53' title='bbox 256 914 333 956; x_wconf 92' lang='lat' dir='ltr'><strong>anno</strong></span> <span class='ocrx_word' id='word_1_54' title='bbox 351 906 377 955; x_wconf 99' lang='grc'><strong>1.</strong></span> <span class='ocrx_word' id='word_1_55' title='bbox 401 896 485 973; x_wconf 81' lang='lat' dir='ltr'><strong>Cyri:</strong></span> <span class='ocrx_word' id='word_1_56' title='bbox 510 914 579 972; x_wconf 88' lang='lat' dir='ltr'><strong>ergo</strong></span> <span class='ocrx_word' id='word_1_57' title='bbox 598 897 681 954; x_wconf 84' lang='lat' dir='ltr'><strong>Darii</strong></span> <span class='ocrx_word' id='word_1_58' title='bbox 703 895 814 973; x_wconf 84' lang='lat' dir='ltr'><strong>etCyri</strong></span> <span class='ocrx_word' id='word_1_59' title='bbox 838 894 914 955; x_wconf 89' lang='lat' dir='ltr'><strong>idem</strong></span> <span class='ocrx_word' id='word_1_60' title='bbox 938 896 1061 967; x_wconf 91' lang='lat' dir='ltr'><strong>initium,</strong></span> <span class='ocrx_word' id='word_1_61' title='bbox 1084 894 1162 971; x_wconf 88' lang='lat' dir='ltr'><strong>qrrod</strong></span> <span class='ocrx_word' id='word_1_62' title='bbox 1184 898 1307 955; x_wconf 85' lang='lat' dir='ltr'><strong>nonnisi</strong></span> <span class='ocrx_word' id='word_1_63' title='bbox 1332 896 1372 955; x_wconf 85' lang='lat' dir='ltr'><strong>de</strong></span> <span class='ocrx_word' id='word_1_64' title='bbox 1396 899 1500 956; x_wconf 85' lang='lat' dir='ltr'><strong>utrius·</strong></span> 
     </span>
     <span class='ocr_line' id='line_1_7' title="bbox 145 981 1499 1062; baseline -0.001 -19"><span class='ocrx_word' id='word_1_65' title='bbox 145 1003 202 1062; x_wconf 84' lang='lat' dir='ltr'><strong>que</strong></span> <span class='ocrx_word' id='word_1_66' title='bbox 234 986 385 1044; x_wconf 84' lang='lat' dir='ltr'><strong>voluntate</strong></span> <span class='ocrx_word' id='word_1_67' title='bbox 412 984 472 1043; x_wconf 90' lang='lat' dir='ltr'><strong>lieri</strong></span> <span class='ocrx_word' id='word_1_68' title='bbox 503 986 634 1059; x_wconf 88' lang='lat' dir='ltr'><strong>potuisse</strong></span> <span class='ocrx_word' id='word_1_69' title='bbox 664 984 757 1042; x_wconf 87' lang='lat' dir='ltr'><strong>etsie</strong></span> <span class='ocrx_word' id='word_1_70' title='bbox 780 1001 849 1042; x_wconf 86' lang='lat' dir='ltr'><strong>vera</strong></span> <span class='ocrx_word' id='word_1_71' title='bbox 871 981 1100 1057; x_wconf 80' lang='lat' dir='ltr'><strong>Xenophontem</strong></span> <span class='ocrx_word' id='word_1_72' title='bbox 1124 982 1233 1043; x_wconf 85' lang='lat' dir='ltr'><strong>dixisse</strong></span> <span class='ocrx_word' id='word_1_73' title='bbox 1257 981 1418 1059; x_wconf 86' lang='lat' dir='ltr'><strong>Joaepbus</strong></span> <span class='ocrx_word' id='word_1_74' title='bbox 1440 984 1499 1043; x_wconf 85' lang='lat' dir='ltr'><strong>col·</strong></span> 
     </span>
     <span class='ocr_line' id='line_1_8' title="bbox 131 1069 1501 1147; baseline -0.001 -16"><span class='ocrx_word' id='word_1_75' title='bbox 131 1072 225 1147; x_wconf 84' lang='lat' dir='ltr'><strong>¹legit.</strong></span> <span class='ocrx_word' id='word_1_76' title='bbox 265 1071 373 1130; x_wconf 87' lang='lat' dir='ltr'><strong>Verum</strong></span> <span class='ocrx_word' id='word_1_77' title='bbox 397 1088 430 1129; x_wconf 84' lang='grc'><strong>11</strong></span> <span class='ocrx_word' id='word_1_78' title='bbox 455 1069 546 1129; x_wconf 85' lang='lat' dir='ltr'><strong>altera</strong></span> <span class='ocrx_word' id='word_1_79' title='bbox 570 1073 702 1129; x_wconf 82' lang='lat' dir='ltr'>versione</span> <span class='ocrx_word' id='word_1_80' title='bbox 726 1070 781 1127; x_wconf 89' lang='lat' dir='ltr'><strong>loci</strong></span> <span class='ocrx_word' id='word_1_81' title='bbox 805 1070 871 1147; x_wconf 91' lang='lat' dir='ltr'><strong>plus</strong></span> <span class='ocrx_word' id='word_1_82' title='bbox 895 1069 1030 1143; x_wconf 83' lang='lat' dir='ltr'>colligere</span> <span class='ocrx_word' id='word_1_83' title='bbox 1045 1086 1104 1129; x_wconf 86' lang='lat' dir='ltr'><strong>uon</strong></span> <span class='ocrx_word' id='word_1_84' title='bbox 1119 1086 1290 1146; x_wconf 86' lang='lat' dir='ltr'><strong>possumus,</strong></span> <span class='ocrx_word' id='word_1_85' title='bbox 1316 1088 1410 1145; x_wconf 82' lang='lat' dir='ltr'><strong>quam</strong></span> <span class='ocrx_word' id='word_1_86' title='bbox 1426 1070 1501 1147; x_wconf 86' lang='lat' dir='ltr'><strong>quad</strong></span> 
     </span>
     <span class='ocr_line' id='line_1_9' title="bbox 145 1156 1499 1234; baseline -0.001 -17"><span class='ocrx_word' id='word_1_87' title='bbox 145 1158 261 1232; x_wconf 82' lang='lat' dir='ltr'><strong>Daniel,</strong></span> <span class='ocrx_word' id='word_1_88' title='bbox 275 1162 304 1216; x_wconf 91' lang='lat' dir='ltr'><strong>in</strong></span> <span class='ocrx_word' id='word_1_89' title='bbox 316 1160 414 1217; x_wconf 87' lang='lat' dir='ltr'><strong>subita</strong></span> <span class='ocrx_word' id='word_1_90' title='bbox 425 1161 585 1216; x_wconf 75' lang='lat' dir='ltr'><strong>mutatione</strong></span> <span class='ocrx_word' id='word_1_91' title='bbox 596 1160 676 1234; x_wconf 91' lang='lat' dir='ltr'><strong>regni</strong></span> <span class='ocrx_word' id='word_1_92' title='bbox 686 1156 858 1234; x_wconf 87' lang='lat' dir='ltr'><strong>Babylonici</strong></span> <span class='ocrx_word' id='word_1_93' title='bbox 872 1159 899 1214; x_wconf 92' lang='lat' dir='ltr'><strong>in</strong></span> <span class='ocrx_word' id='word_1_94' title='bbox 911 1175 993 1233; x_wconf 89' lang='lat' dir='ltr'><strong>spem</strong></span> <span class='ocrx_word' id='word_1_95' title='bbox 1005 1156 1221 1233; x_wconf 77' lang='lat' dir='ltr'><strong>recuperandae</strong></span> <span class='ocrx_word' id='word_1_96' title='bbox 1230 1158 1405 1233; x_wconf 80' lang='lat' dir='ltr'><strong>gentilitiae</strong></span> <span class='ocrx_word' id='word_1_97' title='bbox 1416 1156 1499 1217; x_wconf 89' lang='lat' dir='ltr'><strong>libcr-</strong></span> 
     </span>
     <span class='ocr_line' id='line_1_10' title="bbox 145 1243 1499 1321; baseline -0.001 -16"><span class='ocrx_word' id='word_1_98' title='bbox 145 1248 214 1305; x_wconf 86' lang='lat' dir='ltr'><strong>tatis</strong></span> <span class='ocrx_word' id='word_1_99' title='bbox 238 1256 360 1316; x_wconf 86' lang='lat' dir='ltr'><strong>erectus,</strong></span> <span class='ocrx_word' id='word_1_100' title='bbox 384 1245 473 1304; x_wconf 85' lang='lat' dir='ltr'><strong>libros</strong></span> <span class='ocrx_word' id='word_1_101' title='bbox 493 1244 640 1305; x_wconf 75' lang='lat' dir='ltr'><strong>dererniac</strong></span> <span class='ocrx_word' id='word_1_102' title='bbox 656 1244 770 1315; x_wconf 87' lang='lat' dir='ltr'><strong>adierit,</strong></span> <span class='ocrx_word' id='word_1_103' title='bbox 795 1246 985 1319; x_wconf 78' lang='lat' dir='ltr'><strong>inquisiturus</strong></span> <span class='ocrx_word' id='word_1_104' title='bbox 1000 1243 1120 1315; x_wconf 88' lang='lat' dir='ltr'><strong>seilicet,</strong></span> <span class='ocrx_word' id='word_1_105' title='bbox 1144 1262 1232 1321; x_wconf 86' lang='lat' dir='ltr'><strong>quum</strong></span> <span class='ocrx_word' id='word_1_106' title='bbox 1249 1244 1304 1305; x_wconf 92' lang='lat' dir='ltr'><strong>diu</strong></span> <span class='ocrx_word' id='word_1_107' title='bbox 1321 1244 1499 1305; x_wconf 86' lang='lat' dir='ltr'><strong>exulandum</strong></span> 
     </span>
     <span class='ocr_line' id='line_1_11' title="bbox 146 1329 1497 1409; baseline -0.001 -16"><span class='ocrx_word' id='word_1_108' title='bbox 146 1343 223 1393; x_wconf 89' lang='lat' dir='ltr'><strong>esset</strong></span> <span class='ocrx_word' id='word_1_109' title='bbox 245 1336 324 1408; x_wconf 84' lang='lat' dir='ltr'><strong>gerrti</strong></span> <span class='ocrx_word' id='word_1_110' title='bbox 348 1350 429 1394; x_wconf 89' lang='lat' dir='ltr'><strong>suae.</strong></span> <span class='ocrx_word' id='word_1_111' title='bbox 468 1332 586 1391; x_wconf 90' lang='lat' dir='ltr'><strong>Nullum</strong></span> <span class='ocrx_word' id='word_1_112' title='bbox 609 1334 696 1409; x_wconf 85' lang='lat' dir='ltr'><strong>igitur</strong></span> <span class='ocrx_word' id='word_1_113' title='bbox 712 1331 759 1390; x_wconf 89' lang='lat' dir='ltr'><strong>bie</strong></span> <span class='ocrx_word' id='word_1_114' title='bbox 774 1332 973 1407; x_wconf 90' lang='lat' dir='ltr'><strong>adjumentum</strong></span> <span class='ocrx_word' id='word_1_115' title='bbox 989 1330 1078 1390; x_wconf 90' lang='lat' dir='ltr'><strong>habet</strong></span> <span class='ocrx_word' id='word_1_116' title='bbox 1093 1329 1252 1408; x_wconf 86' lang='lat' dir='ltr'><strong>Joseplrua.</strong></span> <span class='ocrx_word' id='word_1_117' title='bbox 1296 1330 1388 1407; x_wconf 91' lang='lat' dir='ltr'><strong>Quod</strong></span> <span class='ocrx_word' id='word_1_118' title='bbox 1406 1332 1497 1391; x_wconf 89' lang='lat' dir='ltr'><strong>Hero·</strong></span> 
     </span>
     <span class='ocr_line' id='line_1_12' title="bbox 145 1416 1497 1497; baseline -0.001 -18"><span class='ocrx_word' id='word_1_119' title='bbox 145 1420 246 1479; x_wconf 90' lang='lat' dir='ltr'><strong>dotum</strong></span> <span class='ocrx_word' id='word_1_120' title='bbox 269 1424 381 1489; x_wconf 83' lang='lat' dir='ltr'><strong>attinet,</strong></span> <span class='ocrx_word' id='word_1_121' title='bbox 405 1423 429 1477; x_wconf 83' lang='lat' dir='ltr'><strong>is</strong></span> <span class='ocrx_word' id='word_1_122' title='bbox 452 1423 569 1478; x_wconf 89' lang='lat' dir='ltr'><strong>omnino</strong></span> <span class='ocrx_word' id='word_1_123' title='bbox 592 1420 630 1477; x_wconf 91' lang='lat' dir='ltr'><strong>ab</strong></span> <span class='ocrx_word' id='word_1_124' title='bbox 652 1420 718 1477; x_wconf 91' lang='lat' dir='ltr'><strong>allis</strong></span> <span class='ocrx_word' id='word_1_125' title='bbox 741 1419 890 1479; x_wconf 82' lang='lat' dir='ltr'><strong>refellitur.</strong></span> <span class='ocrx_word' id='word_1_126' title='bbox 928 1416 1003 1477; x_wconf 89' lang='lat' dir='ltr'><strong>Nam</strong></span> <span class='ocrx_word' id='word_1_127' title='bbox 1018 1418 1146 1477; x_wconf 81' lang='lat' dir='ltr'><strong>Berosus</strong></span> <span class='ocrx_word' id='word_1_128' title='bbox 1167 1416 1245 1495; x_wconf 90' lang='lat' dir='ltr'><strong>apud</strong></span> <span class='ocrx_word' id='word_1_129' title='bbox 1261 1416 1437 1497; x_wconf 89' lang='lat' dir='ltr'><strong>Josepbum</strong></span> <span class='ocrx_word' id='word_1_130' title='bbox 1452 1423 1497 1493; x_wconf 78' lang='lat' dir='ltr'><strong>ait</strong></span> 
     </span>
     <span class='ocr_line' id='line_1_13' title="bbox 144 1504 1496 1582; baseline 0 -15"><span class='ocrx_word' id='word_1_131' title='bbox 144 1508 222 1567; x_wconf 88' lang='grc'><strong>111111</strong></span> <span class='ocrx_word' id='word_1_132' title='bbox 244 1505 450 1567; x_wconf 86' lang='lat' dir='ltr'><strong>Nabonnidum</strong></span> <span class='ocrx_word' id='word_1_133' title='bbox 480 1508 570 1565; x_wconf 85' lang='lat' dir='ltr'><strong>luisse</strong></span> <span class='ocrx_word' id='word_1_134' title='bbox 592 1518 779 1581; x_wconf 80' lang='lat' dir='ltr'><strong>extraneum,</strong></span> <span class='ocrx_word' id='word_1_135' title='bbox 810 1506 1016 1581; x_wconf 85' lang='lat' dir='ltr'><strong>Megasthenes</strong></span> <span class='ocrx_word' id='word_1_136' title='bbox 1039 1504 1117 1582; x_wconf 90' lang='lat' dir='ltr'><strong>apud</strong></span> <span class='ocrx_word' id='word_1_137' title='bbox 1139 1506 1303 1565; x_wconf 87' lang='lat' dir='ltr'><strong>Eusebium</strong></span> <span class='ocrx_word' id='word_1_138' title='bbox 1328 1510 1358 1565; x_wconf 91' lang='lat' dir='ltr'><strong>in</strong></span> <span class='ocrx_word' id='word_1_139' title='bbox 1384 1507 1496 1567; x_wconf 88' lang='lat' dir='ltr'><strong>oraculo</strong></span> 
     </span>
     <span class='ocr_line' id='line_1_14' title="bbox 133 1591 1495 1671; baseline -0.002 -16"><span class='ocrx_word' id='word_1_140' title='bbox 133 1594 265 1661; x_wconf 79' lang='lat' dir='ltr'><strong>‚Medum</strong></span> <span class='ocrx_word' id='word_1_141' title='bbox 288 1595 374 1667; x_wconf 81' lang='lat' dir='ltr'><strong>taorr3</strong></span> <span class='ocrx_word' id='word_1_142' title='bbox 406 1604 435 1652; x_wconf 90' lang='lat' dir='ltr'><strong>ct</strong></span> <span class='ocrx_word' id='word_1_143' title='bbox 457 1597 482 1653; x_wconf 94' lang='lat' dir='ltr'><strong>si</strong></span> <span class='ocrx_word' id='word_1_144' title='bbox 506 1595 559 1653; x_wconf 91' lang='lat' dir='ltr'><strong>luit</strong></span> <span class='ocrx_word' id='word_1_145' title='bbox 581 1594 657 1652; x_wconf 87' lang='lat' dir='ltr'><strong>filius</strong></span> <span class='ocrx_word' id='word_1_146' title='bbox 680 1593 848 1666; x_wconf 89' lang='lat' dir='ltr'><strong>Nitoeridis,</strong></span> <span class='ocrx_word' id='word_1_147' title='bbox 873 1594 924 1651; x_wconf 88' lang='lat' dir='ltr'><strong>illo</strong></span> <span class='ocrx_word' id='word_1_148' title='bbox 944 1609 1031 1669; x_wconf 90' lang='lat' dir='ltr'><strong>porro</strong></span> <span class='ocrx_word' id='word_1_149' title='bbox 1054 1591 1221 1652; x_wconf 86' lang='lat' dir='ltr'><strong>Nabonnidi</strong></span> <span class='ocrx_word' id='word_1_150' title='bbox 1243 1592 1326 1665; x_wconf 89' lang='lat' dir='ltr'><strong>filia,</strong></span> <span class='ocrx_word' id='word_1_151' title='bbox 1351 1594 1495 1671; x_wconf 90' lang='lat' dir='ltr'><strong>quomodo</strong></span> 
     </span>
     <span class='ocr_line' id='line_1_15' title="bbox 144 1680 1495 1759; baseline 0.001 -20"><span class='ocrx_word' id='word_1_152' title='bbox 144 1684 232 1757; x_wconf 87' lang='lat' dir='ltr'><strong>igitur</strong></span> <span class='ocrx_word' id='word_1_153' title='bbox 253 1682 301 1740; x_wconf 87' lang='grc'><strong>1111</strong></span> <span class='ocrx_word' id='word_1_154' title='bbox 316 1681 507 1739; x_wconf 84' lang='lat' dir='ltr'><strong>Nabonnidus</strong></span> <span class='ocrx_word' id='word_1_155' title='bbox 532 1684 621 1759; x_wconf 88' lang='lat' dir='ltr'><strong>patris</strong></span> <span class='ocrx_word' id='word_1_156' title='bbox 644 1683 689 1739; x_wconf 91' lang='lat' dir='ltr'><strong>sui</strong></span> <span class='ocrx_word' id='word_1_157' title='bbox 712 1698 818 1740; x_wconf 89' lang='lat' dir='ltr'><strong>nomen</strong></span> <span class='ocrx_word' id='word_1_158' title='bbox 840 1689 930 1757; x_wconf 89' lang='lat' dir='ltr'><strong>geret,</strong></span> <span class='ocrx_word' id='word_1_159' title='bbox 954 1682 1004 1756; x_wconf 88' lang='lat' dir='ltr'><strong>qui</strong></span> <span class='ocrx_word' id='word_1_160' title='bbox 1029 1680 1127 1740; x_wconf 90' lang='lat' dir='ltr'><strong>itidem</strong></span> <span class='ocrx_word' id='word_1_161' title='bbox 1148 1689 1267 1739; x_wconf 88' lang='lat' dir='ltr'><strong>etavus</strong></span> <span class='ocrx_word' id='word_1_162' title='bbox 1285 1681 1368 1741; x_wconf 78' lang='lat' dir='ltr'><strong>luit?</strong></span> <span class='ocrx_word' id='word_1_163' title='bbox 1394 1682 1495 1741; x_wconf 86' lang='lat' dir='ltr'><strong>Contra</strong></span> 
     </span>
     <span class='ocr_line' id='line_1_16' title="bbox 143 1764 1494 1843; baseline 0 -16"><span class='ocrx_word' id='word_1_164' title='bbox 143 1770 273 1828; x_wconf 87' lang='lat' dir='ltr'><strong>Berosus</strong></span> <span class='ocrx_word' id='word_1_165' title='bbox 295 1768 437 1827; x_wconf 88' lang='lat' dir='ltr'><strong>Nitocridi</strong></span> <span class='ocrx_word' id='word_1_166' title='bbox 462 1765 983 1838; x_wconf 75' lang='grc'><strong>11111111111111111111111111111111,</strong></span> <span class='ocrx_word' id='word_1_167' title='bbox 1007 1765 1059 1825; x_wconf 89' lang='lat' dir='ltr'><strong>sed</strong></span> <span class='ocrx_word' id='word_1_168' title='bbox 1075 1764 1353 1843; x_wconf 84' lang='lat' dir='ltr'><strong>Nergilsareaarem.</strong></span> <span class='ocrx_word' id='word_1_169' title='bbox 1395 1766 1494 1828; x_wconf 88' lang='lat' dir='ltr'><strong>Xeno-</strong></span> 
     </span>
     <span class='ocr_line' id='line_1_17' title="bbox 143 1848 1494 1933; baseline 0.001 -20"><span class='ocrx_word' id='word_1_170' title='bbox 143 1856 284 1933; x_wconf 86' lang='lat' dir='ltr'><strong>phontem</strong></span> <span class='ocrx_word' id='word_1_171' title='bbox 308 1872 376 1913; x_wconf 86' lang='lat' dir='ltr'><strong>vero</strong></span> <span class='ocrx_word' id='word_1_172' title='bbox 399 1874 435 1914; x_wconf 91' lang='lat' dir='ltr'><strong>ue</strong></span> <span class='ocrx_word' id='word_1_173' title='bbox 452 1848 553 1913; x_wconf 83' lang='lat' dir='ltr'><strong>Cicero</strong></span> <span class='ocrx_word' id='word_1_174' title='bbox 574 1854 691 1932; x_wconf 87' lang='lat' dir='ltr'><strong>qrridern</strong></span> <span class='ocrx_word' id='word_1_175' title='bbox 704 1856 762 1912; x_wconf 90' lang='lat' dir='ltr'><strong>sibi</strong></span> <span class='ocrx_word' id='word_1_176' title='bbox 779 1856 907 1932; x_wconf 88' lang='lat' dir='ltr'><strong>patiatur</strong></span> <span class='ocrx_word' id='word_1_177' title='bbox 921 1854 1019 1929; x_wconf 87' lang='lat' dir='ltr'><strong>objici,</strong></span> <span class='ocrx_word' id='word_1_178' title='bbox 1044 1857 1093 1931; x_wconf 88' lang='lat' dir='ltr'><strong>qui</strong></span> <span class='ocrx_word' id='word_1_179' title='bbox 1108 1855 1171 1930; x_wconf 88' lang='lat' dir='ltr'><strong>ipse</strong></span> <span class='ocrx_word' id='word_1_180' title='bbox 1188 1862 1325 1929; x_wconf 84' lang='lat' dir='ltr'><strong>testatur,</strong></span> <span class='ocrx_word' id='word_1_181' title='bbox 1350 1866 1494 1916; x_wconf 82' lang='lat' dir='ltr'><strong>auctorem</strong></span> 
     </span>
     <span class='ocr_line' id='line_1_18' title="bbox 143 1940 1492 2020; baseline 0.001 -19"><span class='ocrx_word' id='word_1_182' title='bbox 143 1946 238 2019; x_wconf 84' lang='lat' dir='ltr'><strong>magis</strong></span> <span class='ocrx_word' id='word_1_183' title='bbox 264 1943 351 2015; x_wconf 81' lang='lat' dir='ltr'><strong>,boni</strong></span> <span class='ocrx_word' id='word_1_184' title='bbox 376 1942 457 2001; x_wconf 86' lang='lat' dir='ltr'><strong>ducis</strong></span> <span class='ocrx_word' id='word_1_185' title='bbox 480 1942 622 2013; x_wconf 87' lang='lat' dir='ltr'><strong>oiiieium,</strong></span> <span class='ocrx_word' id='word_1_186' title='bbox 652 1960 741 2017; x_wconf 90' lang='lat' dir='ltr'><strong>quam</strong></span> <span class='ocrx_word' id='word_1_187' title='bbox 764 1942 831 2020; x_wconf 86' lang='lat' dir='ltr'><strong>Cyri</strong></span> <span class='ocrx_word' id='word_1_188' title='bbox 855 1942 1024 2000; x_wconf 83' lang='lat' dir='ltr'><strong>lristoriam“</strong></span> <span class='ocrx_word' id='word_1_189' title='bbox 1058 1940 1167 1999; x_wconf 90' lang='lat' dir='ltr'><strong>inillis</strong></span> <span class='ocrx_word' id='word_1_190' title='bbox 1190 1940 1273 2001; x_wconf 89' lang='lat' dir='ltr'><strong>libris</strong></span> <span class='ocrx_word' id='word_1_191' title='bbox 1298 1942 1492 2017; x_wconf 80' lang='lat' dir='ltr'><strong>descripsisse.</strong></span> 
     </span>
     <span class='ocr_line' id='line_1_19' title="bbox 143 2027 1492 2108; baseline -0.001 -18"><span class='ocrx_word' id='word_1_192' title='bbox 143 2030 187 2090; x_wconf 89' lang='lat' dir='ltr'><strong>Ne</strong></span> <span class='ocrx_word' id='word_1_193' title='bbox 211 2029 315 2103; x_wconf 89' lang='lat' dir='ltr'><strong>dicam,</strong></span> <span class='ocrx_word' id='word_1_194' title='bbox 339 2029 417 2104; x_wconf 87' lang='lat' dir='ltr'><strong>quod</strong></span> <span class='ocrx_word' id='word_1_195' title='bbox 440 2029 527 2105; x_wconf 89' lang='lat' dir='ltr'><strong>plane</strong></span> <span class='ocrx_word' id='word_1_196' title='bbox 550 2028 773 2089; x_wconf 86' lang='lat' dir='ltr'><strong>contradictorie</strong></span> <span class='ocrx_word' id='word_1_197' title='bbox 796 2030 904 2089; x_wconf 89' lang='lat' dir='ltr'><strong>scribat</strong></span> <span class='ocrx_word' id='word_1_198' title='bbox 919 2028 1079 2101; x_wconf 85' lang='lat' dir='ltr'><strong>Herodoto,</strong></span> <span class='ocrx_word' id='word_1_199' title='bbox 1104 2046 1135 2087; x_wconf 85' lang='lat' dir='ltr'><strong>se</strong></span> <span class='ocrx_word' id='word_1_200' title='bbox 1155 2027 1255 2087; x_wconf 91' lang='lat' dir='ltr'><strong>multis</strong></span> <span class='ocrx_word' id='word_1_201' title='bbox 1280 2034 1369 2090; x_wconf 82' lang='lat' dir='ltr'><strong>annis</strong></span> <span class='ocrx_word' id='word_1_202' title='bbox 1396 2033 1492 2108; x_wconf 79' lang='lat' dir='ltr'><strong>priori3</strong></span> 
     </span>
     <span class='ocr_line' id='line_1_20' title="bbox 143 2114 1493 2193; baseline 0 -16"><span class='ocrx_word' id='word_1_203' title='bbox 143 2133 209 2177; x_wconf 87' lang='lat' dir='ltr'><strong>cum</strong></span> <span class='ocrx_word' id='word_1_204' title='bbox 232 2118 308 2175; x_wconf 88' lang='lat' dir='ltr'><strong>euim</strong></span> <span class='ocrx_word' id='word_1_205' title='bbox 331 2118 356 2173; x_wconf 88' lang='lat' dir='ltr'><strong>is</strong></span> <span class='ocrx_word' id='word_1_206' title='bbox 379 2134 468 2191; x_wconf 84' lang='lat' dir='ltr'><strong>regno</strong></span> <span class='ocrx_word' id='word_1_207' title='bbox 492 2116 608 2193; x_wconf 91' lang='lat' dir='ltr'><strong>pulsum</strong></span> <span class='ocrx_word' id='word_1_208' title='bbox 631 2118 741 2193; x_wconf 79' lang='lat' dir='ltr'><strong>ailyro</strong></span> <span class='ocrx_word' id='word_1_209' title='bbox 759 2118 920 2193; x_wconf 76' lang='lat' dir='ltr'><strong>Astyagem</strong></span> <span class='ocrx_word' id='word_1_210' title='bbox 943 2115 1077 2193; x_wconf 77' lang='lat' dir='ltr'><strong>adfirmet,</strong></span> <span class='ocrx_word' id='word_1_211' title='bbox 1099 2114 1269 2192; x_wconf 83' lang='lat' dir='ltr'><strong>Xenophon</strong></span> <span class='ocrx_word' id='word_1_212' title='bbox 1294 2126 1411 2177; x_wconf 84' lang='lat' dir='ltr'><strong>tantam</strong></span> <span class='ocrx_word' id='word_1_213' title='bbox 1428 2122 1493 2177; x_wconf 88' lang='lat' dir='ltr'><strong>inter</strong></span> 
     </span>
     <span class='ocr_line' id='line_1_21' title="bbox 144 2202 1492 2281; baseline 0.001 -19"><span class='ocrx_word' id='word_1_214' title='bbox 144 2222 195 2263; x_wconf 89' lang='lat' dir='ltr'><strong>eos</strong></span> <span class='ocrx_word' id='word_1_215' title='bbox 218 2204 376 2261; x_wconf 88' lang='lat' dir='ltr'><strong>aruicitiam</strong></span> <span class='ocrx_word' id='word_1_216' title='bbox 399 2204 490 2263; x_wconf 86' lang='lat' dir='ltr'><strong>luisse</strong></span> <span class='ocrx_word' id='word_1_217' title='bbox 512 2203 621 2275; x_wconf 85' lang='lat' dir='ltr'><strong>scribit,</strong></span> <span class='ocrx_word' id='word_1_218' title='bbox 646 2212 678 2261; x_wconf 92' lang='lat' dir='ltr'><strong>ut</strong></span> <span class='ocrx_word' id='word_1_219' title='bbox 694 2204 840 2281; x_wconf 80' lang='lat' dir='ltr'><strong>Astyages</strong></span> <span class='ocrx_word' id='word_1_220' title='bbox 857 2203 925 2279; x_wconf 83' lang='lat' dir='ltr'><strong>Cyri</strong></span> <span class='ocrx_word' id='word_1_221' title='bbox 947 2204 1039 2279; x_wconf 86' lang='lat' dir='ltr'><strong>copiis</strong></span> <span class='ocrx_word' id='word_1_222' title='bbox 1055 2203 1093 2261; x_wconf 90' lang='lat' dir='ltr'><strong>ab</strong></span> <span class='ocrx_word' id='word_1_223' title='bbox 1110 2204 1231 2280; x_wconf 89' lang='lat' dir='ltr'><strong>Assyrio</strong></span> <span class='ocrx_word' id='word_1_224' title='bbox 1247 2202 1391 2263; x_wconf 76' lang='lat' dir='ltr'><strong>defensus</strong></span> <span class='ocrx_word' id='word_1_225' title='bbox 1407 2206 1492 2264; x_wconf 84' lang='lat' dir='ltr'><strong>luerit</strong></span> 
     </span>
     <span class='ocr_line' id='line_1_22' title="bbox 142 2288 1492 2367; baseline 0.001 -18"><span class='ocrx_word' id='word_1_226' title='bbox 142 2290 270 2366; x_wconf 82' lang='lat' dir='ltr'><strong>Reliqua</strong></span> <span class='ocrx_word' id='word_1_227' title='bbox 300 2296 347 2351; x_wconf 79' lang='grc'><strong>111</strong></span> <span class='ocrx_word' id='word_1_228' title='bbox 378 2312 479 2349; x_wconf 70' lang='lat' dir='ltr'><strong>:tranas</strong></span> <span class='ocrx_word' id='word_1_229' title='bbox 513 2290 707 2367; x_wconf 83' lang='lat' dir='ltr'><strong>discrepantia</strong></span> <span class='ocrx_word' id='word_1_230' title='bbox 737 2293 830 2349; x_wconf 88' lang='lat' dir='ltr'><strong>mitto.</strong></span> <span class='ocrx_word' id='word_1_231' title='bbox 870 2290 1019 2349; x_wconf 87' lang='lat' dir='ltr'><strong>Prostrata</strong></span> <span class='ocrx_word' id='word_1_232' title='bbox 1050 2292 1138 2365; x_wconf 88' lang='lat' dir='ltr'><strong>igitur</strong></span> <span class='ocrx_word' id='word_1_233' title='bbox 1154 2288 1371 2367; x_wconf 84' lang='lat' dir='ltr'><strong>Xenophontis</strong></span> <span class='ocrx_word' id='word_1_234' title='bbox 1396 2300 1492 2352; x_wconf 87' lang='lat' dir='ltr'><strong>aueto-</strong></span> 
     </span>
     <span class='ocr_line' id='line_1_23' title="bbox 142 2366 1494 2455; baseline 0.001 -20"><span class='ocrx_word' id='word_1_235' title='bbox 142 2380 227 2435; x_wconf 88' lang='lat' dir='ltr'><strong>ritate</strong></span> <span class='ocrx_word' id='word_1_236' title='bbox 258 2376 337 2436; x_wconf 89' lang='lat' dir='ltr'><strong>cadit</strong></span> <span class='ocrx_word' id='word_1_237' title='bbox 364 2366 450 2437; x_wconf 86' lang='lat' dir='ltr'><strong>etiam</strong></span> <span class='ocrx_word' id='word_1_238' title='bbox 479 2377 591 2453; x_wconf 84' lang='lat' dir='ltr'><strong>reliqua</strong></span> <span class='ocrx_word' id='word_1_239' title='bbox 622 2376 747 2454; x_wconf 85' lang='lat' dir='ltr'><strong>Josephi</strong></span> <span class='ocrx_word' id='word_1_240' title='bbox 776 2377 959 2453; x_wconf 85' lang='lat' dir='ltr'><strong>corrjectura,</strong></span> <span class='ocrx_word' id='word_1_241' title='bbox 990 2385 1091 2453; x_wconf 88' lang='lat' dir='ltr'><strong>utpote</strong></span> <span class='ocrx_word' id='word_1_242' title='bbox 1120 2378 1205 2435; x_wconf 91' lang='lat' dir='ltr'><strong>nimis</strong></span> <span class='ocrx_word' id='word_1_243' title='bbox 1236 2377 1324 2437; x_wconf 86' lang='lat' dir='ltr'><strong>levis.</strong></span> <span class='ocrx_word' id='word_1_244' title='bbox 1370 2378 1403 2437; x_wconf 89' lang='lat' dir='ltr'><strong>Si</strong></span> <span class='ocrx_word' id='word_1_245' title='bbox 1436 2382 1494 2455; x_wconf 87' lang='lat' dir='ltr'><strong>quis</strong></span> 
     </span>
     <span class='ocr_line' id='line_1_24' title="bbox 132 2456 1492 2543; baseline 0.002 -20"><span class='ocrx_word' id='word_1_246' title='bbox 132 2471 240 2523; x_wconf 46' lang='lat' dir='ltr'><strong>‘tamen</strong></span> <span class='ocrx_word' id='word_1_247' title='bbox 256 2456 359 2523; x_wconf 72' lang='lat' dir='ltr'><strong>&#39;adhue</strong></span> <span class='ocrx_word' id='word_1_248' title='bbox 382 2468 508 2536; x_wconf 88' lang='lat' dir='ltr'><strong>miretur,</strong></span> <span class='ocrx_word' id='word_1_249' title='bbox 537 2482 627 2541; x_wconf 88' lang='lat' dir='ltr'><strong>quare</strong></span> <span class='ocrx_word' id='word_1_250' title='bbox 651 2466 706 2523; x_wconf 92' lang='lat' dir='ltr'><strong>sub</strong></span> <span class='ocrx_word' id='word_1_251' title='bbox 730 2465 820 2523; x_wconf 91' lang='lat' dir='ltr'><strong>Dario</strong></span> <span class='ocrx_word' id='word_1_252' title='bbox 844 2462 962 2524; x_wconf 89' lang='lat' dir='ltr'><strong>valeant</strong></span> <span class='ocrx_word' id='word_1_253' title='bbox 984 2473 1095 2523; x_wconf 90' lang='lat' dir='ltr'><strong>statuta</strong></span> <span class='ocrx_word' id='word_1_254' title='bbox 1109 2464 1264 2524; x_wconf 83' lang='lat' dir='ltr'><strong>Persarum</strong></span> <span class='ocrx_word' id='word_1_255' title='bbox 1289 2483 1388 2541; x_wconf 88' lang='lat' dir='ltr'><strong>aeque</strong></span> <span class='ocrx_word' id='word_1_256' title='bbox 1412 2476 1492 2543; x_wconf 89' lang='lat' dir='ltr'><strong>atque</strong></span> 
     </span>
    </p>
   </div>
   <div class='ocr_carea' id='block_1_4' title="bbox 24 2550 1493 2629">
    <p class='ocr_par' dir='ltr' id='par_1_4' title="bbox 24 2550 1493 2629">
     <span class='ocr_line' id='line_1_25' title="bbox 24 2550 1493 2629; baseline 0.001 -18"><span class='ocrx_word' id='word_1_257' title='bbox 24 2586 27 2591; x_wconf 92' lang='lat'>·</span> <span class='ocrx_word' id='word_1_258' title='bbox 141 2550 305 2623; x_wconf 89' lang='lat' dir='ltr'><strong>Medorum,</strong></span> <span class='ocrx_word' id='word_1_259' title='bbox 329 2569 393 2610; x_wconf 88' lang='lat' dir='ltr'><strong>cum</strong></span> <span class='ocrx_word' id='word_1_260' title='bbox 418 2552 525 2610; x_wconf 87' lang='lat' dir='ltr'><strong>Darius</strong></span> <span class='ocrx_word' id='word_1_261' title='bbox 548 2560 652 2628; x_wconf 89' lang='lat' dir='ltr'><strong>postea</strong></span> <span class='ocrx_word' id='word_1_262' title='bbox 675 2571 693 2611; x_wconf 90' lang='lat' dir='ltr'><strong>a</strong></span> <span class='ocrx_word' id='word_1_263' title='bbox 716 2552 792 2629; x_wconf 86' lang='lat' dir='ltr'><strong>Cyro</strong></span> <span class='ocrx_word' id='word_1_264' title='bbox 815 2550 906 2611; x_wconf 87' lang='lat' dir='ltr'><strong>Persa</strong></span> <span class='ocrx_word' id='word_1_265' title='bbox 931 2553 1024 2610; x_wconf 88' lang='lat' dir='ltr'><strong>vietus</strong></span> <span class='ocrx_word' id='word_1_266' title='bbox 1048 2551 1167 2623; x_wconf 88' lang='lat' dir='ltr'><strong>dicatur,</strong></span> <span class='ocrx_word' id='word_1_267' title='bbox 1192 2550 1235 2610; x_wconf 92' lang='lat' dir='ltr'><strong>illi</strong></span> <span class='ocrx_word' id='word_1_268' title='bbox 1258 2570 1358 2612; x_wconf 80' lang='lat' dir='ltr'><strong>uncam</strong></span> <span class='ocrx_word' id='word_1_269' title='bbox 1382 2556 1493 2629; x_wconf 90' lang='lat' dir='ltr'><strong>opinio·</strong></span> 
     </span>
    </p>
   </div>
   <div class='ocr_carea' id='block_1_5' title="bbox 74 2637 1496 4898">
    <p class='ocr_par' dir='ltr' id='par_1_5' title="bbox 74 2637 1495 3319">
     <span class='ocr_line' id='line_1_26' title="bbox 139 2637 1493 2717; baseline 0.001 -21"><span class='ocrx_word' id='word_1_270' title='bbox 139 2657 208 2697; x_wconf 91' lang='lat' dir='ltr'><strong>uem</strong></span> <span class='ocrx_word' id='word_1_271' title='bbox 232 2637 381 2713; x_wconf 89' lang='lat' dir='ltr'><strong>detegam:</strong></span> <span class='ocrx_word' id='word_1_272' title='bbox 413 2656 516 2716; x_wconf 89' lang='lat' dir='ltr'><strong>nempe</strong></span> <span class='ocrx_word' id='word_1_273' title='bbox 539 2638 602 2697; x_wconf 88' lang='lat' dir='ltr'><strong>salli</strong></span> <span class='ocrx_word' id='word_1_274' title='bbox 625 2637 821 2711; x_wconf 90' lang='lat' dir='ltr'><strong>Herodotum,</strong></span> <span class='ocrx_word' id='word_1_275' title='bbox 852 2641 901 2714; x_wconf 90' lang='lat' dir='ltr'><strong>qui</strong></span> <span class='ocrx_word' id='word_1_276' title='bbox 926 2637 1030 2697; x_wconf 89' lang='lat' dir='ltr'><strong>Medos</strong></span> <span class='ocrx_word' id='word_1_277' title='bbox 1054 2648 1083 2699; x_wconf 88' lang='lat' dir='ltr'><strong>et</strong></span> <span class='ocrx_word' id='word_1_278' title='bbox 1104 2638 1210 2699; x_wconf 87' lang='lat' dir='ltr'><strong>Persas</strong></span> <span class='ocrx_word' id='word_1_279' title='bbox 1234 2640 1272 2698; x_wconf 89' lang='lat' dir='ltr'><strong>ab</strong></span> <span class='ocrx_word' id='word_1_280' title='bbox 1297 2640 1447 2717; x_wconf 81' lang='lat' dir='ltr'><strong>Assyriis,</strong></span> <span class='ocrx_word' id='word_1_281' title='bbox 1469 2648 1493 2700; x_wconf 90' lang='lat' dir='ltr'><strong>et</strong></span> 
     </span>
     <span class='ocr_line' id='line_1_27' title="bbox 74 2722 1492 2803; baseline 0.001 -20"><span class='ocrx_word' id='word_1_282' title='bbox 74 2732 77 2737; x_wconf 74' lang='grc'>“</span> <span class='ocrx_word' id='word_1_283' title='bbox 118 2722 248 2785; x_wconf 83' lang='grc' dir='ltr'><strong>Ῥ11111</strong></span> <span class='ocrx_word' id='word_1_284' title='bbox 273 2746 291 2784; x_wconf 91' lang='lat' dir='ltr'><strong>a</strong></span> <span class='ocrx_word' id='word_1_285' title='bbox 314 2725 409 2784; x_wconf 89' lang='lat' dir='ltr'><strong>Medis</strong></span> <span class='ocrx_word' id='word_1_286' title='bbox 432 2725 553 2786; x_wconf 87' lang='lat' dir='ltr'><strong>avellat.</strong></span> <span class='ocrx_word' id='word_1_287' title='bbox 598 2726 673 2784; x_wconf 90' lang='lat' dir='ltr'><strong>Nam</strong></span> <span class='ocrx_word' id='word_1_288' title='bbox 696 2744 772 2785; x_wconf 92' lang='lat' dir='ltr'><strong>anno</strong></span> <span class='ocrx_word' id='word_1_289' title='bbox 798 2733 826 2786; x_wconf 88' lang='lat'><strong>3.</strong></span> <span class='ocrx_word' id='word_1_290' title='bbox 850 2724 1047 2794; x_wconf 83' lang='lat' dir='ltr'><strong>Bulthasaris,</strong></span> <span class='ocrx_word' id='word_1_291' title='bbox 1071 2729 1121 2802; x_wconf 83' lang='lat' dir='ltr'><strong>qui</strong></span> <span class='ocrx_word' id='word_1_292' title='bbox 1143 2726 1198 2785; x_wconf 86' lang='lat' dir='ltr'><strong>luit</strong></span> <span class='ocrx_word' id='word_1_293' title='bbox 1219 2742 1314 2803; x_wconf 90' lang='lat' dir='ltr'><strong>nepos</strong></span> <span class='ocrx_word' id='word_1_294' title='bbox 1337 2726 1492 2787; x_wconf 86' lang='lat' dir='ltr'><strong>Nebucad-</strong></span> 
     </span>
     <span class='ocr_line' id='line_1_28' title="bbox 140 2810 1493 2891; baseline 0.003 -21"><span class='ocrx_word' id='word_1_295' title='bbox 140 2815 272 2885; x_wconf 78' lang='lat' dir='ltr'><strong>unsaris,¹</strong></span> <span class='ocrx_word' id='word_1_296' title='bbox 293 2813 400 2885; x_wconf 83' lang='lat' dir='ltr'><strong>Daniel</strong></span> <span class='ocrx_word' id='word_1_297' title='bbox 418 2813 574 2889; x_wconf 87' lang='lat' dir='ltr'><strong>Babylonii</strong></span> <span class='ocrx_word' id='word_1_298' title='bbox 598 2815 728 2872; x_wconf 88' lang='lat' dir='ltr'><strong>minister</strong></span> <span class='ocrx_word' id='word_1_299' title='bbox 751 2815 804 2872; x_wconf 91' lang='lat' dir='ltr'><strong>luit</strong></span> <span class='ocrx_word' id='word_1_300' title='bbox 828 2816 856 2870; x_wconf 93' lang='lat' dir='ltr'><strong>in</strong></span> <span class='ocrx_word' id='word_1_301' title='bbox 878 2812 1015 2886; x_wconf 85' lang='lat' dir='ltr'><strong>Perside,</strong></span> <span class='ocrx_word' id='word_1_302' title='bbox 1045 2810 1197 2891; x_wconf 85' lang='lat' dir='ltr'><strong>probabile</strong></span> <span class='ocrx_word' id='word_1_303' title='bbox 1219 2814 1328 2889; x_wconf 88' lang='lat' dir='ltr'><strong>igitur,</strong></span> <span class='ocrx_word' id='word_1_304' title='bbox 1349 2815 1415 2889; x_wconf 86' lang='lat' dir='ltr'><strong>jam</strong></span> <span class='ocrx_word' id='word_1_305' title='bbox 1439 2823 1493 2874; x_wconf 89' lang='lat' dir='ltr'><strong>tum</strong></span> 
     </span>
     <span class='ocr_line' id='line_1_29' title="bbox 144 2898 1494 2977; baseline 0.003 -20"><span class='ocrx_word' id='word_1_306' title='bbox 144 2898 293 2959; x_wconf 86' lang='lat' dir='ltr'><strong>Persidem</strong></span> <span class='ocrx_word' id='word_1_307' title='bbox 317 2918 381 2959; x_wconf 92' lang='lat' dir='ltr'><strong>eum</strong></span> <span class='ocrx_word' id='word_1_308' title='bbox 399 2901 580 2977; x_wconf 88' lang='lat' dir='ltr'><strong>Babylonico</strong></span> <span class='ocrx_word' id='word_1_309' title='bbox 604 2903 724 2977; x_wconf 89' lang='lat' dir='ltr'><strong>imperio</strong></span> <span class='ocrx_word' id='word_1_310' title='bbox 745 2901 939 2976; x_wconf 90' lang='lat' dir='ltr'><strong>conjunctam,</strong></span> <span class='ocrx_word' id='word_1_311' title='bbox 964 2908 995 2959; x_wconf 92' lang='lat' dir='ltr'><strong>ut</strong></span> <span class='ocrx_word' id='word_1_312' title='bbox 1017 2909 1046 2959; x_wconf 87' lang='lat' dir='ltr'><strong>et</strong></span> <span class='ocrx_word' id='word_1_313' title='bbox 1066 2898 1213 2973; x_wconf 89' lang='lat' dir='ltr'><strong>Medium,</strong></span> <span class='ocrx_word' id='word_1_314' title='bbox 1244 2910 1274 2961; x_wconf 95' lang='lat' dir='ltr'><strong>ct</strong></span> <span class='ocrx_word' id='word_1_315' title='bbox 1290 2900 1419 2961; x_wconf 88' lang='lat' dir='ltr'><strong>Darium</strong></span> <span class='ocrx_word' id='word_1_316' title='bbox 1433 2912 1494 2962; x_wconf 88' lang='lat' dir='ltr'><strong>aute</strong></span> 
     </span>
     <span class='ocr_line' id='line_1_30' title="bbox 145 2984 1492 3063; baseline 0.003 -18"><span class='ocrx_word' id='word_1_317' title='bbox 145 2986 315 3046; x_wconf 84' lang='lat' dir='ltr'><strong>electionem</strong></span> <span class='ocrx_word' id='word_1_318' title='bbox 338 2990 367 3044; x_wconf 93' lang='lat' dir='ltr'><strong>in</strong></span> <span class='ocrx_word' id='word_1_319' title='bbox 395 3005 515 3063; x_wconf 81' lang='lat' dir='ltr'><strong>regnum</strong></span> <span class='ocrx_word' id='word_1_320' title='bbox 538 2988 627 3047; x_wconf 85' lang='lat' dir='ltr'><strong>luisse</strong></span> <span class='ocrx_word' id='word_1_321' title='bbox 651 2987 813 3063; x_wconf 90' lang='lat' dir='ltr'><strong>praesidem</strong></span> <span class='ocrx_word' id='word_1_322' title='bbox 837 2986 964 3046; x_wconf 85' lang='lat' dir='ltr'><strong>Mediae.</strong></span> <span class='ocrx_word' id='word_1_323' title='bbox 1009 2984 1076 3046; x_wconf 91' lang='lat' dir='ltr'><strong>Mos</strong></span> <span class='ocrx_word' id='word_1_324' title='bbox 1106 2988 1153 3046; x_wconf 89' lang='lat' dir='ltr'><strong>hic</strong></span> <span class='ocrx_word' id='word_1_325' title='bbox 1179 2986 1282 3063; x_wconf 86' lang='lat' dir='ltr'><strong>procul</strong></span> <span class='ocrx_word' id='word_1_326' title='bbox 1315 2988 1410 3049; x_wconf 91' lang='lat' dir='ltr'><strong>dubio</strong></span> <span class='ocrx_word' id='word_1_327' title='bbox 1432 2988 1492 3049; x_wconf 86' lang='lat' dir='ltr'><strong>inde</strong></span> 
     </span>
     <span class='ocr_line' id='line_1_31' title="bbox 143 3074 1495 3152; baseline 0.003 -20"><span class='ocrx_word' id='word_1_328' title='bbox 143 3076 289 3145; x_wconf 87' lang='lat' dir='ltr'><strong>manavit,</strong></span> <span class='ocrx_word' id='word_1_329' title='bbox 320 3074 398 3150; x_wconf 89' lang='lat' dir='ltr'><strong>quod</strong></span> <span class='ocrx_word' id='word_1_330' title='bbox 422 3074 666 3134; x_wconf 89' lang='lat' dir='ltr'><strong>llevilmerodacu</strong></span> <span class='ocrx_word' id='word_1_331' title='bbox 689 3086 818 3150; x_wconf 89' lang='lat' dir='ltr'><strong>peremto</strong></span> <span class='ocrx_word' id='word_1_332' title='bbox 843 3074 953 3134; x_wconf 88' lang='lat' dir='ltr'><strong>electus</strong></span> <span class='ocrx_word' id='word_1_333' title='bbox 976 3082 1021 3133; x_wconf 84' lang='lat' dir='ltr'><strong>ost</strong></span> <span class='ocrx_word' id='word_1_334' title='bbox 1043 3075 1259 3149; x_wconf 82' lang='lat' dir='ltr'><strong>Nergssaareaar</strong></span> <span class='ocrx_word' id='word_1_335' title='bbox 1282 3092 1376 3152; x_wconf 85' lang='lat' dir='ltr'><strong>gener</strong></span> <span class='ocrx_word' id='word_1_336' title='bbox 1399 3076 1495 3136; x_wconf 88' lang='lat' dir='ltr'><strong>Nebu-</strong></span> 
     </span>
     <span class='ocr_line' id='line_1_32' title="bbox 144 3162 1495 3241; baseline 0.004 -23"><span class='ocrx_word' id='word_1_337' title='bbox 144 3162 322 3231; x_wconf 75' lang='lat' dir='ltr'><strong>eadneaaris,</strong></span> <span class='ocrx_word' id='word_1_338' title='bbox 347 3171 376 3219; x_wconf 90' lang='lat' dir='ltr'><strong>et</strong></span> <span class='ocrx_word' id='word_1_339' title='bbox 398 3162 471 3220; x_wconf 83' lang='lat' dir='ltr'><strong>forte</strong></span> <span class='ocrx_word' id='word_1_340' title='bbox 495 3172 524 3221; x_wconf 87' lang='lat' dir='ltr'><strong>et</strong></span> <span class='ocrx_word' id='word_1_341' title='bbox 548 3165 608 3238; x_wconf 89' lang='lat' dir='ltr'><strong>ipse</strong></span> <span class='ocrx_word' id='word_1_342' title='bbox 632 3180 751 3238; x_wconf 83' lang='lat' dir='ltr'><strong>praeses</strong></span> <span class='ocrx_word' id='word_1_343' title='bbox 765 3162 882 3221; x_wconf 90' lang='lat' dir='ltr'><strong>Mediae</strong></span> <span class='ocrx_word' id='word_1_344' title='bbox 906 3171 957 3222; x_wconf 90' lang='lat' dir='ltr'><strong>aut</strong></span> <span class='ocrx_word' id='word_1_345' title='bbox 978 3180 1083 3237; x_wconf 91' lang='lat' dir='ltr'><strong>genere</strong></span> <span class='ocrx_word' id='word_1_346' title='bbox 1107 3162 1220 3235; x_wconf 90' lang='lat' dir='ltr'><strong>Medus,</strong></span> <span class='ocrx_word' id='word_1_347' title='bbox 1244 3163 1283 3221; x_wconf 87' lang='lat' dir='ltr'><strong>ab</strong></span> <span class='ocrx_word' id='word_1_348' title='bbox 1308 3181 1344 3223; x_wconf 91' lang='lat' dir='ltr'><strong>eo</strong></span> <span class='ocrx_word' id='word_1_349' title='bbox 1370 3171 1495 3241; x_wconf 89' lang='lat' dir='ltr'><strong>tempore</strong></span> 
     </span>
     <span class='ocr_line' id='line_1_33' title="bbox 143 3247 869 3319; baseline 0.003 -12"><span class='ocrx_word' id='word_1_350' title='bbox 143 3247 279 3319; x_wconf 83' lang='lat' dir='ltr'><strong>Mediet</strong></span> <span class='ocrx_word' id='word_1_351' title='bbox 303 3249 410 3307; x_wconf 84' lang='lat' dir='ltr'><strong>Persae</strong></span> <span class='ocrx_word' id='word_1_352' title='bbox 434 3249 506 3307; x_wconf 88' lang='lat' dir='ltr'><strong>lorte</strong></span> <span class='ocrx_word' id='word_1_353' title='bbox 530 3249 715 3308; x_wconf 85' lang='lat' dir='ltr'><strong>invaluerunt</strong></span> <span class='ocrx_word' id='word_1_354' title='bbox 737 3253 766 3307; x_wconf 88' lang='lat' dir='ltr'><strong>in</strong></span> <span class='ocrx_word' id='word_1_355' title='bbox 791 3251 869 3309; x_wconf 90' lang='lat' dir='ltr'><strong>orbe.</strong></span> 
     </span>
    </p>

    <p class='ocr_par' dir='ltr' id='par_1_6' title="bbox 138 3334 1496 4898">
     <span class='ocr_line' id='line_1_34' title="bbox 248 3334 1495 3415; baseline 0.004 -23"><span class='ocrx_word' id='word_1_356' title='bbox 248 3335 410 3399; x_wconf 89' lang='lat' dir='ltr'><strong>Atcoutra</strong></span> <span class='ocrx_word' id='word_1_357' title='bbox 433 3354 497 3411; x_wconf 89' lang='lat' dir='ltr'><strong>cap.</strong></span> <span class='ocrx_word' id='word_1_358' title='bbox 518 3344 566 3397; x_wconf 89' lang='lat'><strong>11.</strong></span> <span class='ocrx_word' id='word_1_359' title='bbox 592 3337 722 3396; x_wconf 85' lang='lat' dir='ltr'><strong>Danielis</strong></span> <span class='ocrx_word' id='word_1_360' title='bbox 747 3336 865 3396; x_wconf 86' lang='lat' dir='ltr'><strong>Gabriel</strong></span> <span class='ocrx_word' id='word_1_361' title='bbox 889 3354 965 3395; x_wconf 91' lang='lat' dir='ltr'><strong>anno</strong></span> <span class='ocrx_word' id='word_1_362' title='bbox 984 3344 1011 3395; x_wconf 89' lang='lat'><strong>3.</strong></span> <span class='ocrx_word' id='word_1_363' title='bbox 1037 3336 1105 3413; x_wconf 85' lang='lat' dir='ltr'><strong>Cyri</strong></span> <span class='ocrx_word' id='word_1_364' title='bbox 1129 3335 1246 3395; x_wconf 89' lang='lat' dir='ltr'><strong>Danieli</strong></span> <span class='ocrx_word' id='word_1_365' title='bbox 1271 3334 1352 3411; x_wconf 87' lang='lat' dir='ltr'><strong>dicit,</strong></span> <span class='ocrx_word' id='word_1_366' title='bbox 1379 3338 1495 3415; x_wconf 85' lang='lat' dir='ltr'><strong>quoda</strong></span> 
     </span>
     <span class='ocr_line' id='line_1_35' title="bbox 142 3422 1494 3499; baseline 0.003 -20"><span class='ocrx_word' id='word_1_367' title='bbox 142 3424 235 3499; x_wconf 90' lang='lat' dir='ltr'><strong>primo</strong></span> <span class='ocrx_word' id='word_1_368' title='bbox 259 3440 336 3481; x_wconf 85' lang='lat' dir='ltr'><strong>arrno</strong></span> <span class='ocrx_word' id='word_1_369' title='bbox 360 3424 441 3482; x_wconf 89' lang='lat' dir='ltr'><strong>Darii</strong></span> <span class='ocrx_word' id='word_1_370' title='bbox 466 3424 545 3482; x_wconf 88' lang='lat' dir='ltr'><strong>Medi</strong></span> <span class='ocrx_word' id='word_1_371' title='bbox 569 3424 705 3483; x_wconf 86' lang='lat' dir='ltr'><strong>Mielraeli</strong></span> <span class='ocrx_word' id='word_1_372' title='bbox 736 3424 841 3499; x_wconf 83' lang='lat' dir='ltr'><strong>angelo</strong></span> <span class='ocrx_word' id='word_1_373' title='bbox 864 3422 1046 3483; x_wconf 88' lang='lat' dir='ltr'><strong>Judaeorum</strong></span> <span class='ocrx_word' id='word_1_374' title='bbox 1070 3425 1209 3496; x_wconf 88' lang='lat' dir='ltr'><strong>astiterit,</strong></span> <span class='ocrx_word' id='word_1_375' title='bbox 1240 3431 1272 3482; x_wconf 93' lang='lat' dir='ltr'><strong>ut</strong></span> <span class='ocrx_word' id='word_1_376' title='bbox 1296 3442 1337 3484; x_wconf 88' lang='lat' dir='ltr'><strong>so.</strong></span> <span class='ocrx_word' id='word_1_377' title='bbox 1364 3428 1390 3484; x_wconf 93' lang='lat' dir='ltr'><strong>is</strong></span> <span class='ocrx_word' id='word_1_378' title='bbox 1416 3445 1494 3485; x_wconf 88' lang='grc'><strong>11111</strong></span> 
     </span>
     <span class='ocr_line' id='line_1_36' title="bbox 143 3508 1495 3591; baseline 0.003 -23"><span class='ocrx_word' id='word_1_379' title='bbox 143 3511 288 3569; x_wconf 88' lang='lat' dir='ltr'><strong>obtineret</strong></span> <span class='ocrx_word' id='word_1_380' title='bbox 311 3514 500 3588; x_wconf 90' lang='lat' dir='ltr'><strong>propositum,</strong></span> <span class='ocrx_word' id='word_1_381' title='bbox 526 3529 589 3588; x_wconf 87' lang='lat' dir='ltr'><strong>cup.</strong></span> <span class='ocrx_word' id='word_1_382' title='bbox 615 3518 662 3569; x_wconf 89' lang='lat'><strong>10.</strong></span> <span class='ocrx_word' id='word_1_383' title='bbox 688 3529 756 3569; x_wconf 89' lang='lat' dir='ltr'><strong>vero</strong></span> <span class='ocrx_word' id='word_1_384' title='bbox 773 3510 903 3585; x_wconf 81' lang='grc'><strong>1111111111,</strong></span> <span class='ocrx_word' id='word_1_385' title='bbox 926 3530 959 3570; x_wconf 88' lang='grc'><strong>11</strong></span> <span class='ocrx_word' id='word_1_386' title='bbox 976 3514 1012 3570; x_wconf 91' lang='lat' dir='ltr'><strong>ab</strong></span> <span class='ocrx_word' id='word_1_387' title='bbox 1029 3510 1136 3586; x_wconf 90' lang='lat' dir='ltr'><strong>angelo</strong></span> <span class='ocrx_word' id='word_1_388' title='bbox 1152 3508 1308 3569; x_wconf 89' lang='lat' dir='ltr'><strong>Persarum</strong></span> <span class='ocrx_word' id='word_1_389' title='bbox 1326 3512 1495 3591; x_wconf 88' lang='lat' dir='ltr'><strong>impeditum</strong></span> 
     </span>
     <span class='ocr_line' id='line_1_37' title="bbox 142 3594 1495 3678; baseline 0.004 -24"><span class='ocrx_word' id='word_1_390' title='bbox 142 3597 233 3655; x_wconf 86' lang='lat' dir='ltr'><strong>luisse</strong></span> <span class='ocrx_word' id='word_1_391' title='bbox 259 3604 295 3657; x_wconf 69' lang='lat'><strong>⁶21</strong></span> <span class='ocrx_word' id='word_1_392' title='bbox 318 3598 429 3657; x_wconf 86' lang='lat' dir='ltr'><strong>diebus.</strong></span> <span class='ocrx_word' id='word_1_393' title='bbox 471 3597 527 3657; x_wconf 84' lang='lat' dir='ltr'><strong>Utri</strong></span> <span class='ocrx_word' id='word_1_394' title='bbox 550 3598 620 3655; x_wconf 92' lang='lat' dir='ltr'><strong>nihil</strong></span> <span class='ocrx_word' id='word_1_395' title='bbox 645 3598 761 3672; x_wconf 84' lang='lat' dir='ltr'><strong>quidem</strong></span> <span class='ocrx_word' id='word_1_396' title='bbox 785 3607 896 3674; x_wconf 85' lang='lat' dir='ltr'><strong>peccat,</strong></span> <span class='ocrx_word' id='word_1_397' title='bbox 920 3602 970 3675; x_wconf 84' lang='lat' dir='ltr'><strong>qui</strong></span> <span class='ocrx_word' id='word_1_398' title='bbox 993 3598 1141 3657; x_wconf 86' lang='lat' dir='ltr'><strong>naturales</strong></span> <span class='ocrx_word' id='word_1_399' title='bbox 1163 3594 1225 3656; x_wconf 89' lang='lat' dir='ltr'><strong>dies</strong></span> <span class='ocrx_word' id='word_1_400' title='bbox 1241 3596 1392 3675; x_wconf 89' lang='lat' dir='ltr'><strong>intelligit,</strong></span> <span class='ocrx_word' id='word_1_401' title='bbox 1410 3618 1495 3678; x_wconf 94' lang='lat' dir='ltr'><strong>prop·</strong></span> 
     </span>
     <span class='ocr_line' id='line_1_38' title="bbox 143 3685 1496 3761; baseline 0.004 -20"><span class='ocrx_word' id='word_1_402' title='bbox 143 3696 222 3742; x_wconf 89' lang='lat' dir='ltr'><strong>terea</strong></span> <span class='ocrx_word' id='word_1_403' title='bbox 252 3685 330 3758; x_wconf 86' lang='lat' dir='ltr'><strong>quod</strong></span> <span class='ocrx_word' id='word_1_404' title='bbox 356 3685 461 3743; x_wconf 83' lang='lat' dir='ltr'><strong>Daniel</strong></span> <span class='ocrx_word' id='word_1_405' title='bbox 491 3685 610 3743; x_wconf 90' lang='lat' dir='ltr'><strong>totidem</strong></span> <span class='ocrx_word' id='word_1_406' title='bbox 642 3686 703 3745; x_wconf 90' lang='lat' dir='ltr'><strong>dies</strong></span> <span class='ocrx_word' id='word_1_407' title='bbox 733 3686 842 3744; x_wconf 89' lang='lat' dir='ltr'><strong>orando</strong></span> <span class='ocrx_word' id='word_1_408' title='bbox 866 3694 1080 3761; x_wconf 82' lang='lat' dir='ltr'><strong>consumserat3</strong></span> <span class='ocrx_word' id='word_1_409' title='bbox 1111 3703 1210 3745; x_wconf 90' lang='lat' dir='ltr'><strong>verum</strong></span> <span class='ocrx_word' id='word_1_410' title='bbox 1234 3687 1258 3742; x_wconf 90' lang='lat' dir='ltr'><strong>si</strong></span> <span class='ocrx_word' id='word_1_411' title='bbox 1281 3703 1364 3746; x_wconf 90' lang='lat' dir='ltr'><strong>more</strong></span> <span class='ocrx_word' id='word_1_412' title='bbox 1390 3691 1496 3747; x_wconf 88' lang='lat' dir='ltr'><strong>usitato</strong></span> 
     </span>
     <span class='ocr_line' id='line_1_39' title="bbox 143 3771 1495 3849; baseline 0.002 -20"><span class='ocrx_word' id='word_1_413' title='bbox 143 3774 304 3845; x_wconf 88' lang='lat' dir='ltr'><strong>scripturae</strong></span> <span class='ocrx_word' id='word_1_414' title='bbox 328 3788 419 3830; x_wconf 86' lang='lat' dir='ltr'><strong>annos</strong></span> <span class='ocrx_word' id='word_1_415' title='bbox 442 3771 534 3831; x_wconf 87' lang='lat' dir='ltr'><strong>iacias</strong></span> <span class='ocrx_word' id='word_1_416' title='bbox 558 3790 594 3830; x_wconf 86' lang='grc'><strong>111</strong></span> <span class='ocrx_word' id='word_1_417' title='bbox 617 3772 728 3844; x_wconf 90' lang='lat' dir='ltr'><strong>diebus,</strong></span> <span class='ocrx_word' id='word_1_418' title='bbox 753 3773 960 3849; x_wconf 83' lang='lat' dir='ltr'><strong>qniaangelns</strong></span> <span class='ocrx_word' id='word_1_419' title='bbox 977 3773 1024 3832; x_wconf 89' lang='lat' dir='ltr'><strong>hic</strong></span> <span class='ocrx_word' id='word_1_420' title='bbox 1040 3774 1179 3847; x_wconf 70' lang='lat' dir='ltr'><strong>loquitur,</strong></span> <span class='ocrx_word' id='word_1_421' title='bbox 1201 3772 1409 3848; x_wconf 85' lang='lat' dir='ltr'><strong>deprehendes</strong></span> <span class='ocrx_word' id='word_1_422' title='bbox 1426 3794 1495 3835; x_wconf 90' lang='lat' dir='ltr'><strong>euu-</strong></span> 
     </span>
     <span class='ocr_line' id='line_1_40' title="bbox 142 3857 1495 3938; baseline 0.003 -23"><span class='ocrx_word' id='word_1_423' title='bbox 142 3857 206 3915; x_wconf 91' lang='lat' dir='ltr'><strong>dem</strong></span> <span class='ocrx_word' id='word_1_424' title='bbox 229 3875 304 3933; x_wconf 88' lang='lat' dir='ltr'><strong>pene</strong></span> <span class='ocrx_word' id='word_1_425' title='bbox 321 3858 401 3917; x_wconf 91' lang='lat' dir='ltr'><strong>Darii</strong></span> <span class='ocrx_word' id='word_1_426' title='bbox 418 3858 497 3918; x_wconf 92' lang='lat' dir='ltr'><strong>Medi</strong></span> <span class='ocrx_word' id='word_1_427' title='bbox 521 3876 661 3918; x_wconf 90' lang='lat' dir='ltr'><strong>annorum</strong></span> <span class='ocrx_word' id='word_1_428' title='bbox 677 3876 836 3929; x_wconf 88' lang='lat' dir='ltr'><strong>numerum,</strong></span> <span class='ocrx_word' id='word_1_429' title='bbox 861 3878 946 3935; x_wconf 88' lang='lat' dir='ltr'><strong>quem</strong></span> <span class='ocrx_word' id='word_1_430' title='bbox 965 3860 1091 3920; x_wconf 85' lang='lat' dir='ltr'><strong>Berosus</strong></span> <span class='ocrx_word' id='word_1_431' title='bbox 1106 3858 1282 3918; x_wconf 84' lang='lat' dir='ltr'><strong>Nabunnido</strong></span> <span class='ocrx_word' id='word_1_432' title='bbox 1299 3863 1406 3920; x_wconf 87' lang='lat' dir='ltr'><strong>tribuit</strong></span> <span class='ocrx_word' id='word_1_433' title='bbox 1422 3862 1495 3938; x_wconf 92' lang='lat' dir='ltr'><strong>apud</strong></span> 
     </span>
     <span class='ocr_line' id='line_1_41' title="bbox 141 3944 1495 4027; baseline 0.003 -23"><span class='ocrx_word' id='word_1_434' title='bbox 141 3944 316 4021; x_wconf 85' lang='lat' dir='ltr'><strong>Joseplrum.</strong></span> <span class='ocrx_word' id='word_1_435' title='bbox 355 3945 430 4004; x_wconf 89' lang='lat' dir='ltr'><strong>Nam</strong></span> <span class='ocrx_word' id='word_1_436' title='bbox 453 3949 477 4003; x_wconf 91' lang='lat' dir='ltr'><strong>si</strong></span> <span class='ocrx_word' id='word_1_437' title='bbox 502 3946 537 4004; x_wconf 86' lang='lat' dir='ltr'><strong>de</strong></span> <span class='ocrx_word' id='word_1_438' title='bbox 561 3954 598 4005; x_wconf 76' lang='lat'><strong>21</strong></span> <span class='ocrx_word' id='word_1_439' title='bbox 627 3950 709 4005; x_wconf 86' lang='lat' dir='ltr'><strong>annis</strong></span> <span class='ocrx_word' id='word_1_440' title='bbox 725 3967 742 4006; x_wconf 90' lang='grc'><strong>1</strong></span> <span class='ocrx_word' id='word_1_441' title='bbox 761 3949 839 4005; x_wconf 85' lang='lat' dir='ltr'><strong>ilarii</strong></span> <span class='ocrx_word' id='word_1_442' title='bbox 864 3949 946 4006; x_wconf 91' lang='lat' dir='ltr'><strong>initio</strong></span> <span class='ocrx_word' id='word_1_443' title='bbox 969 3947 1124 4006; x_wconf 86' lang='lat' dir='ltr'><strong>subtrahas</strong></span> <span class='ocrx_word' id='word_1_444' title='bbox 1145 3956 1205 4005; x_wconf 85' lang='lat' dir='ltr'><strong>tres</strong></span> <span class='ocrx_word' id='word_1_445' title='bbox 1228 3964 1323 4006; x_wconf 90' lang='lat' dir='ltr'><strong>annos</strong></span> <span class='ocrx_word' id='word_1_446' title='bbox 1346 3948 1430 4027; x_wconf 89' lang='lat' dir='ltr'><strong>Cyri,</strong></span> <span class='ocrx_word' id='word_1_447' title='bbox 1452 3967 1495 4009; x_wconf 89' lang='lat' dir='ltr'><strong>re·</strong></span> 
     </span>
     <span class='ocr_line' id='line_1_42' title="bbox 142 4034 1495 4114; baseline 0.005 -25"><span class='ocrx_word' id='word_1_448' title='bbox 142 4034 263 4091; x_wconf 88' lang='lat' dir='ltr'><strong>stabunt</strong></span> <span class='ocrx_word' id='word_1_449' title='bbox 289 4039 327 4093; x_wconf 85' lang='lat'><strong>18</strong></span> <span class='ocrx_word' id='word_1_450' title='bbox 352 4035 429 4105; x_wconf 88' lang='lat' dir='ltr'><strong>anni,</strong></span> <span class='ocrx_word' id='word_1_451' title='bbox 455 4034 580 4092; x_wconf 89' lang='lat' dir='ltr'><strong>Berosus</strong></span> <span class='ocrx_word' id='word_1_452' title='bbox 604 4041 757 4093; x_wconf 80' lang='grc'><strong>11111111</strong></span> <span class='ocrx_word' id='word_1_453' title='bbox 783 4034 1378 4112; x_wconf 57' lang='grc' dir='ltr'><strong>1111111111ῑί1111111110111111311</strong></span> <span class='ocrx_word' id='word_1_454' title='bbox 1405 4038 1495 4114; x_wconf 84' lang='lat' dir='ltr'><strong>Assy·</strong></span> 
     </span>
     <span class='ocr_line' id='line_1_43' title="bbox 141 4121 1494 4198; baseline 0.004 -22"><span class='ocrx_word' id='word_1_455' title='bbox 141 4121 219 4177; x_wconf 90' lang='lat' dir='ltr'><strong>riaeo</strong></span> <span class='ocrx_word' id='word_1_456' title='bbox 254 4124 333 4178; x_wconf 86' lang='lat' dir='ltr'><strong>exuit</strong></span> <span class='ocrx_word' id='word_1_457' title='bbox 356 4138 501 4196; x_wconf 89' lang='lat' dir='ltr'><strong>quemque</strong></span> <span class='ocrx_word' id='word_1_458' title='bbox 524 4125 604 4196; x_wconf 89' lang='lat' dir='ltr'><strong>prius</strong></span> <span class='ocrx_word' id='word_1_459' title='bbox 627 4125 655 4179; x_wconf 92' lang='lat' dir='ltr'><strong>in</strong></span> <span class='ocrx_word' id='word_1_460' title='bbox 679 4122 776 4180; x_wconf 89' lang='lat' dir='ltr'><strong>locum</strong></span> <span class='ocrx_word' id='word_1_461' title='bbox 801 4123 977 4198; x_wconf 87' lang='lat' dir='ltr'><strong>exstirpatae</strong></span> <span class='ocrx_word' id='word_1_462' title='bbox 1000 4124 1097 4197; x_wconf 88' lang='lat' dir='ltr'><strong>stirpis</strong></span> <span class='ocrx_word' id='word_1_463' title='bbox 1121 4122 1297 4198; x_wconf 89' lang='lat' dir='ltr'><strong>Assyriacae</strong></span> <span class='ocrx_word' id='word_1_464' title='bbox 1321 4124 1494 4184; x_wconf 73' lang='lat' dir='ltr'><strong>suffecerant</strong></span> 
     </span>
     <span class='ocr_line' id='line_1_44' title="bbox 141 4204 1492 4287; baseline 0.004 -23"><span class='ocrx_word' id='word_1_465' title='bbox 141 4204 309 4283; x_wconf 88' lang='lat' dir='ltr'><strong>Babylonii,</strong></span> <span class='ocrx_word' id='word_1_466' title='bbox 335 4216 364 4266; x_wconf 90' lang='lat' dir='ltr'><strong>et</strong></span> <span class='ocrx_word' id='word_1_467' title='bbox 387 4226 473 4283; x_wconf 89' lang='lat' dir='ltr'><strong>quem</strong></span> <span class='ocrx_word' id='word_1_468' title='bbox 498 4208 623 4284; x_wconf 88' lang='lat' dir='ltr'><strong>denique</strong></span> <span class='ocrx_word' id='word_1_469' title='bbox 646 4208 787 4268; x_wconf 88' lang='lat' dir='ltr'><strong>Manetho</strong></span> <span class='ocrx_word' id='word_1_470' title='bbox 810 4206 889 4285; x_wconf 87' lang='lat' dir='ltr'><strong>apud</strong></span> <span class='ocrx_word' id='word_1_471' title='bbox 912 4209 1070 4267; x_wconf 82' lang='lat' dir='ltr'><strong>Eusebium</strong></span> <span class='ocrx_word' id='word_1_472' title='bbox 1091 4208 1196 4267; x_wconf 89' lang='lat' dir='ltr'><strong>Meden</strong></span> <span class='ocrx_word' id='word_1_473' title='bbox 1220 4207 1362 4285; x_wconf 89' lang='lat' dir='ltr'><strong>appellat,</strong></span> <span class='ocrx_word' id='word_1_474' title='bbox 1386 4215 1441 4287; x_wconf 80' lang='lat' dir='ltr'><strong>qui</strong></span> <span class='ocrx_word' id='word_1_475' title='bbox 1461 4228 1492 4271; x_wconf 83' lang='lat' dir='ltr'><strong>ex</strong></span> 
     </span>
     <span class='ocr_line' id='line_1_45' title="bbox 141 4294 1492 4373; baseline 0.004 -22"><span class='ocrx_word' id='word_1_476' title='bbox 141 4295 260 4352; x_wconf 83' lang='lat' dir='ltr'><strong>oraculo</strong></span> <span class='ocrx_word' id='word_1_477' title='bbox 284 4295 385 4367; x_wconf 81' lang='lat' dir='ltr'><strong>Magni</strong></span> <span class='ocrx_word' id='word_1_478' title='bbox 408 4296 705 4355; x_wconf 85' lang='lat' dir='ltr'><strong>Nabuelrodonosoris</strong></span> <span class='ocrx_word' id='word_1_479' title='bbox 729 4314 774 4354; x_wconf 90' lang='lat' dir='ltr'><strong>res</strong></span> <span class='ocrx_word' id='word_1_480' title='bbox 798 4297 1027 4373; x_wconf 88' lang='lat' dir='ltr'><strong>Babyloniorum</strong></span> <span class='ocrx_word' id='word_1_481' title='bbox 1051 4296 1214 4373; x_wconf 88' lang='lat' dir='ltr'><strong>perditums</strong></span> <span class='ocrx_word' id='word_1_482' title='bbox 1237 4305 1311 4355; x_wconf 89' lang='lat' dir='ltr'><strong>erat.</strong></span> <span class='ocrx_word' id='word_1_483' title='bbox 1359 4294 1420 4358; x_wconf 91' lang='lat' dir='ltr'><strong>Ubi</strong></span> <span class='ocrx_word' id='word_1_484' title='bbox 1443 4301 1492 4358; x_wconf 90' lang='lat' dir='ltr'><strong>etsi</strong></span> 
     </span>
     <span class='ocr_line' id='line_1_46' title="bbox 140 4382 1493 4462; baseline 0.005 -26"><span class='ocrx_word' id='word_1_485' title='bbox 140 4383 259 4439; x_wconf 90' lang='lat' dir='ltr'><strong>nomina</strong></span> <span class='ocrx_word' id='word_1_486' title='bbox 283 4383 398 4451; x_wconf 87' lang='lat' dir='ltr'><strong>Darius,</strong></span> <span class='ocrx_word' id='word_1_487' title='bbox 424 4383 501 4458; x_wconf 90' lang='lat' dir='ltr'><strong>quod</strong></span> <span class='ocrx_word' id='word_1_488' title='bbox 526 4383 646 4451; x_wconf 82' lang='lat' dir='ltr'><strong>Daniel,</strong></span> <span class='ocrx_word' id='word_1_489' title='bbox 672 4391 700 4442; x_wconf 91' lang='lat' dir='ltr'><strong>et</strong></span> <span class='ocrx_word' id='word_1_490' title='bbox 722 4382 932 4462; x_wconf 87' lang='lat' dir='ltr'><strong>Nabonnidus,</strong></span> <span class='ocrx_word' id='word_1_491' title='bbox 955 4382 1035 4459; x_wconf 91' lang='lat' dir='ltr'><strong>quod</strong></span> <span class='ocrx_word' id='word_1_492' title='bbox 1058 4384 1185 4442; x_wconf 89' lang='lat' dir='ltr'><strong>Berosus</strong></span> <span class='ocrx_word' id='word_1_493' title='bbox 1208 4383 1316 4455; x_wconf 86' lang='lat' dir='ltr'><strong>habet,</strong></span> <span class='ocrx_word' id='word_1_494' title='bbox 1338 4398 1402 4444; x_wconf 89' lang='lat' dir='ltr'><strong>uon</strong></span> <span class='ocrx_word' id='word_1_495' title='bbox 1427 4404 1493 4446; x_wconf 91' lang='lat' dir='ltr'><strong>con-</strong></span> 
     </span>
     <span class='ocr_line' id='line_1_47' title="bbox 140 4470 1494 4550; baseline 0.006 -26"><span class='ocrx_word' id='word_1_496' title='bbox 140 4471 262 4526; x_wconf 87' lang='lat' dir='ltr'><strong>veniunt</strong></span> <span class='ocrx_word' id='word_1_497' title='bbox 285 4471 358 4527; x_wconf 89' lang='lat' dir='ltr'><strong>inter</strong></span> <span class='ocrx_word' id='word_1_498' title='bbox 382 4486 427 4541; x_wconf 88' lang='lat' dir='ltr'><strong>se,</strong></span> <span class='ocrx_word' id='word_1_499' title='bbox 457 4479 581 4545; x_wconf 85' lang='lat' dir='ltr'><strong>possunt</strong></span> <span class='ocrx_word' id='word_1_500' title='bbox 603 4478 700 4530; x_wconf 89' lang='lat' dir='ltr'><strong>tamen</strong></span> <span class='ocrx_word' id='word_1_501' title='bbox 723 4488 803 4529; x_wconf 89' lang='lat' dir='ltr'><strong>more</strong></span> <span class='ocrx_word' id='word_1_502' title='bbox 828 4470 904 4528; x_wconf 91' lang='lat' dir='ltr'><strong>illius</strong></span> <span class='ocrx_word' id='word_1_503' title='bbox 928 4474 1024 4545; x_wconf 84' lang='lat' dir='ltr'><strong>gentis</strong></span> <span class='ocrx_word' id='word_1_504' title='bbox 1047 4473 1075 4528; x_wconf 94' lang='lat' dir='ltr'><strong>ln</strong></span> <span class='ocrx_word' id='word_1_505' title='bbox 1100 4470 1220 4530; x_wconf 85' lang='lat' dir='ltr'><strong>eandem</strong></span> <span class='ocrx_word' id='word_1_506' title='bbox 1244 4474 1405 4533; x_wconf 82' lang='lat' dir='ltr'><strong>convenire</strong></span> <span class='ocrx_word' id='word_1_507' title='bbox 1428 4491 1494 4550; x_wconf 86' lang='lat' dir='ltr'><strong>per·</strong></span> 
     </span>
     <span class='ocr_line' id='line_1_48' title="bbox 139 4556 1492 4635; baseline 0.005 -23"><span class='ocrx_word' id='word_1_508' title='bbox 139 4571 251 4613; x_wconf 88' lang='lat' dir='ltr'><strong>sonam.</strong></span> <span class='ocrx_word' id='word_1_509' title='bbox 290 4556 327 4614; x_wconf 82' lang='lat' dir='ltr'><strong>Et</strong></span> <span class='ocrx_word' id='word_1_510' title='bbox 346 4565 423 4615; x_wconf 87' lang='lat' dir='ltr'><strong>corte</strong></span> <span class='ocrx_word' id='word_1_511' title='bbox 439 4556 630 4616; x_wconf 88' lang='lat' dir='ltr'><strong>Nabonnidus</strong></span> <span class='ocrx_word' id='word_1_512' title='bbox 646 4576 750 4616; x_wconf 90' lang='lat' dir='ltr'><strong>nomen</strong></span> <span class='ocrx_word' id='word_1_513' title='bbox 772 4558 859 4616; x_wconf 86' lang='lat' dir='ltr'><strong>officii</strong></span> <span class='ocrx_word' id='word_1_514' title='bbox 877 4557 1001 4629; x_wconf 86' lang='lat' dir='ltr'><strong>videtur,</strong></span> <span class='ocrx_word' id='word_1_515' title='bbox 1025 4568 1179 4634; x_wconf 90' lang='lat' dir='ltr'><strong>propterea</strong></span> <span class='ocrx_word' id='word_1_516' title='bbox 1194 4558 1274 4634; x_wconf 90' lang='lat' dir='ltr'><strong>quod</strong></span> <span class='ocrx_word' id='word_1_517' title='bbox 1290 4577 1381 4635; x_wconf 85' lang='lat' dir='ltr'><strong>quem</strong></span> <span class='ocrx_word' id='word_1_518' title='bbox 1398 4561 1492 4619; x_wconf 87' lang='lat' dir='ltr'><strong>Biblia</strong></span> 
     </span>
     <span class='ocr_line' id='line_1_49' title="bbox 138 4640 1492 4723; baseline 0.007 -25"><span class='ocrx_word' id='word_1_519' title='bbox 138 4640 415 4702; x_wconf 81' lang='lat' dir='ltr'><strong>Nebucadnearuem</strong></span> <span class='ocrx_word' id='word_1_520' title='bbox 441 4643 607 4723; x_wconf 88' lang='lat' dir='ltr'><strong>appellant,</strong></span> <span class='ocrx_word' id='word_1_521' title='bbox 638 4648 661 4703; x_wconf 87' lang='lat' dir='ltr'><strong>is</strong></span> <span class='ocrx_word' id='word_1_522' title='bbox 685 4645 761 4722; x_wconf 86' lang='lat' dir='ltr'><strong>apud</strong></span> <span class='ocrx_word' id='word_1_523' title='bbox 786 4644 969 4703; x_wconf 91' lang='lat' dir='ltr'><strong>Herodotum</strong></span> <span class='ocrx_word' id='word_1_524' title='bbox 991 4645 1048 4704; x_wconf 87' lang='lat' dir='ltr'><strong>lroe</strong></span> <span class='ocrx_word' id='word_1_525' title='bbox 1068 4645 1146 4704; x_wconf 89' lang='lat' dir='ltr'><strong>idem</strong></span> <span class='ocrx_word' id='word_1_526' title='bbox 1169 4660 1275 4704; x_wconf 88' lang='lat' dir='ltr'><strong>nomen</strong></span> <span class='ocrx_word' id='word_1_527' title='bbox 1298 4646 1492 4707; x_wconf 86' lang='lat' dir='ltr'><strong>Nabonnidus</strong></span> 
     </span>
     <span class='ocr_line' id='line_1_50' title="bbox 139 4729 1491 4809; baseline 0.007 -25"><span class='ocrx_word' id='word_1_528' title='bbox 139 4730 202 4787; x_wconf 81' lang='lat' dir='ltr'><strong>sire</strong></span> <span class='ocrx_word' id='word_1_529' title='bbox 227 4729 397 4789; x_wconf 85' lang='lat' dir='ltr'><strong>Labonidus</strong></span> <span class='ocrx_word' id='word_1_530' title='bbox 421 4742 553 4807; x_wconf 89' lang='lat' dir='ltr'><strong>occupat.</strong></span> <span class='ocrx_word' id='word_1_531' title='bbox 592 4731 668 4791; x_wconf 93' lang='lat' dir='ltr'><strong>lllud</strong></span> <span class='ocrx_word' id='word_1_532' title='bbox 692 4732 729 4791; x_wconf 90' lang='lat' dir='ltr'><strong>ad</strong></span> <span class='ocrx_word' id='word_1_533' title='bbox 752 4734 902 4790; x_wconf 89' lang='lat' dir='ltr'><strong>minimum</strong></span> <span class='ocrx_word' id='word_1_534' title='bbox 926 4750 962 4792; x_wconf 84' lang='lat' dir='ltr'><strong>ex</strong></span> <span class='ocrx_word' id='word_1_535' title='bbox 985 4736 1074 4792; x_wconf 88' lang='lat' dir='ltr'><strong>eitato</strong></span> <span class='ocrx_word' id='word_1_536' title='bbox 1089 4750 1153 4809; x_wconf 86' lang='lat' dir='ltr'><strong>cap.</strong></span> <span class='ocrx_word' id='word_1_537' title='bbox 1173 4738 1226 4794; x_wconf 86' lang='lat'>10..</span> <span class='ocrx_word' id='word_1_538' title='bbox 1236 4741 1265 4792; x_wconf 88' lang='lat' dir='ltr'><strong>et</strong></span> <span class='ocrx_word' id='word_1_539' title='bbox 1284 4739 1336 4792; x_wconf 92' lang='lat'><strong>11.</strong></span> <span class='ocrx_word' id='word_1_540' title='bbox 1361 4735 1491 4796; x_wconf 85' lang='lat' dir='ltr'><strong>Danielis</strong></span> 
     </span>
     <span class='ocr_line' id='line_1_51' title="bbox 138 4816 1491 4898; baseline 0.006 -23"><span class='ocrx_word' id='word_1_541' title='bbox 138 4819 287 4894; x_wconf 88' lang='lat' dir='ltr'><strong>sequitur,</strong></span> <span class='ocrx_word' id='word_1_542' title='bbox 317 4816 399 4882; x_wconf 87' lang='lat' dir='ltr'><strong>aliud</strong></span> <span class='ocrx_word' id='word_1_543' title='bbox 427 4834 491 4879; x_wconf 82' lang='lat' dir='ltr'><strong>osse</strong></span> <span class='ocrx_word' id='word_1_544' title='bbox 515 4820 600 4898; x_wconf 86' lang='lat' dir='ltr'><strong>Cyri,</strong></span> <span class='ocrx_word' id='word_1_545' title='bbox 633 4819 713 4879; x_wconf 89' lang='lat' dir='ltr'><strong>aliud</strong></span> <span class='ocrx_word' id='word_1_546' title='bbox 737 4821 820 4879; x_wconf 87' lang='lat' dir='ltr'><strong>Darll</strong></span> <span class='ocrx_word' id='word_1_547' title='bbox 848 4822 974 4883; x_wconf 89' lang='lat' dir='ltr'><strong>initium.</strong></span> <span class='ocrx_word' id='word_1_548' title='bbox 1018 4820 1093 4881; x_wconf 82' lang='lat' dir='ltr'><strong>Nem</strong></span> <span class='ocrx_word' id='word_1_549' title='bbox 1121 4834 1200 4881; x_wconf 85' lang='lat' dir='ltr'><strong>anno</strong></span> <span class='ocrx_word' id='word_1_550' title='bbox 1223 4825 1252 4883; x_wconf 85' lang='lat' dir='ltr'><strong>a.</strong></span> <span class='ocrx_word' id='word_1_551' title='bbox 1277 4819 1350 4898; x_wconf 85' lang='lat' dir='ltr'><strong>Cyri</strong></span> <span class='ocrx_word' id='word_1_552' title='bbox 1369 4821 1491 4883; x_wconf 79' lang='lat' dir='ltr'><strong>Gabriel</strong></span> 
     </span>
    </p>
   </div>
   <div class='ocr_carea' id='block_1_6' title="bbox 0 0 1646 5520">
    <p class='ocr_par' dir='ltr' id='par_1_7' title="bbox 0 0 1646 5520">
     <span class='ocr_line' id='line_1_52' title="bbox 0 0 1646 5520; baseline 0 2"><span class='ocrx_word' id='word_1_553' title='bbox 0 0 1646 5520; x_wconf 95' lang='lat' dir='ltr'><strong> </strong></span> 
     </span>
    </p>
   </div>
  </div>
 </body>
</html>
