3284 5520
147 339 214 410 240
640 335 777 408 Tyclonis
793 334 1006 407 Hyperasplstes

147 523 200 577 aut
215 512 259 591 5⁰,
281 532 335 577 nec
357 516 484 577 indicari
507 514 611 589 solnm,
634 514 688 576 sed
709 515 799 576 etiam
820 513 982 577 manifestis
999 514 1185 592 speculorum
1199 515 1406 591 experimentis
1420 531 1503 575 eom·

148 605 282 681 probavi,
305 603 357 664 sed
380 622 456 683 quae
479 621 538 663 non
560 615 682 680 possunt
706 602 845 680 applicari
867 604 924 660 nisi
949 601 1045 665 sidere
1060 605 1088 661 ln
1103 604 1251 679 ipsissimo
1266 602 1420 663 horizonte
1436 605 1503 662 riso

149 701 179 753 et
200 709 251 768 per
273 691 427 752 veritatem
449 691 546 751 adhuc
567 691 643 749 infra
664 692 817 763 existente,
840 691 1067 766 necquicquam
1082 692 1209 752 attinent
1224 699 1371 751 cometam
1386 691 1416 748 in
1433 689 1504 749 alti-

149 778 249 839 tudine
272 778 373 855 aliqua
395 796 484 856 supra
505 779 694 840 horizontem.

256 867 304 925 15.
342 867 389 926 Ita
417 867 552 926 omnibus
574 864 669 926 modis
692 865 834 925 deseritur
858 863 1074 924 claramontius
1097 881 1162 924 com
1185 881 1241 924 sua
1263 871 1436 942 portentosa
1457 881 1506 924 rc-

148 955 288 1013 fractione
311 955 341 1009 in
364 962 478 1013 cometa
500 954 629 1026 elevato,
654 952 796 1012 deseritur
818 954 939 1028 inquam
960 952 999 1011 ah
1022 952 1067 1011 his
1091 951 1232 1030 exemplis
1255 950 1455 1012 Omsellarum
1476 960 1507 1012 et

148 1041 252 1100 Norae
274 1041 429 1114 Zemblac,
458 1042 622 1117 frustraque
638 1057 683 1101 -se
714 1043 749 1099 iis
777 1039 900 1116 palliare
929 1039 1035 1099 studet.
1081 1038 1191 1099 Clauso
1215 1056 1284 1099 vero
1307 1039 1365 1099 hoc
1388 1040 1507 1098 subter-

148 1129 230 1204 fugio
260 1145 312 1205 per
341 1128 546 1188 refractionum
577 1130 703 1200 exitum,
738 1125 1021 1204 comprehenduntur
1054 1142 1164 1187 errores
1195 1127 1342 1187 manifesti
1374 1126 1506 1186 locorum

150 1216 350 1292 ecliptieorum
373 1224 504 1276 cometae
528 1233 564 1274 ex
586 1216 633 1276 his
655 1215 824 1274 auctoribus
848 1231 913 1274 curn
936 1214 1115 1292 ‘lychonlcis
1137 1221 1387 1291 comparatorum,
1411 1230 1507 1289 eoque

149 1319 246 1378 neque
261 1301 376 1362 illorum
392 1305 473 1377 socii,
495 1304 654 1379 exquibus
670 1302 770 1378 aliqua
784 1318 892 1377 magne
907 1318 965 1360 non
981 1301 1124 1375 retractio,
1147 1301 1198 1362 sed
1213 1301 1375 1378 parallaxis
1391 1301 1509 1360 videtur

150 1391 233 1462 elici,
263 1389 349 1450 fidem
377 1398 539 1463 merentur,
567 1408 622 1450 nec
643 1397 712 1449 sunt
733 1389 798 1465 ejus
820 1390 921 1466 pretii,
952 1396 984 1447 ut
1007 1405 1073 1449 cnm
1095 1390 1258 1450 manifestis
1280 1397 1310 1450 et
1332 1388 1508 1449 indubitatis

149 1476 298 1555 'l'ychonis
321 1479 575 1539 observationibus
599 1475 819 1538 contendantur.

625 1624 667 1690 tl
691 1623 786 1705 thuf
808 1622 854 1689 ld.
877 1618 930 1689 fol.
952 1618 1020 1688 329.

257 1741 284 1800 1.
314 1738 496 1799 Basiliodam
519 1738 667 1815 quandam
689 1737 790 1799 ludere
813 1738 928 1798 ridetur
950 1736 1023 1797 haec
1045 1735 1196 1814 'lychonls
1218 1736 1388 1797 adversaria
1411 1739 1508 1810 simia,

150 1827 180 1883 in
203 1827 322 1900 quasit
345 1834 375 1885 et
396 1845 455 1899 rer,
479 1834 509 1886 et
530 1829 641 1903 regina,
664 1833 695 1886 et
716 1826 803 1887 aulae
825 1827 973 1901 magister,
998 1831 1028 1884 ct
1048 1827 1232 1895 camerarius,
1256 1832 1285 1884 et
1300 1825 1507 1898 marescalcus,

150 1919 180 1972 et
202 1912 380 1990 capellanus,
404 1923 434 1973 et
456 1913 649 1985 consiliarius,
674 1921 704 1974 et
725 1912 866 1990 plurimus
889 1913 999 1988 ubique
1021 1913 1128 1971 morio:
1153 1910 1228 1972 adeo
1243 1928 1344 1972 omnes
1359 1911 1427 1972 lihri
1443 1912 1509 1991 ‘ly-

151 1998 265 2059 chonici
288 2008 385 2077 partes
407 2003 470 2062 sine
493 2004 665 2077 exceptione
687 2003 717 2057 in
741 2018 824 2060 suam
848 2001 1020 2059 contrariam
1044 1997 1220 2076 hypothesin
1251 1998 1379 2058 traducit
1400 1998 1509 2060 clara-

149 2087 287 2160 montius,
312 2096 345 2147 ut
367 2087 423 2148 hoc
447 2091 542 2165 capite
566 2106 602 2147 ne
624 2088 692 2147 illos
715 2088 833 2163 quidem
855 2090 998 2147 minorum
1020 2089 1151 2162 gentium
1174 2087 1395 2159 observatores,
1421 2086 1508 2164 Hag-

150 2175 277 2253 gecium,
299 2174 460 2248 Nolthium,
484 2174 657 2250 Scultetum,
681 2174 891 2249 Winelrlerum,
915 2191 1037 2251 quorum
1061 2175 1170 2249 scripta
1194 2176 1374 2234 examinarit
1391 2173 1508 2252 Tycho,

151 2263 289 2337 omiserit,
313 2265 383 2339 quin
406 2265 496 2323 etiam
518 2263 556 2322 ab
580 2265 617 2322 iis
639 2262 901 2323 demonstrationes
924 2267 1025 2321 contra
1047 2260 1219 2338 Tyehonem
1242 2260 1451 2322 emendicaret.

144 2378 147 2383 ·
255 2351 284 2410 2.
320 2349 495 2427 Quanquam
519 2368 645 2426 aequum
669 2360 714 2410 cst
736 2352 922 2426 ignoscamus
946 2348 1065 2421 homini,
1097 2349 1176 2424 quod
1197 2366 1253 2409 suo
1276 2349 1304 2406 in
1328 2343 1510 2427 ὁμοψηφους

150 2434 264 2495 ducitur
294 2440 399 2512 genio:
431 2437 534 2497 similis
564 2437 652 2497 simili
680 2437 799 2514 gaudet
844 2437 885 2496 Hi
915 2438 1052 2495 nimirum
1080 2444 1224 2496 cometam
1252 2438 1317 2495 ausi
1340 2442 1411 2496 sunt
1433 2437 1508 2495 suh-

149 2522 280 2583 lanarem
308 2525 423 2600 facere,
452 2524 561 2601 volupe
590 2534 648 2598 eat,
678 2528 789 2585 munire
817 2543 849 2585 se
873 2524 1115 2596 auctoritatibus,
1147 2523 1205 2583 hnc
1232 2525 1334 2599 quanti
1358 2523 1510 2600 ponderis,

150 2609 311 2671 Wiuclrleri
332 2621 403 2688 puta
426 2622 456 2670 ct
476 2599 599 2673 Nolthii.
643 2612 719 2672 Nam
742 2612 891 2672 Scultenna
914 2618 944 2670 et
965 2610 1136 2689 Haggecius
1159 2613 1214 2670 viri
1236 2612 1405 2671 lucrantia
1429 2618 1510 2671 certa

149 2704 232 2775 parte
254 2699 392 2758 scientiae
416 2700 609 2774 observandi,
633 2717 691 2761 nou
714 2698 927 2760 contemnendi.

255 2788 283 2845 3.
316 2787 355 2846 At
376 2786 465 2847 iidem
488 2805 539 2864 per
562 2786 660 2848 literas
675 2806 694 2847 a
708 2787 849 2865 'lychone
872 2786 1014 2846 admoniti
1038 2783 1074 2844 de
1096 2801 1151 2845 sua
1173 2787 1320 2846 sententia
1338 2782 1426 2845 facile
1443 2801 1509 2845 scae

151 2870 255 2931 deduci
277 2882 346 2933 sunt
368 2876 456 2951 passi,
479 2882 513 2933 ut
533 2882 616 2950 patet
638 2893 673 2935 ex
696 2882 775 2934 tomo
798 2875 838 2934 11.
863 2873 1020 2950 Progymu.
1044 2870 1194 2948 'lychonis
1216 2872 1266 2933 fol
1293 2874 1355 2933 366
1379 2880 1410 2931 et
1434 2877 1510 2944 442,

149 2966 264 3019 utnon
287 2960 398 3022 habeat
420 2979 538 3021 causam
562 2962 795 3035 claromontius,
819 2979 920 3021 eorum
943 2975 1116 3018 eonsensum
1135 2959 1278 3036 Jactaodi.
1324 2960 1362 3019 Et
1382 2958 1510 3037 Hagge·

151 3048 213 3105 eius
237 3047 354 3124 quidem
378 3051 552 3109 sententiam
574 3049 691 3124 publice
714 3049 894 3127 retractavit,
917 3046 1065 3107 Scultetus
1085 3064 1155 3107 vero
1171 3064 1238 3107 cum
1253 3047 1291 3108 ad
1308 3050 1379 3125 reip.
1394 3050 1511 3123 patriae

149 3135 251 3192 munia
272 3136 433 3209 transisset,
457 3153 583 3210 manum,
608 3137 687 3214 qood
709 3139 801 3210 aiunt,
825 3137 861 3197 de
884 3133 987 3195 tabula
1009 3131 1158 3208 subduxit,
1181 3152 1236 3194 nec
1258 3135 1288 3195 id
1310 3151 1419 3211 magno
1442 3152 1510 3195 cnm

148 3223 330 3296 posteritatis
353 3222 459 3283 damno
483 3225 637 3283 intermisit
650 3220 710 3306 δ0);
734 3222 807 3283 nihil
830 3225 906 3283 enim
923 3238 1033 3295 eorum,
1056 3238 1134 3298 quae
1150 3240 1186 3282 er
1204 3239 1239 3282 eo
1255 3222 1358 3301 Tycho
1373 3222 1425 3282 fol.
1444 3224 1509 3282 422

151 3308 297 3384 speranda
317 3312 449 3385 putarit,
482 3314 641 3383 evenisset,
674 3319 702 3371 4.
730 3328 788 3371 non
817 3310 921 3371 fuisset
942 3309 1059 3369 ademta
1082 3308 1282 3370 claramontis
1306 3311 1443 3389 occano,
1472 3309 1510 3370 de

153 3394 209 3454 hoc
232 3405 346 3456 cometa
369 3400 464 3457 minus
487 3406 565 3458 recte
584 3397 737 3475 judicandi
759 3416 812 3458 seu
835 3401 933 3475 potius
956 3396 1171 3473 proterviendi3
1201 3414 1259 3456 non
1289 3399 1367 3458 enim
1398 3397 1455 3457 hac
1480 3398 1509 3455 in

151 3499 182 3541 re
212 3500 277 3544 sese
308 3503 413 3562 passus
443 3493 488 3545 cst
517 3485 650 3561 impediri
673 3504 693 3546 a
714 3486 876 3545 clarissima
908 3493 938 3544 ct
968 3486 1095 3559 ingenua
1117 3483 1263 3560 Haggecii
1291 3488 1509 3557 retractatione,

152 3571 222 3644 quin
246 3587 312 3630 cum
335 3571 383 3632 vel
406 3574 529 3632 inritum
552 3572 590 3632 ad
612 3575 810 3633 testimonium
825 3589 878 3649 pro
893 3590 925 3632 se
941 3568 1094 3631 dicendum
1110 3572 1292 3648 protraheret
1305 3571 1509 3634 nihilominus.

258 3658 286 3715 5.
318 3658 376 3718 Sed
399 3662 470 3736 quia
486 3659 700 3720 Claramontins
723 3659 796 3718 nihil
818 3659 967 3720 attendere
990 3657 1054 3717 rult
1076 3658 1115 3717 ad
1138 3663 1265 3719 virorum
1288 3659 1393 3719 horum
1415 3661 1509 3719 ratio·

152 3759 220 3814 nes,
251 3744 322 3803 nihil
352 3746 390 3805 ad
419 3746 576 3807 eorundem
605 3750 840 3820 retractationes,
872 3750 942 3824 quia
970 3755 1086 3806 recusat
1114 3747 1277 3824 expendere
1300 3749 1510 3825 responsiones

152 3828 301 3907 'lychonis
331 3841 360 3892 et
390 3851 511 3893 examen
541 3837 669 3911 ipsarum
699 3836 937 3895 observationum
967 3835 1217 3893 accuratissimum
1241 3831 1429 3914 (quanquam
1450 3834 1510 3895 hoc

152 3917 464 4003 erataequissimum),
488 3930 517 3980 ct
539 3925 609 3999 quia
631 3930 677 3983 sat
699 3922 807 3983 hahere
831 3922 909 3994 dicit,
934 3924 1015 3999 ipsas
1035 3937 1135 3980 eorum
1151 3922 1373 3982 observationes
1390 3939 1509 3982 aarum·

153 4022 210 4081 que
233 4005 411 4067 differentias
434 4009 571 4083 conferre,
595 4010 713 4089 perinde
736 4028 771 4070 ac
792 4011 817 4068 si
841 4019 939 4069 essent
961 4009 1175 4081 exactissimae,
1198 4008 1318 4086 perinde
1340 4012 1424 4069 acsi
1447 4018 1509 4070 tam

152 4090 237 4153 facilc
260 4105 337 4154 esset
360 4113 448 4171 opus,
478 4105 563 4157 caute
586 4107 615 4158 et
638 4098 791 4174 diligenter
814 4097 986 4156 observare:
1017 4103 1184 4172 repetantur
1214 4099 1301 4174 igitur
1324 4099 1424 4156 omnia
1446 4096 1509 4171 ilfa,

154 4198 231 4256 quae
252 4184 334 4258 prius
356 4182 393 4241 ad
417 4184 597 4244 consimilem
620 4187 744 4244 abusum
767 4185 897 4244 locorum
913 4183 1121 4260 eclipticorum,
1144 4183 1346 4258 aldaestlino‚
1371 4182 1528 4253 Gemma,‘

151 4267 274 4327 Riislino
297 4269 486 4346 proditorum,
510 4289 564 4348 ego
589 4272 656 4332 dixi.
696 4270 810 4347 Quibus
833 4275 992 4349 perpensis,
1016 4270 1100 4331 facile
1124 4270 1237 4332 videbit
1258 4271 1358 4345 lector,
1382 4288 1441 4331 non
1465 4275 1510 4332 ita

153 4371 253 4415 secure
280 4358 337 4416 sibi
361 4358 603 4418 contemnendum
626 4374 690 4419 csse
713 4377 835 4420 eramen
858 4362 986 4437 ipsarum
1010 4357 1184 4434 simplicium
1207 4361 1296 4419 etiam
1319 4360 1509 4419 observatio-

153 4459 222 4501 num
251 4445 280 4500 in
309 4445 454 4505 distantiis
482 4446 603 4519 elixis,
635 4446 714 4522 quod
744 4447 847 4525 Tycho
878 4448 1014 4506 instituit.
1062 4446 1104 4504 llo
1138 4463 1206 4507 vero
1237 4447 1314 4507 lecto
1344 4447 1509 4521 mirabitur,

153 4530 257 4590 micam
278 4548 432 4608 superesse
456 4532 503 4593 rel
521 4534 625 4609 judicii
644 4533 689 4594 vel
706 4536 825 4611 purioris
843 4536 872 4591 in
889 4534 1096 4605 claramontio,
1122 4533 1201 4608 quod
1217 4550 1267 4594 eas
1282 4534 1510 4596 observationes

153 4633 205 4691 pro
227 4617 425 4680 fundamentis
448 4620 598 4681 venditare
621 4621 711 4681 aodct
734 4623 1013 4684 demonstrationum
1036 4638 1154 4680 suarum
1177 4623 1368 4698 egregiarum.

260 4707 287 4765 6.
325 4707 401 4767 Nam
424 4711 490 4786 quis
512 4709 567 4768 sibi
592 4718 732 4786 temperet
754 4712 793 4771 ab
816 4713 866 4782 ira,
891 4708 1010 4788 quando
1033 4708 1089 4768 hoo
1112 4710 1175 4785 ipso
1199 4711 1265 4769 loco
1288 4708 1509 4770 Olaramoutius

153 4788 281 4861 medium
303 4798 457 4859 terminum
479 4796 759 4861 demonstrationum
779 4815 898 4859 sumum
920 4795 1192 4860 mathematicorum
1210 4797 1287 4877 petit
1299 4814 1318 4857 a
1332 4797 1509 4873 moraiihns,
