3284 5520
469 330 513 386 Ad
529 329 629 387 librum
647 330 697 386 111.
715 328 929 399 Anti-Tychonls
949 345 1007 400 555.
1027 330 1071 386 12.
1385 329 1451 399 267

93 511 179 586 igitur
200 526 390 572 erronearum
411 509 586 588 farraginem
608 526 660 587 per
681 508 869 570 retractiones
892 517 1068 585 excusabat
1089 515 1291 588 portentosas,
1313 512 1379 587 ipse
1400 528 1450 571 re·

92 598 268 658 fractionum
295 598 484 672 rudissimus,
517 597 693 673 tandemque
723 614 760 656 ex
787 598 851 674 1555
872 596 1053 658 absurditate
1076 606 1222 658 tantarum
1244 597 1450 659 retractionem

93 686 201 761 agnita,
227 689 330 747 nexuit
343 693 545 763 argumentum
560 687 751 745 stramineum
765 683 835 744 hoc:
859 683 932 745 radii
949 703 985 745 ex
1000 685 1084 746 coelo
1099 688 1324 746 555155155555
1339 686 1450 746 babent

92 780 187 832 155155
211 775 419 847 retractiones,
443 780 575 834 cometae
597 771 845 846 151551155155,
870 773 1010 850 quicquid
1034 777 1110 833 enim
1133 771 1237 852 Γ15515
1260 771 1450 852 deprehendit
1559 806 1562 811 >

92 877 231 933 cnorum,
254 860 287 921 id
307 862 442 921 retractio
464 862 520 921 1511
541 867 689 920 cometae:
713 876 783 936 ergo
807 869 938 922 cometae
960 876 1019 920 nou
1042 862 1162 921 suntin
1185 859 1278 919 55515.

200 950 250 1008 10.
287 947 413 1009 Rursum
435 966 501 1026 cap.
528 949 577 1007 16.
606 964 640 1007 55
668 949 762 1006 munit
783 949 1006 1007 auctontatibus
1028 958 1153 1025 quatuor
1176 954 1342 1022 auctorum,
1375 965 1449 1025 quos
1484 986 1488 991 ·

90 1032 194 1112 Tycho
227 1045 262 1095 ut
287 1043 435 1096 recusaret
456 1035 593 1109 adduxit,
623 1037 676 1111 qui
697 1042 840 1095 cometam
864 1038 963 1095 testati
985 1045 1054 1095 sunt
1075 1054 1139 1096 esse
1161 1036 1366 1095 sublunarem:
1398 1034 1450 1095 sed

85 1124 103 1179 11
127 1126 245 1200 partim
267 1125 323 1200 ipsi
346 1132 523 1184 revocarunt
544 1123 619 1182 banc
642 1125 825 1196 seutentiam,
848 1125 954 1199 partlm
976 1127 1121 1183 15515515
1138 1122 1324 1183 5155555505
1340 1139 1451 1184 errores

84 1212 275 1271 commisisse
302 1218 370 1269 sunt
392 1210 565 1287 deprehensi
589 1207 657 1291 (per
679 1227 753 1287 qnos
776 1218 875 1270 tamen
898 1209 1104 1270 adstruxerunt
1124 1229 1208 1271 suam
1232 1210 1309 1270 hanc
1330 1218 1451 1271 555155-

78 1293 198 1379 tiam),
223 1304 257 1357 ut
277 1297 485 1376 philosophum
508 1299 611 1359 merito
632 1296 743 1375 550555
765 1297 873 1359 051551
895 1297 996 1357 talium
1019 1301 1242 1371 auctoritatum,
1271 1306 1303 1356 nt
1326 1306 1450 1373 taceam,

77 1385 172 1462 quod
195 1387 359 1445 auctoritas
379 1384 459 1445 5505
479 1384 554 1444 51111
576 1383 764 1445 demonstret

200 1475 252 1532 ll.
288 1470 481 1533 Undecimum
509 1481 606 1533 tamen
635 1472 826 1531 nihilominus
854 1477 1057 1549 argumentum
1086 1473 1176 1531 nectit
1198 1487 1235 1530 ex
1257 1470 1373 1531 illorum
1396 1473 1452 1533 ob-

67 1562 220 1620 55555115
242 1568 303 1619 1555
324 1559 496 1635 fallacibus,
521 1577 586 1619 com
610 1559 787 1639 Tychouicis
809 1562 1002 1636 comparatis,
1026 1558 1129 1619 eodem
1152 1558 1311 1636 ineptiendi
1334 1577 1451 1636 genere,

65 1645 171 1723 quod
187 1664 280 1725 55555
293 1649 416 1708 55155511
432 1665 496 1725 cap.
514 1651 543 1708 t.
561 1649 591 1706 15
607 1648 635 1706 8.
673 1647 732 1708 Sed
751 1649 855 1709 cresclt
876 1649 934 1724 ipsi
957 1647 1123 1708 absurditas
1145 1664 1211 1707 cum
1234 1663 1364 1706 numero.
1398 1647 1451 1707 15-

61 1736 175 1794 veuit
199 1736 278 1794 enlm
300 1752 441 1811 expressa
463 1735 531 1795 loca
553 1734 702 1811 ecliptica,
727 1752 803 1812 quae
825 1737 940 1812 cogitur
962 1737 1024 1812 ipse
1047 1735 1130 1793 lateri
1155 1751 1221 1795 esse
1243 1751 1372 1807 erronea,
1396 1751 1451 1795 nec

61 1820 136 1880 vel
161 1821 203 1881 50
226 1824 354 1900 speciem
376 1821 481 1882 saltam
505 1822 717 1883 arehactione
736 1823 834 1897 jnvari
858 1840 955 1899 posse.
990 1821 1162 1899 Exemplum
1185 1829 1318 1883 cometae
1341 1822 1453 1899 Regio-

51 1912 228 1968 nrontani
251 1927 286 1971 er
310 1927 375 1987 cap.
401 1913 449 1969 17.
468 1910 533 1987 jam
554 1911 648 1987 primo
671 1909 815 1969 15551511
837 1919 1029 1970 numeratum.

200 1998 251 2056 12.
286 1996 364 2058 Huic
393 2014 466 2057 vero
495 1993 623 2057 indidem
651 1996 766 2057 accedit
794 1997 999 2058 duodecimum
1027 1991 1232 2074 argumentum
1254 1995 1293 2056 ab
1317 1995 1452 2074 exemplo

46 2090 227 2144 05155155
249 2086 318 2143 anni
336 2085 428 2157 1556,
451 2085 532 2160 quod
555 2082 687 2160 ejusdem
710 2093 799 2144 notae
823 2093 867 2146 est
890 2102 955 2145 cnm
978 2087 1071 2163 primo
1095 2085 1206 2144 horum.
1246 2083 1294 2144 nb
1310 2084 1453 2162 exemplis

46 2172 172 2229 enim
193 2173 225 2229 ln
247 2180 392 2232 cometam
413 2174 484 2231 anui
509 2173 603 2231 lbii.
632 2171 706 2230 51111
732 2174 898 2232 necessario
922 2172 1113 2233 concluditur.
1160 2170 1221 2230 Aut
1242 2173 1267 2231 si
1291 2188 1453 2231 numerau-

47 2255 162 2317 dun
190 2265 238 2319 est
263 2262 339 2319 tuter
368 2266 540 2336 argumenta
568 2276 620 2337 pro
647 2259 777 2336 generali
809 2261 1005 2332 theoremate,
1037 2268 1166 2320 cometas
1187 2260 1243 2319 sub
1267 2259 1352 2319 Luna
1373 2276 1447 2335 esse,

45 2357 209 2405 rursum
232 2345 289 2407 hoc
310 2346 411 2423 Scipio
433 2347 545 2424 pridem
568 2349 722 2407 enervavit
743 2349 816 2425 ipse,
839 2365 951 2423 negans
973 2346 1003 2406 id
1026 2364 1091 2408 esse
1114 2349 1320 2407 necessarium.

203 2435 253 2494 13.
285 2433 417 2494 Tertium
440 2434 584 2495 decimum
604 2442 808 2511 argumentum
831 2438 927 2513 555115
954 2441 1002 2495 18.
1028 2434 1147 2494 ductum
1167 2441 1213 2494 551
1236 2452 1272 2493 ex
1295 2434 1361 2494 loeo
1386 2433 1454 2493 dia·

50 2514 80 2573 l
94 2520 200 2579 ectico
228 2520 468 2582 contrediction'rs
494 2529 525 2581 et
553 2524 657 2582 erroris
687 2532 716 2582 et
739 2522 994 2599 impossibilitatis.
1040 2523 1163 2582 Cometa
1185 2525 1254 2582 unni
1281 2523 1373 2582 1580.
1397 2521 1454 2581 oh·

60 2616 233 2667 servatus
260 2616 346 2668 5515
369 2608 557 2669 Rothmanno
583 2617 613 2669 et
636 2609 777 2688 Tychone
806 2628 872 2670 cum
900 2610 1063 2670 differentia
1085 2613 1262 2669 minutomm
1289 2611 1343 2684 18,
1376 2626 1453 2686 quae

60 2694 260 2755 differentia
287 2699 460 2756 conuariam
489 2699 519 2755 15
540 2703 654 2774 partem
676 2697 783 2771 tendit,
815 2715 904 2775 quam
926 2697 1003 2758 solet
1024 2697 1192 2774 parallaxls.
1239 2698 1315 2772 Ergo
1339 2705 1454 2758 cometa

65 2780 143 2842 ills
168 2783 278 2843 habult
298 2782 462 2861 parallarin
485 2787 642 2844 maximam
666 2781 732 2857 65⁰,
761 2802 820 2861 quo
849 2792 936 2862 pacto
961 2784 1009 2845 ille
1030 2786 1105 2845 torte
1129 2787 1169 2845 90
1192 2785 1329 2844 milliaria
1350 2786 1454 2844 luisset

68 2886 109 2929 a
132 2870 291 2947 superficie
311 2869 438 2931 Telluris
461 2874 490 2930 15
513 2871 606 2931 altum
628 2869 738 2946 515155,
762 2889 828 2932 cum
851 2880 948 2932 tamen
971 2873 1094 2932 duorum
1117 2872 1232 2932 illorum
1256 2881 1453 2949 5155555555

67 2974 123 3019 te
146 2974 202 3035 555
225 2957 358 3019 diversas
380 2958 513 3035 ejusdem
536 2958 594 3019 dlei
615 2959 704 3019 horas
726 2959 814 3038 51555
836 2959 946 3020 nullam
969 2962 1113 3020 invenerit
1134 2959 1308 3037 parallarin.

203 3047 253 3105 14.
290 3045 334 3105 lix
363 3049 461 3124 capite
487 3050 536 3109 19.
563 3048 780 3108 numerabimus
812 3057 1016 3125 argumentum
1045 3049 1110 3124 ejus
1139 3047 1453 3124 decimumquartum,

77 3130 175 3209 quod
205 3140 291 3192 5515
312 3150 400 3210 posse
429 3133 468 3193 50
495 3152 574 3206 5555,
603 3135 706 3211 juncta
735 3136 936 3211 particulari
982 3136 1105 3195 Cometa
1126 3153 1168 3195 sc.
1192 3138 1261 3194 5551
1287 3136 1379 3193 1585.
1408 3142 1454 3193 551

82 3221 272 3279 observatus
287 3238 306 3279 5
320 3220 461 3298 'l'ychone
484 3230 513 3281 51
530 3220 763 3298 Landgravinuis
786 3224 862 3283 15155
885 3225 971 3283 55155
995 3225 1099 3281 minuti
1116 3223 1323 3298 differentiam,
1347 3220 1453 3297 quodsi

84 3307 235 3367 darentur
258 3324 358 3367 omnes
381 3309 563 3368 conditiones
585 3308 755 3386 aSoipione
779 3312 946 3386 requlsitae,
968 3320 1038 3371 1555
1060 3310 1134 3370 1555
1156 3313 1243 3369 55155
1266 3311 1370 3367 minuti
1393 3306 1452 3366 dil-

86 3396 220 3455 15555115
242 3395 396 3455 admittere
418 3404 520 3472 posset
541 3396 704 3473 5555115515
726 3396 817 3474 55515
841 3399 981 3474 majorem
1003 3398 1113 3457 lunari:
1138 3415 1207 3473 ergo
1229 3403 1362 3456 cometae
1382 3403 1453 3454 5551

88 3483 123 3538 15
146 3485 268 3558 regione
290 3482 468 3544 elementari.
506 3483 543 3542 Et
559 3484 701 3545 hactenns
716 3502 831 3562 semper
844 3487 949 3547 alienis
963 3503 1030 3547 eum
1048 3484 1267 3558 5115115555511,
1288 3485 1351 3560 jam
1368 3500 1453 3562 porro

92 3586 166 3629 suas
188 3571 323 3648 55555155
346 3588 418 3647 5555
441 3570 609 3647 explicabit.

205 3660 255 3716 15.
293 3656 435 3733 Quintum
464 3658 609 3717 decimum
636 3660 714 3718 enim
741 3665 787 3719 est
815 3678 880 3736 555.
905 3662 956 3719 20.
977 3660 1136 3737 jungitque
1158 3657 1315 3735 55155515
1339 3674 1454 3718 currum

99 3750 127 3802 et
147 3744 261 3821 mulget
281 3745 386 3806 hircos.
432 3745 572 3806 05555155
600 3746 698 3806 55505
726 3749 756 3803 15
785 3745 908 3807 01555515
931 3746 1035 3807 diebus
1058 3746 1235 3823 diversaque
1258 3746 1413 3807 altitudine
1435 3764 1454 3806 5

101 3829 187 3892 Terra
209 3831 355 3893 dlrersam
379 3835 444 3892 5155
467 3841 512 3892 est
534 3833 643 3893 habero
664 3832 893 3910 longitudinem:
918 3852 987 3911 ergo
1008 3835 1064 3894 hoc
1079 3836 1134 3894 1511
1148 3852 1184 3894 55
1198 3834 1352 3912 paradoxi,
1377 3851 1453 3910 quae

104 3917 154 3977 1511
174 3922 289 3996 ingene,
311 3938 346 3981 ac
368 3921 492 3997 proinde
514 3929 630 3982 cometa
652 3922 707 3979 1511
728 3923 843 3981 5151555
866 3922 984 3982 Terrae.

204 4008 253 4067 16.
291 4006 476 4069 Sedecinmm
510 4027 547 4070 ex
577 4012 716 4086 55511.
750 4009 852 4069 nititur
881 4010 1098 4069 observationis
1130 4011 1264 4088 propriae
1297 4027 1363 4069 cum
1396 4024 1455 4067 una

109 4089 233 4155 Romam
254 4098 481 4172 comparatione.
521 4095 653 4156 conatus
674 4096 722 4156 hic
744 4096 864 4156 ultimus
878 4099 1006 4173 speciem
1022 4104 1118 4156 tamen
1134 4096 1264 4174 aliquam
1278 4097 1377 4169 habet,
1401 4094 1454 4155 sed

112 4180 234 4241 ellectum
265 4182 391 4256 nullum,
424 4186 494 4259 quia
522 4185 721 4244 observationi
745 4183 809 4259 ejus
833 4187 967 4261 propriae
991 4183 1096 4244 desunt
1118 4186 1260 4261 requisita
1281 4184 1454 4256 necessaria,

112 4263 381 4347 deprehenditurque
404 4288 440 4329 ea
463 4289 584 4330 erronea
607 4274 635 4328 15
659 4271 814 4345 distantiis,
839 4271 913 4331 adeo
934 4281 965 4330 ut
981 4274 1043 4350 ipse
1059 4272 1159 4347 Scipio
1174 4270 1218 4330 1111
1234 4270 1361 4332 diffidat:
1386 4270 1454 4328 hinc

112 4360 194 4416 tenen
216 4358 359 4433 sequitur,
382 4365 513 4418 cometas
535 4362 563 4417 15
586 4362 705 4436 regione
721 4359 889 4420 elementari
908 4377 981 4420 esse.
1020 4360 1074 4419 Eia
1090 4357 1235 4435 plaudite!
1260 4359 1297 4417 Et
1312 4358 1454 4418 haetenus

112 4442 214 4513 quidem
237 4445 355 4504 1555551
369 4444 559 4506 Claramootli
584 4444 848 4506 demonstrationes
864 4447 979 4523 5511555
995 4454 1025 4506 51
1039 4448 1243 4523 geometricae,
1268 4447 1375 4520 quibus
1390 4447 1454 4521 ipse

112 4529 144 4587 sit
166 4549 199 4593 se
224 4533 288 4609 jam
318 4530 425 4593 addere
454 4533 629 4610 probabilia.
675 4532 762 4607 Quod
791 4536 880 4609 igitur
904 4534 967 4610 jam
990 4536 1096 4593 attinet
1117 4534 1194 4593 hauc
1216 4532 1454 4610 probabilitatem

111 4623 259 4680 5551551155
273 4621 422 4696 autiquae,
447 4638 536 4697 quarn
552 4620 768 4681 claromontius
790 4622 847 4681 hoc
869 4623 965 4698 555115
989 4620 1123 4682 velutin
1146 4627 1324 4699 postremum
1349 4636 1455 4696 agmen

111 4698 225 4765 locarier
247 4709 373 4784 primum
395 4708 526 4784 iniquum
549 4707 701 4785 postulat,
720 4716 755 4767 ut
778 4709 1025 4781 demonstremus,
1056 4708 1186 4785 aliquam
1210 4711 1400 4767 mutationem
1423 4708 1454 4765 ln

109 4791 275 4873 1511151555
299 4813 318 4855 a
340 4802 385 4856 tot
407 4796 516 4857 5555115
539 4797 666 4873 cognitis
687 4813 752 4856 esse
774 4796 891 4858 1551555.
927 4796 1045 4856 Nullam
1067 4796 1141 4858 haee
1154 4794 1344 4875 philosophia
1358 4797 1453 4856 civem
