3284 5520
674 346 716 400 De
735 344 863 401 cometis
1404 341 1446 408 13

96 525 196 582 metria
216 530 367 599 spectatur
388 526 417 580 in
440 528 562 599 aspectu
585 528 615 581 ct
636 526 759 584 materia
781 530 861 598 apte,
885 521 982 598 qualis
1005 527 1049 580 est
1063 519 1175 594 Tellus,
1198 536 1256 579 non
1280 535 1349 578 vero
1364 517 1447 577 locus

97 619 195 670 certus.
234 610 294 670 Sed
316 613 369 684 ais,
394 612 444 688 qui
468 617 549 670 extra
572 610 672 668 mundi
695 621 825 672 centrum
848 610 1072 685 conformantur,
1097 626 1147 668 eos
1171 625 1234 667 esse
1256 606 1447 687 particulares

95 699 215 774 ideoque
240 697 408 759 debiliores.
453 697 536 774 Nego
560 698 622 770 tibi,
647 697 828 759 universales
852 715 933 771 ease,
958 697 1007 773 qui
1031 700 1060 755 in
1083 696 1187 755 muudi
1209 703 1308 756 centro
1331 697 1446 756 coiiunt.

94 785 164 844 Nam
196 796 334 862 aspectus
364 786 471 862 aliquis
501 788 530 842 in
563 803 620 844 uno
650 786 715 846 solo
742 784 844 845 mundi
870 794 981 862 puncto
1001 792 1063 857 est,
1093 787 1121 841 in
1145 783 1211 843 aliis
1233 784 1349 860 punctis
1371 782 1447 841 alius

94 882 177 949 atque
201 873 279 933 alius
302 875 334 931 fit
356 883 503 949 aspectus,
527 889 627 932 omnes
651 877 750 949 itaque
773 882 910 948 aspectus
932 880 1001 930 sunt
1023 871 1222 946 particulares.

193 960 354 1033 Divinasti,
377 960 532 1037 theologos
548 960 688 1020 offensum
705 963 756 1018 iri:
781 963 1004 1019 intercesserunt
1027 962 1113 1033 enim,
1138 976 1174 1019 ne
1194 957 1311 1017 libellus
1327 956 1447 1034 Lipsiae

98 1050 316 1124 imprimeretur,
341 1048 416 1108 hanc
436 1065 524 1107 unam
549 1049 586 1107 ob
610 1047 772 1107 clausulam
797 1047 832 1107 de
856 1050 1002 1106 creatione
1025 1047 1188 1124 spirituum.
1226 1044 1342 1106 Mutari
1359 1047 1447 1121 igitur

99 1139 220 1210 rigorem
244 1139 274 1194 in
297 1137 400 1196 latino.
447 1136 487 1195 ht
517 1152 575 1194 non
607 1135 693 1197 valde
715 1135 844 1196 absurda
865 1144 910 1195 est
931 1153 998 1195 mea
1020 1136 1180 1194 sententia:
1211 1135 1240 1191 in
1264 1134 1343 1193 omni
1365 1149 1448 1192 crea-

96 1234 168 1296 tura,
202 1226 292 1283 etiam
315 1226 345 1281 in
368 1225 489 1299 spiritu,
521 1223 578 1283 duo
601 1233 719 1300 specto,
749 1223 878 1299 aliquid,
907 1222 987 1297 quod
1010 1231 1055 1282 est
1076 1224 1168 1282 instar
1190 1224 1343 1293 materiae,
1367 1219 1447 1297 quod

96 1318 159 1387 puto
190 1327 257 1370 ease
287 1310 509 1370 subtilissimum
538 1327 644 1387 corpus
672 1311 855 1381 aethereum,
885 1309 1013 1386 aliquid,
1046 1309 1124 1386 quod
1148 1319 1193 1369 est
1216 1312 1306 1368 instar
1328 1309 1447 1382 formae,

97 1397 170 1472 quod
195 1408 268 1473 puto
293 1416 357 1458 esse
379 1399 494 1457 radium
519 1398 616 1457 vultus
641 1398 742 1471 divini,
767 1405 799 1457 ut
821 1398 926 1474 loquar
948 1398 1119 1476 symbolice.
1156 1397 1232 1457 Nam
1256 1404 1288 1455 ut
1310 1395 1388 1456 idem
1411 1412 1448 1455 ex

96 1484 157 1544 Sole
191 1486 291 1545 radius
324 1485 466 1546 viridibus
494 1486 617 1545 viridem
644 1485 770 1545 colorem
800 1485 950 1557 conciliat,
980 1486 1076 1544 rubris
1105 1485 1239 1559 rubrum,
1271 1486 1313 1544 sic
1341 1486 1447 1560 cuique

96 1573 232 1633 materiae
263 1591 365 1632 suum:
396 1576 455 1647 sic,
488 1575 540 1632 ubi
567 1576 706 1634 materiae
733 1592 828 1634 rerum
851 1572 985 1649 adeoque
1009 1582 1038 1633 et
1060 1575 1215 1648 spirituum
1237 1579 1358 1648 aptatae
1381 1577 1449 1630 sunt

95 1662 224 1736 potentia
248 1661 305 1720 Dei
329 1661 367 1721 ad
390 1661 519 1720 futurum
542 1678 629 1738 opus,
659 1661 790 1721 incidens
818 1665 847 1718 in
876 1679 926 1721 eas
953 1660 1052 1719 radius
1075 1660 1174 1719 vultus
1197 1661 1290 1719 divini
1312 1659 1363 1718 dat
1388 1657 1447 1716 illis

97 1751 181 1807 vitam
214 1755 245 1808 et
273 1751 432 1822 rationem,
462 1766 538 1824 quae
568 1758 612 1808 est
640 1748 800 1808 secundum
824 1766 907 1809 suam
932 1749 1150 1824 dispositionem
1174 1754 1204 1807 et
1228 1763 1304 1823 quae
1328 1748 1382 1805 scit
1405 1747 1446 1804 uti

95 1838 214 1895 materia
239 1835 382 1912 disposita
405 1836 564 1895 secundum
587 1836 808 1912 dispositionem
831 1854 924 1896 suem.
958 1836 1008 1896 Sic
1029 1835 1128 1895 radius
1153 1835 1252 1895 vultus
1275 1834 1376 1906 divini,
1401 1835 1449 1890 in-

97 1922 191 1982 cidens
214 1925 245 1980 in
269 1924 423 1983 formatum
447 1933 477 1983 et
500 1924 748 1984 absolutissimum
772 1941 878 2001 corpus
903 1922 1022 1997 Adami,
1053 1926 1152 1983 statim
1181 1921 1343 1981 vivificavit
1364 1919 1447 1993 illud,

97 2020 122 2068 ut
142 2012 267 2086 spiritus
290 2011 456 2070 insufflatus
479 2013 566 2071 sciret
589 2014 631 2071 uti
656 2013 790 2071 omnibus
812 2014 959 2072 membris.
1005 2010 1088 2086 Quae
1112 2011 1159 2070 hic
1175 2010 1257 2070 vides
1271 2011 1302 2068 in
1319 2025 1448 2085 corpore,

98 2097 195 2157 eadem
220 2101 317 2174 cogito
341 2116 396 2175 ego
420 2098 456 2158 de
479 2100 598 2175 spiritus
622 2101 713 2176 ipsius
736 2103 870 2160 materia.
913 2099 1020 2175 ltaque
1048 2115 1107 2156 non
1137 2107 1223 2174 puto,
1254 2099 1390 2174 spiritum
1412 2114 1448 2157 ex

96 2185 181 2244 nihilo
206 2186 336 2261 produci,
360 2186 412 2245 sed
435 2204 471 2245 ex
494 2189 616 2247 materia
638 2188 721 2260 coeli,
746 2197 775 2248 et
795 2188 864 2247 inde
887 2186 1026 2247 illustrari
1042 2195 1071 2245 et
1086 2184 1234 2245 informari
1250 2185 1333 2244 radio
1350 2185 1448 2243 vultus

99 2272 195 2347 divini,
221 2277 281 2349 qui,
306 2275 355 2333 uhi
378 2277 501 2334 materia
523 2277 681 2347 evanescit,
706 2274 821 2334 desinat
842 2293 907 2336 esse
925 2272 1045 2351 aliquod
1060 2279 1127 2334 τοδε
1143 2297 1178 2345 τι,
1203 2271 1450 2349 quemadmodum

98 2362 168 2420 nube
198 2369 393 2422 evanescente
422 2360 521 2422 radius
544 2361 637 2435 Solis,
671 2365 721 2438 qui
751 2363 830 2421 illam
858 2365 938 2440 prius
967 2362 1180 2433 illustraverat,
1210 2378 1269 2419 non
1293 2368 1391 2419 manet
1412 2375 1449 2420 eo
1478 2358 1482 2363 '

97 2447 174 2522 loeo,
200 2465 255 2507 nec
277 2457 373 2509 tamen
397 2452 518 2526 periisse
540 2450 597 2510 dici
620 2457 733 2527 potest;
764 2453 860 2527 pergit
887 2453 965 2510 enim
987 2448 1124 2520 ulterius,
1157 2447 1251 2508 donec
1273 2446 1354 2506 aliud
1378 2445 1448 2523 qnid

98 2544 235 2596 dddull'al.

197 2623 399 2682 Brenggerus
418 2624 445 2672 in
462 2625 625 2687 responsione
644 2637 689 2671 sua
707 2623 740 2680 (d.
760 2625 785 2673 8.
804 2622 859 2676 Cal.
878 2622 938 2672 Jun.
959 2623 1040 2685 1608,
1066 2635 1130 2686 quae
1154 2619 1245 2670 ultima
1270 2626 1309 2670 est
1326 2621 1450 2682 epistola·

100 2706 148 2740 mm
168 2692 240 2741 lilius
259 2699 284 2740 et
302 2690 413 2757 Kepleri,
432 2708 496 2757 qnae
516 2696 635 2756 superest)
655 2693 685 2740 ds
703 2695 808 2742 cometis
827 2705 878 2743 non
897 2693 1002 2740 ulterius
1021 2693 1081 2752 agit.
1118 2691 1238 2751 Superest
1255 2689 1374 2740 schedula
1391 2697 1449 2739 tau·

98 2768 153 2826 tum,
174 2765 215 2811 cui
234 2763 367 2822 adscripsit
379 2763 514 2825 Ksplerus:
534 2778 568 2815 cx
585 2761 672 2815 literis
689 2759 727 2813 D.
740 2760 787 2814 Jo.
803 2760 899 2830 Georp.
915 2759 1073 2829 Brertppert',
1092 2762 1118 2810 ln
1138 2775 1190 2826 qun
1203 2762 1284 2825 relert,
1303 2762 1449 2823 apparuisse

99 2832 119 2880 tl.
137 2835 179 2883 li.
194 2834 258 2882 Nov.
277 2834 366 2891 (annus
385 2847 435 2881 uon
453 2834 594 2895 adscriptus
614 2838 659 2887 esti
677 2846 771 2884 cauma
788 2832 890 2897 (lumen,
910 2833 977 2897 quod
998 2832 1093 2896 dieunt,
1114 2830 1324 2893 septentrionale).
1355 2830 1449 2879 Radius

98 2899 169 2952 inisse
189 2902 402 2967 sanguinolentos,
422 2918 506 2953 versus
525 2918 649 2953 summum
668 2904 732 2951 coeli
750 2910 905 2964 assurgentes
919 2904 1042 2952 adunam
1057 2907 1187 2964 punctum.
1217 2902 1258 2951 Ad
1271 2902 1331 2950 haec
1344 2906 1450 2949 annotet

99 2972 234 3035 lieplerus:
263 2986 311 3023 cur
334 2967 476 3024 rideantur
499 2970 534 3024 ad
553 2988 634 3026 unum
653 2978 784 3039 punctum
802 2969 908 3039 colligi,
932 2986 1016 3025 causa
1034 2974 1077 3025 est
1094 2967 1211 3024 altitudo
1228 2969 1256 3023 in
1274 2966 1348 3022 linea
1365 2974 1449 3037 reeta,

98 3047 124 3092 ut
147 3040 175 3092 in
199 3050 292 3109 pnte0.
329 3042 368 3090 Ad
394 3042 579 3092 conclusionem
604 3042 747 3093 schedulae:
779 3046 874 3093 »haheo
902 3044 1024 3107 quaedam
1052 3043 1082 3092 de
1109 3040 1277 3106 parallaxlum
1300 3043 1397 3090 ratione
1421 3042 1449 3089 lu

98 3114 197 3161 cometis
216 3118 241 3160 et
259 3111 316 3160 aliis
335 3115 451 3162 metauris
469 3113 626 3162 observanda
644 3115 749 3162 certiora
768 3119 792 3163 et
811 3115 990 3179 exquisitiore,
1015 3128 1090 3178 quam
1115 3127 1179 3175 quae
1203 3113 1323 3162 hactenus
1342 3113 1373 3160 ab
1392 3108 1449 3159 aliie

98 3183 187 3230 tradita
210 3184 276 3248 ridi3
303 3183 334 3231 de
356 3185 389 3231 ils
413 3182 464 3231 alio
483 3184 595 3233 fumosis
614 3190 724 3245 tempore
743 3185 860 3233 scribam.
898 3185 950 3244 Ego
969 3184 1117 3244 astrologiae
1137 3183 1169 3230 ob
1187 3183 1389 3244 praedictionum
1407 3182 1450 3229 lu·

99 3254 270 3302 certitudinem
286 3255 339 3313 jam
358 3253 452 3302 dudum
471 3254 608 3311 valedixi«,
630 3254 753 3316 Keplerus
772 3256 832 3302 haee
850 3260 968 3303 annotat:
996 3250 1069 3318 quod
1087 3248 1229 3319 valedixit,
1255 3265 1335 3304 nemo
1353 3262 1449 3317 repre·

98 3328 201 3395 hendit;
227 3329 256 3382 in
280 3344 365 3384 causa
387 3337 478 3384 tamen
501 3330 593 3386 riuum
617 3337 665 3385 aut
688 3330 717 3385 in
738 3336 907 3397 argumento.
949 3329 1019 3384 Nam
1043 3345 1097 3384 non
1120 3328 1222 3383 sufficit
1238 3328 1400 3384 incertitudo
1420 3336 1452 3382 ut

100 3407 251 3463 deseratur:
271 3408 360 3462 danda
380 3409 450 3463 enirn
468 3424 559 3478 opera,
578 3415 608 3465 ut
626 3415 702 3464 certa
719 3408 752 3463 ab
771 3407 881 3463 incertis
900 3413 1070 3477 separentur.

199 3498 233 3547 M.
252 3498 364 3547 Petrus
383 3498 550 3561 Crdgerus,
577 3501 754 3561 Dentiscanua,
773 3514 846 3564 quern
865 3501 891 3547 in
910 3500 1056 3560 praemissis
1074 3498 1245 3547 voluminibus
1267 3499 1362 3559 passim
1382 3497 1450 3545 uixi·

101 3583 163 3633 mus,
183 3570 384 3617 cometamanni
404 3571 481 3620 1618.
500 3571 633 3633 descripsit
651 3571 728 3635 libro,
748 3583 821 3634 quem
841 3571 981 3630 inscripsit:
1009 3569 1195 3617 Uranodromus
1215 3567 1365 3616 GometIcus.
1401 3564 1450 3617 liin

101 3636 296 3688 auseliilrrlicher
313 3638 414 3687 Tractat
432 3655 480 3687 von
498 3653 601 3700 grossen
620 3639 738 3688 Cometen
758 3643 801 3688 des
821 3641 897 3689 1018.
917 3640 1005 3688 Jahrea
1023 3640 1071 3689 etc.
1107 3638 1233 3698 Dantziglr
1252 3639 1328 3689 1619.

201 3708 292 3770 Capite
312 3714 335 3759 1.
360 3709 435 3759 refert
453 3708 588 3773 Criigerus,
614 3723 681 3758 anno
702 3712 778 3759 1618.
802 3709 865 3758 dnoe
889 3715 1035 3772 conspectos
1061 3722 1115 3757 esse
1137 3713 1259 3769 cometas,
1282 3708 1366 3770 ipsum
1390 3719 1449 3758 varo

101 3779 191 3827 trustra
208 3794 294 3827 mense
313 3780 425 3840 Augusto
444 3778 517 3846 (emh
535 3777 719 3831 Bartholomrill
744 3783 768 3828 in
793 3778 982 3828 constellatione
1001 3780 1076 3828 Ursae
1101 3779 1203 3839 majoris
1221 3780 1330 3840 priorem
1347 3780 1449 3842 quassi·

103 3851 174 3900 risse.
214 3849 262 3896 »Es
287 3851 319 3896 ist
342 3851 401 3897 aber
420 3851 483 3899 llerr
499 3851 526 3903 J.
544 3851 699 3916 lleppierue,
724 3848 894 3898 Kaiserliclrer
916 3850 1121 3911 Mathematicus,
1146 3850 1227 3897 saluar
1252 3850 1286 3896 lm
1308 3848 1450 3909 Septembri

103 3932 178 3978 gessar
197 3919 298 3966 worden
317 3934 361 3966 vor
380 3920 423 3968 der
441 3922 541 3970 Sonuere
562 3922 683 3984 Arrigang,
703 3919 846 3981 anienglich
865 3921 925 3969 uber
943 3920 999 3969 deas
1018 3920 1107 3968 leuen
1127 3918 1232 3979 Haubt,
1250 3918 1384 3966 hernacher
1402 3919 1450 3978 bey

103 3987 153 4037 dese
172 3989 267 4036 Beeren
287 3989 481 4051 vordertatzen,
506 3990 639 4038 derhelbeu
658 3992 716 4038 lreiu
735 3991 849 4051 munder,
874 3990 919 4038 des
937 3991 978 4038 ich
997 3991 1040 4038 ihu
1059 3991 1116 4037 vmb
1136 3988 1307 4036 Bartholomil
1324 3988 1371 4048 bey
1391 3986 1450 4035 oder

101 4059 123 4106 iu
141 4060 198 4107 dem
216 4059 311 4106 Beerrrt
329 4060 399 4108 nicht
416 4061 499 4109 rlndeu
519 4061 627 4109 llinnen.
658 4061 691 4108 Er
709 4063 743 4108 ist
761 4062 825 4109 auch
845 4061 900 4108 sehr
919 4058 986 4107 llein
1005 4059 1055 4108 rud
1074 4059 1181 4107 dunclel
1199 4071 1312 4117 genesen
1331 4057 1382 4105 rud
1396 4057 1449 4105 sich

102 4129 161 4176 noch
185 4131 225 4175 ιῖιι
245 4125 376 4177 Michaelis
398 4137 473 4190 ganta
496 4128 617 4179 verloreu.
653 4131 722 4178 Noch
749 4131 842 4179 meldet
859 4131 891 4180 H.
912 4129 1053 4191 Kepphrnn
1078 4127 1180 4194 (dassen
1197 4129 1300 4176 Extract
1317 4141 1374 4174 ausa
1393 4126 1449 4177 dem

102 4197 260 4258 Prognostica
280 4200 318 4246 ris
337 4201 412 4251 1619.
430 4202 488 4262 jahr
507 4201 547 4248 leh
566 4215 613 4248 nur
629 4202 790 4261 geschrieben
810 4198 930 4263 geschen)
956 4201 1019 4248 auch
1043 4213 1092 4247 rou
1110 4201 1191 4247 einem
1209 4198 1303 4246 andern
1322 4196 1450 4262 Cometen,

103 4267 201 4316 seleher
220 4268 267 4317 den
286 4270 330 4319 20.
349 4269 410 4318 Noe.
431 4273 456 4319 in
476 4270 520 4320 der
537 4271 624 4319 lrlarsn
642 4270 744 4332 Morgen
764 4271 845 4319 Rdhte
864 4272 949 4318 seineu
968 4269 1058 4330 langen
1077 4269 1207 4319 Schwantz
1225 4270 1286 4316 uber
1305 4269 1351 4316 deu
1370 4266 1451 4315 Hori·

102 4346 155 4386 rent
172 4337 390 4403 heririrgestreclrt,
409 4343 463 4388 sein
483 4354 572 4403 corpus
590 4342 650 4389 aber
668 4342 738 4389 nicht
756 4340 965 4390 heriiirlrommen.
994 4337 1052 4405 (cir.
1072 4340 1124 4389 vol.
1143 4339 1162 4387 1.
1181 4354 1207 4401 p.
1226 4340 1278 4388 488
1297 4343 1322 4386 et
1338 4333 1415 4402 493.)

201 4408 290 4470 Capite
311 4413 351 4459 13.
369 4411 500 4472 inquirens
519 4425 617 4459 causam
636 4411 749 4460 diversae
768 4410 934 4471 longitudinis
954 4411 1087 4458 caudarum
1107 4415 1258 4458 cometarum
1277 4409 1353 4456 dicit:
1380 4409 1451 4456 libau

102 4477 178 4527 dieses
195 4479 260 4538 folgt
278 4481 343 4528 auch
361 4494 374 4526 e
393 4487 461 4529 motu
481 4488 594 4530 cometae
612 4481 751 4530 secuudum
770 4482 922 4543 Kepplerum
942 4482 1069 4529 rectilineo
1089 4486 1115 4529 et
1132 4480 1269 4528 directione
1285 4480 1450 4542 trajectense,

102 4549 124 4595 in
140 4549 235 4598 welche
252 4550 294 4597 ich
310 4549 376 4597 mich
397 4550 469 4612 doeh,
488 4552 544 4599 weil
563 4552 609 4599 mir
628 4552 719 4600 Terrae
739 4557 821 4600 motus
841 4565 939 4600 annuus
958 4551 1027 4598 nicht
1044 4552 1085 4598 ein
1103 4548 1164 4609 will,
1182 4551 1245 4598 noch
1266 4550 1336 4598 nicht
1354 4550 1451 4598 rlchteu

102 4618 162 4665 laun
186 4618 237 4667 end
261 4619 354 4668 dencke
377 4622 477 4682 immer,
505 4623 537 4669 ob
562 4635 619 4669 man
640 4623 711 4671 nieht
736 4621 806 4670 dener
828 4622 1012 4683 problematum
1035 4621 1063 4668 ln
1083 4620 1113 4668 Η.
1131 4619 1251 4683 Keppleri
1267 4621 1382 4668 Antenori
1399 4619 1454 4668 aad

101 4687 210 4736 Roesliui
236 4690 333 4737 discurs
355 4690 464 4739 rationes
488 4691 598 4739 admissa
624 4690 677 4739 sole
701 4690 855 4740 revolutione
874 4692 963 4740 Tamne
982 4690 1071 4739 diurna
1088 4693 1166 4751 gehen
1185 4692 1267 4738 lrdnue
1286 4687 1344 4757 (cir.
1362 4689 1412 4740 rol.
1430 4689 1451 4739 1.

101 4771 121 4818 p.
140 4755 215 4824 nte).
253 4759 285 4807 Et
302 4761 365 4825 qula
381 4766 440 4825 pest
457 4765 624 4823 recuperatam
643 4760 798 4810 valetudinis
816 4762 984 4821 integritatem
1003 4763 1034 4810 oh
1048 4761 1171 4808 tumultus
1189 4761 1214 4808 in
1228 4761 1332 4810 Austris
1347 4759 1452 4810 bellicus

102 4841 153 4878 rum
170 4827 254 4879 literis
272 4831 379 4880 torhere
397 4844 448 4880 non
466 4833 536 4894 potui
555 4828 615 4897 (etr.
633 4832 681 4882 rel.
696 4832 739 4882 Vt.
753 4827 820 4898 tit),
839 4845 910 4882 meus
926 4832 969 4882 hle
985 4830 1179 4898 Uranodremus,
1196 4832 1219 4880 ei
1235 4829 1300 4880 torte
1317 4830 1351 4879 ad
1367 4833 1451 4894 ipsum
