3284 5520
704 190 941 250 uoueuuoru
1437 188 1502 263 ιιι

143 368 300 419 ιιιιιιιιιιι
317 372 463 419 sesumam
479 372 555 434 etque
569 368 629 419 hinc
639 382 687 434 per
700 370 902 432 consequentium
915 370 1052 436 uruorrn,
1071 369 1146 419 eiiter
1157 382 1232 436 quem
1245 370 1272 419 iu
1284 364 1381 419 Vsuer'e
1399 375 1424 419 ιι
1435 369 1502 420 hier-

139 438 212 489 curio
228 452 281 489 ιιι
297 439 382 505 venit,
400 452 488 488 sersus
505 438 617 501 ιιιιιιιι
635 440 703 489 orhis
722 451 863 505 epogseum
880 440 1035 505 perrexisse,
1056 446 1141 490 centro
1159 440 1234 501 huius
1251 436 1417 489 revolutionis
1436 438 1503 491 Solis

139 508 255 573 empllci
269 511 353 558 motui
370 514 492 579 perpetuo
511 515 681 571 concurrente,
699 510 857 559 edmittstur.
892 507 963 570 Ques
981 511 1067 559 omnis
1084 515 1113 559 ut
1130 511 1223 558 rectius
1240 510 1420 576 percipluntur,
1435 523 1504 560 nunc

139 580 241 628 ethium
260 586 431 644 opportunum
449 578 641 643 dispositionem
660 581 740 630 oculis
758 580 930 641 subiiciemus.

247 649 297 698 Per
314 650 337 698 Δ
355 646 514 710 intelligetur
536 647 748 716 glosochonio,
771 650 800 697 in
823 655 908 699 centro
931 650 1044 697 universi
1061 651 1186 714 existens,
1208 650 1276 698 circs
1295 662 1370 713 quem
1388 652 1503 714 proxime

138 715 260 769 solnm
277 719 351 768 Luns
367 720 393 767 iu
413 720 472 768 orhe
490 719 585 769 Buri).
621 720 696 770 Orbis
714 733 814 769 sunuus
832 717 899 768 Solis
917 719 985 768 circe
1006 718 1106 767 Terrsm
1127 719 1235 768 revoluti
1247 722 1282 775 sit
1294 719 1382 785 cilio,
1401 720 1428 769 iu
1450 735 1502 785 quo

139 787 185 838 Sol
202 794 408 855 reprensentetur
424 793 499 850 juxte
515 788 543 854 0,
562 790 631 855 upud
650 804 725 854 quem
743 790 820 838 edum
841 794 925 838 uentre
947 789 1058 837 omnium
1081 790 1179 838 orbium
1200 787 1354 854 reliquorum
1374 794 1389 839 ii
1410 788 1502 854 plene-

139 864 224 907 terum
242 869 386 910 uersentur.
418 859 523 908 (iomets
539 861 568 907 in
585 858 752 909 orte-stvx
770 860 941 922 convolvetur,
960 872 1010 923 quo
1035 854 1056 924 ii
1080 866 1105 909 ιι
1128 855 1148 924 ῼ
1174 861 1246 908 orbes
1264 858 1380 926 (Lithiii,
1397 858 1502 927 urolt)

139 928 272 994 includet,
298 943 349 979 non
373 934 458 979 eutem
481 930 593 979 iunsrem
618 928 693 979 simui
717 943 774 978 cum
795 927 880 978 Terre
917 928 1022 978 Gumets
1039 931 1073 979 sit
1089 943 1169 995 prope
1187 929 1224 992 X,
1244 931 1270 978 in
1288 943 1338 995 quo
1357 932 1407 979 situ
1428 931 1502 980 nohis

139 1000 222 1063 primo
242 1012 305 1048 susc
325 999 550 1049 suimeduersionis
567 1006 680 1066 tempore
698 1005 845 1064 conspectus
864 1004 910 1063 set,
929 998 1073 1064 hebeetque
1089 1005 1186 1048 motum
1203 1001 1230 1048 iu
1248 1000 1297 1049 hoc
1314 1001 1375 1049 orbe
1393 1001 1421 1049 iu
1440 1014 1501 1050 con-

140 1070 301 1133 ssquentism
318 1067 454 1131 signorum.
472 1067 546 1118 uliter
564 1083 642 1135 quem
667 1065 687 1134 ῼ
707 1075 731 1118 ιι
751 1065 771 1136 Q
795 1066 965 1135 revolvuntur,
983 1070 1023 1117 its
1039 1074 1069 1118 ut
1085 1083 1116 1118 ex
1134 1069 1159 1118 X
1175 1083 1221 1134 per
1238 1072 1255 1120 s
1273 1072 1300 1119 iu
1319 1071 1340 1119 ‘l'
1358 1071 1501 1121 circumeat.

245 1136 291 1204 su)
310 1140 379 1204 [per.
392 1141 463 1201 see}
493 1138 694 1192 Olursmontius:
712 1141 743 1189 ln
762 1139 963 1201 „Autitychoue“
981 1136 1088 1200 legitur:
1107 1136 1174 1192 lictu
1190 1139 1233 1193 sto
1250 1137 1288 1192 ud
1305 1137 1502 1206 tfflutstis'ortm
1534 1128 1537 1132 A

141 1221 299 1278 doctrinam
315 1224 479 1292 eistt'diciu,
504 1239 561 1275 cum
584 1240 638 1277 esse
660 1227 763 1276 deberet
782 1227 857 1276 lectio
877 1223 915 1279 ud
932 1221 1135 1292 affluentiorem
1152 1223 1322 1293 doctrinam,
1346 1228 1414 1293 quod
1432 1242 1500 1277 com·

142 1296 292 1347 munisshe
311 1296 363 1346 diui
381 1295 453 1346 solet.
489 1298 524 1346 Δι
541 1296 666 1361 Keplerus
683 1301 736 1346 tum
754 1298 842 1361 iniquo
861 1297 888 1344 iu
905 1309 946 1345 me
963 1296 1048 1344 enim'o
1066 1301 1112 1362 est,
1131 1298 1204 1345 utin
1222 1298 1296 1363 libro,
1316 1304 1354 1346 tot
1372 1300 1498 1347 erroribus

141 1364 295 1431 typumi
312 1365 471 1416 euidentibus
489 1367 589 1434 ritisto,
608 1367 677 1432 quod
694 1367 761 1416 idem
774 1364 899 1431 Keplerus
917 1368 1017 1431 letetur,
1035 1366 1063 1414 in
1080 1380 1107 1415 re
1124 1371 1177 1415 ιιιι
1200 1367 1310 1416 evidenti
1323 1367 1431 1416 soluerit
1444 1382 1499 1416 eum

145 1448 267 1501 errorem,
291 1438 335 1502 qui
354 1442 420 1486 certe
439 1450 522 1486 mcum
541 1436 626 1486 stilum
644 1451 693 1487 nou
712 1437 821 1502 redolet,
847 1441 876 1484 ut
893 1442 975 1487 meum
994 1439 1082 1486 uetere
1099 1435 1199 1486 scurrili
1217 1443 1354 1486 scommets
1373 1434 1500 1490 uotiuum.

143 1504 281 1554 Dicterium
307 1506 390 1556 dissei
414 1506 531 1568 dignum!
558 1506 607 1557 Sed
626 1521 665 1555 res
684 1509 747 1557 heue
763 1508 853 1557 hebet.
879 1520 934 1557 cunr
952 1507 978 1554 iu
997 1506 1094 1567 exiguis
1113 1506 1174 1555 sdeo
1192 1504 1405 1571 reprehendendis
1424 1521 1500 1558 occu·

143 1579 216 1639 petur
233 1575 371 1626 sdrerserii
389 1590 455 1639 cure,
475 1578 574 1638 siguum
592 1582 638 1640 ost,
655 1591 707 1626 nun
724 1577 826 1641 hebere,
845 1590 910 1641 quse
927 1580 982 1639 iure
999 1576 1166 1640 reprehendet
1183 1578 1210 1624 iu
1226 1578 1331 1638 mugnis.

247 1641 295 1712 24)
315 1647 385 1711 [pug.
403 1648 476 1707 esui
513 1645 679 1696 cleremontil
702 1648 844 1711 propositio
863 1648 924 1696 heec
941 1651 995 1696 est:
1022 1644 1085 1695 (lum
1102 1645 1172 1695 lines
1189 1648 1240 1696 ueri
1259 1654 1341 1696 motus
1359 1660 1410 1697 nou
1429 1651 1499 1697 tren·

144 1715 176 1763 slt
190 1728 238 1780 per
256 1717 374 1834 p'erticem
390 1713 455 1791 loci,
479 1731 577 1783 semper
593 1717 729 1768 intercedit
746 1722 828 1766 motus
845 1714 985 1782 perelisris
1003 1730 1048 1765 seu
1067 1717 1210 1767 differentis
1226 1718 1294 1766 iuter
1312 1719 1438 1770 visumst
1456 1733 1499 1768 re-

144 1798 196 1833 rum
213 1799 256 1834 mo
287 1800 321 1838 m.

247 1852 429 1905 corollarium:
454 1856 521 1905 liinc
542 1870 593 1906 nou
618 1861 684 1905 recte
702 1856 794 1905 dicitur
812 1871 827 1905 ι
845 1854 971 1922 lichene,
990 1870 1046 1905 cum
1065 1859 1092 1905 iu
1110 1863 1179 1905 motu
1198 1856 1289 1906 diurno
1307 1858 1498 1923 phseuomeuon

145 1923 174 1972 sd
191 1925 349 1976 consimilem
366 1927 520 1992 positionem
538 1927 655 1991 redierit,
674 1923 770 1975 nullum
788 1931 841 1975 tum
860 1929 915 1991 puti
932 1925 1103 1992 persulinum,
1123 1941 1179 1975 cum
1198 1929 1265 1975 euim
1283 1934 1395 1993 tempore
1414 1926 1499 1977 diurni

145 2000 236 2058 motus,
263 1996 361 2046 scillcet
378 1998 462 2061 spetio
480 1998 515 2047 24
533 1997 666 2061 horsrum,
692 1997 795 2045 nonnisi
811 2003 907 2061 purtem
926 2011 1000 2061 eeepe
1017 1998 1136 2058 exiguum
1153 1998 1194 2046 sui
1212 1995 1300 2045 circuli
1319 1995 1438 2046 conficiet
1455 2013 1498 2045 co-

146 2070 216 2130 nstr,
236 2078 336 2131 semper
352 2080 453 2133 quoque
472 2072 512 2116 est
527 2073 610 2116 motus
628 2068 697 2114 vleue
715 2069 795 2127 mejur
813 2080 880 2131 veru,
898 2073 1076 2131 praeterquam
1094 2066 1163 2132 quod
1182 2068 1256 2116 etiem
1276 2068 1297 2115 ei
1310 2069 1435 2128 integrum
1448 2069 1497 2116 cir·

145 2135 224 2184 culum
238 2137 374 2187 coniecerit
385 2141 432 2184 ιιι
441 2138 566 2198 integrum
581 2135 772 2202 semicirculum,
786 2135 927 2185 differentis
936 2142 1022 2185 temen
1031 2137 1096 2185 inter
1106 2146 1239 2202 utrumque
1249 2142 1345 2185 motum
1354 2137 1497 2187 intercedit.

245 2201 295 2272 25)
315 2207 384 2271 [pag.
401 2207 472 2269 teci.
508 2208 602 2255 Auctor
624 2206 697 2272 libri,
722 2203 832 2271 queml.
851 2221 871 2255 c
896 2206 935 2254 hie
958 2204 1049 2255 luudet
1066 2205 1265 2269 Glnrsmoutius,
1293 2207 1409 2271 „Scripto
1434 2207 1499 2255 nihil

148 2276 250 2324 suemus
267 2282 294 2326 et
312 2277 448 2339 elcgsutius
467 2276 604 2326 desidersri
623 2281 720 2342 potest,
746 2281 775 2325 ut
796 2278 882 2340 potius
900 2277 1006 2325 nitorem
1024 2277 1195 2326 scedemicum
1212 2283 1396 2341 repressentet‚
1422 2290 1499 2341 qusm

145 2344 271 2408 pulverem
289 2349 475 2412 geometricum,
493 2351 603 2395 ettsmen
622 2352 651 2395 ut
669 2348 792 2408 conjicere
809 2344 870 2395 licet
887 2346 977 2395 suthor
994 2351 1032 2395 ιιι
1049 2350 1135 2408 merui
1152 2348 1262 2395 neminie
1281 2354 1306 2395 et
1324 2346 1499 2396 celeberrimus

144 2413 256 2465 iumilise
274 2418 481 2466 cuutuhcmium“
502 2415 602 2477 ostilio,
621 2429 696 2481 quem
714 2417 740 2465 iu
759 2417 914 2480 presistlone
932 2413 967 2480 (p.
984 2418 1032 2465 147
1045 2414 1089 2482 ιι.)
1109 2417 1217 2467 diximus
1235 2422 1261 2465 et
1278 2417 1370 2479 purtim
1388 2415 1498 2481 loqueu-

144 2489 189 2534 ten
212 2485 374 2547 induximus,
398 2486 553 2537 Horetius
576 2486 720 2550 (irsssus,
746 2485 851 2537 Jesnits.
888 2483 1076 2536 claromontius
1100 2489 1209 2536 auctoris
1229 2500 1379 2551 qusmqusm
1399 2485 1499 2535 luudeti

144 2561 291 2616 ιιιιιιιιιι
309 2573 322 2607 ι
339 2555 467 2622 perellexi
486 2560 510 2604 et
527 2557 589 2604 tubo
607 2556 692 2620 optico
711 2556 827 2605 desumto
844 2570 894 2604 non
912 2557 1007 2621 ecciplt
1024 2557 1166 2622 reiutetque
1185 2570 1216 2605 ee
1235 2555 1312 2605 simili
1331 2558 1430 2606 retloue
1448 2570 1499 2622 que

143 2623 292 2685 l'ychonlce.
327 2627 411 2676 Verbo
429 2627 524 2694 Groui,
543 2639 608 2691 quus
620 2639 645 2676 u.
657 2628 682 2676 4.
699 2627 803 2690 respicit
821 2626 953 2691 sopietur,
973 2640 1004 2676 ex
1021 2632 1093 2692 purte
1110 2627 1220 2689 repetito
1237 2640 1268 2676 ex
1286 2640 1344 2691 psg.
1359 2627 1417 2688 148,
1435 2627 1499 2677 hese

144 2701 213 2745 suut:
233 2733 301 2747 ....
321 2698 414 2746 Verum
433 2711 489 2746 cum
508 2695 653 2757 hujusmodl
671 2696 865 2756 ohservstlouoe,
882 2701 912 2745 ut
929 2697 1087 2746 erectissime
1099 2698 1168 2758 deut,
1185 2698 1318 2761 requirunt
1332 2697 1498 2746 instrumente

144 2764 201 2814 edso
220 2767 350 2832 ingenue,
370 2769 442 2816 utin
460 2767 500 2814 his
518 2779 570 2815 uon
588 2763 669 2815 solum
686 2766 793 2831 gradus,
812 2767 856 2815 ιιι
873 2766 996 2827 greduum
1015 2768 1090 2816 etiem
1107 2769 1206 2815 minute
1224 2768 1285 2816 setis
1300 2780 1392 2826 mugire
1409 2768 1499 2816 heberi

143 2837 247 2901 possint,
266 2835 354 2901 quelle
366 2837 451 2900 'lycho
470 2836 551 2885 lirehe
569 2836 646 2898 regiis
659 2836 735 2901 plene
746 2836 868 2900 impensis
881 2839 1030 2896 construxit,
1047 2836 1106 2887 hinc
1118 2838 1259 2886 necessario
1272 2838 1393 2903 sequitur,
1413 2838 1498 2887 minus

144 2909 255 2955 sccurets
279 2908 306 2956 iu
328 2907 396 2956 hisco
420 2908 514 2955 nostris
536 2905 665 2970 ederriptu
686 2904 775 2954 sultem
794 2905 871 2955 luisse
891 2908 1002 2973 minute,
1026 2920 1083 2956 eum
1102 2909 1273 2957 instrumentis
1291 2909 1332 2956 usi
1350 2908 1428 2957 simus
1446 2921 1497 2957 non

143 2974 276 3025 sinodum
293 2978 406 3042 mugnis3
425 2982 501 3042 etque
518 2976 581 3025 hsec
599 2978 664 3024 retio
681 2978 817 3040 potissime
834 2978 897 3040 tuit,
917 2991 960 3026 cur
977 2979 1004 3026 iu
1023 2979 1111 3026 hurum
1130 2976 1267 3027 colletioue
1285 2991 1335 3026 nou
1354 2976 1417 3026 sdeo
1436 2976 1497 3027 dili·

144 3047 207 3104 seuti
225 3048 342 3096 eremius
360 3060 420 3097 usus
439 3049 494 3097 sim.
532 3046 590 3096 Scio
609 3047 689 3107 enlm,
714 3045 855 3094 hubeudsm
874 3048 951 3096 iuisee
969 3050 1090 3097 ustionem
1109 3048 1241 3110 herorum,
1267 3048 1360 3112 quihus
1379 3049 1498 3097 obseres·

144 3114 219 3164 tiones
238 3115 383 3179 hujusmodl
399 3118 427 3166 in
445 3117 551 3171 dirersis
568 3114 646 3181 loeis,
665 3118 781 3181 quemvis
800 3116 887 3165 eodem
905 3117 946 3166 dle
964 3119 1065 3168 hebitee
1087 3123 1160 3181 sunt,
1178 3124 1308 3182 prseteres
1320 3119 1498 3168 reireotlouum

145 3184 298 3251 silerumque
321 3200 417 3252 rerum,
443 3201 549 3253 querum
566 3186 711 3251 disquisitio
729 3184 808 3235 multo
827 3185 999 3248 diligentiores
1017 3188 1162 3253 roquirehet
1179 3188 1375 3240 ohsemstioues.
1412 3185 1497 3250 Quure

146 3255 220 3303 neni
240 3259 317 3305 etiem
335 3271 366 3306 es
384 3258 432 3307 hoc
450 3258 535 3322 cupite
554 3262 686 3321 suspectus
703 3256 850 3322 videantur,
874 3271 952 3306 uuum
975 3258 1100 3322 proiersm
1123 3259 1156 3308 eb
1180 3258 1249 3306 omni
1272 3259 1497 3307 instrumentorum

146 3323 241 3376 isilscis
264 3328 467 3377 remotissimum.
504 3328 552 3376 Die
576 3328 653 3387 igitur
673 3328 713 3378 13.
732 3327 793 3377 Dee.
817 3333 916 3376 comete
938 3326 1061 3377 decimum
1084 3328 1185 3377 Arcturi
1209 3327 1310 3377 stellem
1327 3328 1421 3377 Bomse
1444 3328 1497 3378 iere

147 3397 202 3445 teuit
220 3431 228 3447 .
248 3435 256 3450 .
277 3435 283 3448 .
302 3435 309 3450 .
328 3395 368 3464 (r.
386 3412 407 3449 ι.
425 3414 451 3463 p.
472 3394 546 3462 148).
582 3396 688 3445 lishetis
705 3398 783 3458 igitur
801 3411 832 3445 ex
849 3395 974 3461 perellsul
992 3405 1119 3463 utcunque
1138 3400 1283 3460 obserusts,
1301 3412 1352 3448 nou
1370 3397 1497 3451 subluntt·

147 3476 197 3531 tun,
215 3467 261 3516 ιιι
280 3466 357 3530 plene
376 3468 508 3518 coelestem
527 3466 604 3516 inisse
623 3473 746 3516 cometem
764 3472 885 3520 uestrum.
916 3467 1012 3527 Quodsi
1030 3470 1088 3534 quis
1106 3467 1187 3519 nihilo
1207 3469 1291 3518 miuus
1308 3482 1399 3535 purum
1415 3468 1497 3518 tideu-

149 3532 197 3585 dum
215 3539 344 3587 existimet
361 3539 495 3604 minusque
512 3542 578 3587 certo
597 3537 763 3586 demonstreri
781 3538 828 3586 hoc
843 3543 928 3603 putet,
948 3537 1012 3587 illud
1029 3545 1095 3588 certe
1113 3540 1198 3601 negeri
1215 3552 1266 3587 ιιι
1283 3543 1375 3603 potest,
1394 3539 1496 3604 queudo

147 3603 209 3654 nullu
227 3609 253 3656 lu
271 3607 394 3669 grsdibus
412 3609 552 3658 differentis
569 3609 699 3671 reperitur,
718 3607 761 3656 sed
783 3608 809 3655 lu
830 3608 934 3656 minutis
956 3614 1062 3675 tentum,
1076 3611 1156 3658 etiem
1176 3609 1197 3658 si
1218 3609 1410 3658 concederemus
1422 3608 1495 3659 illum

149 3672 298 3726 tuhiuusrem
319 3679 410 3744 inisse,
437 3680 470 3728 eb
495 3677 582 3727 eedem
605 3684 687 3726 temen
705 3677 779 3726 Luue
800 3691 851 3726 nou
874 3678 1010 3728 edmodum
1028 3684 1151 3729 remotum
1169 3679 1374 3731 existimandum.
1411 3682 1446 3730 st
1462 3694 1496 3729 ex

150 3740 187 3794 luc
203 3747 260 3812 ipso
278 3749 417 3810 ostendum,
436 3749 595 3798 subluusrem
614 3762 667 3796 esse
685 3761 735 3796 uon
752 3749 868 3812 potulese
886 3752 933 3799 eto.

240 3817 281 3866 De
303 3818 518 3882 multiplicetione
536 3818 593 3865 tubi
611 3818 704 3882 optici‚
730 3832 805 3881 quem
828 3818 953 3880 Kepierus
971 3833 998 3882 p.
1015 3821 1076 3870 235.
1096 3820 1128 3869 ed
1149 3833 1205 3882 cup.
1226 3821 1271 3872 32.
1293 3821 1382 3882 psucie
1405 3820 1494 3884 ιιιιιι,

125 3946 128 3953 ,
150 3878 198 3933 leuc
214 3886 323 3949 legimus
339 3889 366 3937 in
385 3889 494 3940 ilresso:
512 3885 580 3937 Illud
599 3885 731 3951 (cometem
748 3901 825 3951 suprs
843 3888 941 3938 Lunum
960 3885 1095 3954 exstitisse)
1113 3889 1160 3939 hou
1178 3889 1246 3939 idem
1263 3890 1408 3952 persuadet,
1426 3889 1495 3954 quod

151 3960 232 4003 comete
255 3958 318 4006 tubo
345 3961 428 4021 optico
454 3962 582 4022 inspectus
600 3958 643 4006 vix
661 3957 742 4006 ullum
760 3972 851 4021 pessus
870 3963 908 4007 est
925 3959 1118 4021 incrementum,
1142 3961 1216 4021 louge
1233 3965 1318 4008 temen
1338 3960 1495 4022 experientis

152 4031 291 4087 unpeurue
309 4032 347 4077 est
364 4032 440 4094 etque
458 4030 549 4093 opticis
567 4028 707 4076 rstionihus
726 4030 929 4092 comprohatum,
956 4043 1123 4094 quoscunque
1140 4030 1188 4078 hoc
1206 4030 1372 4078 instrumento
1392 4031 1493 4092 conspi-

154 4091 254 4163 irunt,
279 4099 379 4159 meiere
401 4100 482 4148 rideri
504 4112 581 4163 quum
599 4098 673 4148 nudie
693 4096 774 4147 oculis
791 4101 906 4160 inspecte
924 4104 1098 4163 compereunt,
1123 4114 1154 4148 eu
1171 4105 1255 4148 tumen
1273 4097 1341 4160 lege,
1364 4105 1393 4148 ut
1411 4099 1494 4147 miuus

153 4170 173 4208 tt
191 4166 272 4216 minus
294 4170 405 4218 sentient
428 4184 460 4219 er
482 4167 526 4218 illo
548 4169 741 4234 incrementum,
768 4183 819 4234 quo
838 4170 917 4229 meris
935 4171 967 4218 eh
986 4168 1058 4219 oculo
1077 4175 1174 4218 remote
1191 4168 1293 4219 fuerint.
1328 4170 1366 4218 Es
1386 4183 1437 4234 quo
1456 4170 1494 4235 nt,

153 4234 173 4278 ii
186 4234 270 4285 ιιι11ιι
287 4234 367 4299 lires,
386 4253 403 4288 ι
420 4241 495 4289 nobis
514 4233 626 4287 omnium
643 4240 837 4301 remotissimus,
860 4237 958 4287 nullum
976 4237 1121 4289 sensibilem
1140 4240 1171 4288 eb
1190 4240 1235 4287 iiio
1252 4240 1376 4301 recipiunt
1392 4240 1493 4300 mugni-

154 4299 256 4354 hinem.
293 4304 355 4356 com
374 4323 431 4370 ergo
449 4324 536 4372 purum
555 4306 690 4356 admodum
709 4309 796 4369 sugeri
814 4309 883 4358 uisus
902 4311 936 4358 sit
954 4315 1059 4374 comete,
1078 4307 1158 4359 multo
1170 4323 1187 4357 ι
1199 4309 1272 4357 uobis
1285 4310 1404 4358 remotior
1416 4322 1493 4374 quum

155 4364 211 4422 Ltus
227 4376 347 4426 dicendus
367 4381 426 4445 erit,
453 4394 508 4429 cum
531 4380 592 4427 hsec
611 4380 672 4427 tubo
690 4379 804 4441 inspecte
822 4380 895 4439 longe
912 4382 992 4442 meior
1011 4384 1138 4445 sppereet.
1178 4379 1236 4429 Scio
1255 4380 1302 4427 hoc
1320 4384 1493 4440 srgumentum

154 4445 209 4498 isrei
225 4445 294 4511 spud
312 4445 413 4513 sliquos
431 4451 509 4499 luisse
526 4450 654 4509 momenti,
673 4447 715 4496 ιιι
734 4448 761 4496 hi
777 4449 882 4498 iortssse
900 4463 989 4512 purum
1014 4451 1113 4514 opticus
1131 4450 1258 4514 principie
1276 4449 1443 4512 perpendunt,
1462 4463 1492 4498 ιι

156 4514 232 4572 qubus
249 4531 351 4567 necesse
371 4525 416 4581 ιιι,
434 4520 493 4569 huic
511 4518 590 4569 eidem
608 4521 745 4567 munimem
762 4521 844 4569 inesse
861 4519 912 4567 rim
931 4520 963 4569 ιι
981 4520 1029 4569 ιιι
1046 4518 1114 4584 quod
1132 4520 1231 4579 egimus
1249 4518 1457 4581 persuadendum.

240 4587 281 4636 Αι
304 4589 369 4639 heec
386 4588 568 4641 Oloremontiue
594 4587 741 4653 respondet:
767 4589 879 4639 Primum
903 4602 943 4637 me
965 4603 996 4638 ιι
1014 4587 1067 4638 illis
1084 4589 1176 4653 istem,
1201 4589 1247 4654 qul
1265 4589 1325 4638 iicet
1342 4602 1393 4638 nou
1411 4588 1493 4639 levem

156 4659 237 4715 iim
258 4657 358 4723 optione
382 4660 508 4728 dederim,
529 4670 579 4709 nou
603 4671 710 4720 ugnosco
728 4657 799 4708 illem
814 4661 1003 4725 uecessitstem‚
1030 4673 1104 4726 quum
1122 4659 1177 4722 ipse
1195 4656 1339 4724 profitetur,
1362 4658 1492 4710 desidere-
