3284 5520
663 327 816 397 Responsio
836 325 956 396 Kepleri.
1431 328 1495 397 681
1541 288 1544 299 ·

138 524 179 568 an
210 506 248 568 de
278 504 461 584 odmundum
490 505 642 583 eclipsium
666 508 844 584 experientia
866 506 1004 581 loquatur
1024 505 1088 582 ipse
1111 505 1144 565 P.
1167 505 1358 566 Torrentius?
1389 505 1421 566 Si
1444 506 1495 582 illi,

138 596 266 671 probent
296 597 384 671 igitur
413 595 493 670 prius
520 592 607 654 fidem
634 593 820 654 historiarum
849 601 879 654 et
901 593 1139 653 observationum
1162 611 1297 667 suarum,
1329 594 1496 654 habitarum

138 690 209 741 ante
234 687 318 742 4000
342 698 452 755 annos3
481 698 550 740 nam
578 699 667 758 supra
694 685 862 758 suspicatus
890 697 969 754 snm,
1000 680 1123 757 eclipses
1145 680 1213 740 illas
1236 698 1300 741 esse
1323 698 1359 741 er
1382 681 1496 742 calculo

139 778 218 829 retro
242 777 373 830 extenso.
417 767 468 827 Sin
492 768 561 842 iste,
586 770 761 841 meminerit,
785 786 803 827 a
825 784 970 827 consensu
991 785 1151 844 paucarum
1173 770 1336 845 praesentis
1359 771 1496 847 temporis

140 859 170 915 in
195 855 372 932 Capricorno
396 855 444 915 vel
467 854 579 914 Cancro
601 873 660 916 non
684 858 767 933 sequi
791 855 829 915 ad
852 872 1025 916 consensum
1048 857 1077 913 in
1101 856 1200 916 Ariete
1223 861 1253 915 et
1274 855 1384 930 Libra,
1417 855 1497 933 qnod

139 944 282 1020 probatur
304 943 437 1018 exemplo
461 940 566 1002 calculi
581 943 730 1005 Prntenici
752 950 781 1004 et
796 943 1023 1017 Aliensinornm,
1048 942 1140 1003 multo
1158 945 1254 1002 minus
1270 941 1308 1002 ad
1323 959 1496 1004 consensum

138 1029 295 1108 eclipsium
318 1031 595 1107 antiquissimarum·
975 1078 977 1082 Α

247 1117 298 1178 Ec
323 1116 538 1194 Ghonptecheo.
584 1117 678 1200 Paulo
709 1119 802 1176 serius
830 1116 916 1194 copia
946 1116 1016 1188 mihi
1045 1116 1101 1174 init
1126 1115 1214 1191 hujus
1244 1116 1386 1192 epistolae
1408 1118 1496 1194 ianm,

140 1206 260 1266 cumin
283 1204 358 1264 Tab.
381 1205 531 1280 Rodolphi
559 1204 714 1282 catalogus
735 1204 865 1265 locorum
888 1205 967 1282 typis
986 1201 1050 1279 jam
1073 1209 1151 1263 esset
1174 1220 1344 1282 expressus,
1376 1223 1498 1283 compa-

140 1310 253 1352 rassem
280 1295 371 1367 enim,
402 1294 428 1352 si
450 1295 574 1369 tempori
597 1295 791 1370 accepissem,
821 1292 1000 1352 literaturam
1022 1290 1099 1350 hanc
1124 1289 1330 1367 Chonpbcheu
1352 1292 1495 1353 Tenentii

142 1397 209 1438 cum
241 1378 386 1457 olanzoy
416 1379 652 1457 Chrysococcae,
687 1380 816 1440 Xiorrcti
845 1379 962 1452 Kaerli,
1001 1378 1133 1455 (interret
1162 1377 1298 1438 Jaosonii
1329 1387 1358 1438 et
1391 1381 1498 1458 (lineat

140 1466 184 1525 M.
208 1466 295 1527 Pauli
319 1466 433 1527 Veneti.
479 1466 682 1527 communicet
710 1483 779 1527 vero
802 1455 956 1527 nobiscum
979 1465 1013 1526 P.
1036 1465 1206 1526 Torrentius
1228 1466 1412 1527 altitudinem
1435 1470 1496 1547 poli

139 1553 220 1614 illius
243 1553 309 1628 loci,
332 1560 384 1616 ant
406 1553 590 1614 altitudinem
606 1554 684 1615 Solis
706 1561 839 1614 exacnm
861 1556 892 1612 in
915 1560 993 1614 certa
1016 1551 1145 1626 meridie,
1168 1560 1197 1612 et
1220 1554 1342 1631 eclipsin
1366 1556 1413 1617 vel
1429 1559 1497 1616 uni-

140 1658 217 1713 cam,
232 1644 426 1701 astronomica
441 1641 501 1701 illic
516 1643 713 1715 observatam,
730 1644 924 1701 communicet
938 1648 968 1700 et
982 1640 1207 1700 consuetudines
1221 1644 1326 1717 gentis,
1349 1645 1378 1700 in
1394 1642 1496 1721 dispo*-

138 1729 247 1787 sitione
270 1728 382 1788 dierum
404 1730 473 1788 anni
496 1728 567 1804 qnid
589 1736 697 1789 statum
711 1719 750 1788 'et
771 1729 862 1788 fixum
881 1726 1018 1801 habeant,
1041 1727 1112 1803 qnid
1136 1745 1244 1805 vagum
1260 1738 1289 1789 et
1305 1730 1413 1790 mobile
1430 1749 1494 1791 esse

139 1818 300 1892 patiantur,
323 1814 471 1891 quodnam
494 1818 564 1876 anni
586 1825 675 1894 caput
697 1817 863 1889 observent,
886 1822 1034 1875 certumne
1057 1813 1138 1874 sidus
1158 1817 1236 1889 anni,
1259 1834 1297 1875 an
1314 1835 1423 1894 vagum
1438 1820 1496 1876 ini-

139 1906 224 1977 tium,
247 1911 280 1962 nt
295 1901 456 1977 sarraceni,
480 1912 509 1963 et
527 1904 699 1980 juvabimus
721 1906 818 1982 ipsum
840 1907 870 1962 in
888 1909 960 1981 typo
976 1904 1046 1962 anni
1060 1902 1276 1976 conformando,
1300 1907 1396 1980 quiet
1412 1905 1497 1966 coelo

139 1988 318 2066 respondeat
348 1998 378 2050 et
400 1989 477 2051 Sinis
506 1998 643 2068 acceptus
674 1993 744 2065 sit,
761 1991 887 2068 denique
910 1991 939 2048 in
962 1988 1173 2069 persuadendis
1195 1993 1276 2067 genti
1298 1991 1415 2068 legibus
1436 2010 1496 2052 non

138 2077 302 2138 calendarii
331 2085 445 2138 tuntum
476 2080 582 2148 nostri,
612 2078 664 2139 sed
694 2080 784 2138 totins
809 2078 875 2154 jugi
898 2080 999 2136 suavis
1023 2077 1246 2140 Christianismi.
1292 2076 1379 2153 Quod
1402 2087 1497 2140 ratum

140 2183 206 2225 esse
228 2165 302 2226 velit
323 2167 357 2238 is,
381 2167 428 2225 oui
446 2166 541 2225 Pater
562 2173 699 2226 aeternus
720 2173 822 2240 gentes
845 2167 873 2222 in
897 2163 1108 2226 haereditatem
1131 2163 1219 2240 dedit,
1246 2165 1381 2226 Christus
1398 2167 1497 2242 Jecur,

139 2251 227 2312 Deua
248 2260 277 2312 ct
298 2253 398 2330 homo,
423 2253 636 2329 Dominuequc
658 2261 767 2327 notter,
790 2253 901 2313 Amen,

469 2391 665 2472 Perscriptum
687 2391 869 2452 Ratisbonae
891 2406 992 2451 meuse
1015 2388 1170 2451 Decembri

674 2525 753 2581 Anno
771 2525 965 2584 emoxxvn.
1048 2487 1051 2494 ’
