3284 5520
146 336 212 403 544
619 332 903 403 Eprhcmcridlbus
914 333 1034 407 llepleri.

147 512 205 567 aire
223 527 240 567 a
257 508 394 566 vetembus
411 509 468 565 sive
485 524 502 565 a
521 509 718 567 recentioribus
736 511 899 567 astronomis
918 510 1072 580 obtentam,
1094 509 1145 567 sed
1161 526 1258 569 omnes
1274 511 1313 567 ad
1329 527 1412 569 unam
1428 527 1484 569 eam

145 606 199 661 que
213 590 440 659 jucundissimam
457 588 624 646 harmoniam
636 590 753 646 reduxit.
785 589 928 645 Concludit
939 589 1102 646 Hortensius
1119 589 1322 659 praefationem
1340 606 1418 647 suam
1433 590 1496 649 bena

144 671 253 739 longam
271 669 411 725 recensitis
429 669 539 740 scriptis
550 669 712 738 Lansbcrgii
729 686 790 725 cum
809 670 888 726 editis
906 678 964 725 tum
981 669 1076 741 proclo
1094 670 1197 740 paratis
1215 679 1243 727 et
1259 671 1305 726 his
1323 670 1407 727 linem
1423 670 1494 728 iacit:

144 749 187 805 Tu
205 748 300 819 modo,
326 749 441 819 benigue
460 749 560 820 lector,
585 750 707 805 laborem
725 751 785 819 ejus
803 750 931 820 precibus
949 750 1023 821 apud
1041 750 1130 805 Deum
1147 749 1262 819 adjura,
1286 758 1319 805 ut
1337 748 1496 806 astronomia

145 827 226 883 nitori
244 843 293 883 suo
311 827 422 883 taudem
440 829 569 883 restituta
587 829 644 897 tibi,
663 828 729 883 mihi
747 828 901 898 studiisque
919 829 1037 884 omnium
1055 827 1188 882 bonomm
1207 844 1255 884 eos
1268 826 1378 884 fructus
1391 826 1496 897 adierat,

144 923 213 976 quos
231 921 265 961 ex
284 906 406 977 perlecta
425 907 509 977 hujus
528 909 594 963 artis
612 908 785 965 restitutione
803 910 831 964 in
848 926 933 981 remp.
953 908 1100 964 literarium
1119 908 1173 962 acis
1191 907 1341 962 redituros.

248 993 299 1049 His
317 993 477 1063 Lansbergii
496 994 621 1051 laudibus
638 997 772 1053 immiscet
788 997 952 1053 Hortensius
971 995 1125 1065 catalogum
1143 1009 1250 1061 eorum,
1275 1008 1351 1063 quac
1368 995 1397 1050 iu
1415 992 1496 1049 Ptole

144 1086 230 1140 macc,
250 1070 400 1140 Cuperuico
418 1079 447 1128 et
464 1071 593 1143 Tycboue
611 1074 738 1146 opinione
757 1092 807 1131 sua
826 1091 940 1132 erronea
958 1074 1129 1144 deprehensa
1147 1073 1209 1143 siut,
1236 1089 1261 1128 v.
1274 1090 1305 1149 ,c
1324 1072 1496 1129 elevationem

144 1148 202 1219 poli
220 1148 294 1218 apud
312 1148 506 1220 Tychonem
524 1151 595 1207 intra
613 1170 696 1208 unum
716 1152 873 1223 scmpulum
892 1152 982 1210 adhuc
993 1153 1021 1208 in
1034 1152 1161 1221 ambiguo
1173 1152 1285 1219 versari,
1304 1152 1453 1208 maximam
1469 1152 1497 1207 ab

145 1229 192 1284 illo
210 1228 346 1299 proditam
359 1229 431 1286 Solis
449 1230 657 1289 declinationem
671 1250 688 1289 a
700 1249 763 1289 vero
782 1233 918 1302 aberrare,
936 1233 1013 1289 illum
1025 1232 1053 1287 iu
1065 1230 1301 1287 observationibus
1314 1231 1496 1300 aequinoctio

141 1324 202 1363 rum
220 1322 237 1362 a
255 1322 285 1363 se
302 1308 363 1379 ipso
381 1325 435 1364 uon
454 1311 537 1366 semel
557 1312 709 1381 dissentire,
727 1319 831 1367 motum
849 1310 966 1367 medium
980 1309 1050 1366 Solis
1068 1316 1206 1379 uunquam
1223 1316 1300 1364 recte
1318 1309 1495 1377 constituisse,

142 1384 346 1442 observationes
365 1388 424 1457 ejus
437 1388 533 1445 Lunae
552 1390 604 1447 sibi
621 1407 676 1447 uon
694 1398 828 1458 constare,
847 1391 874 1445 iu
894 1387 1128 1446 obseruationibus
1145 1386 1287 1457 eclipsium
1305 1386 1439 1443 solarium
1450 1402 1496 1442 nou

142 1480 238 1535 parum
256 1465 414 1535 Tychonem
438 1467 636 1525 hallucinatum
659 1486 720 1527 esse
739 1476 792 1526 ete.
830 1470 871 1525 De
889 1469 1045 1538 lleplero
1063 1467 1134 1522 iuter
1152 1466 1206 1523 alia
1222 1466 1292 1521 haec
1310 1465 1409 1521 allert:
1434 1464 1495 1520 Sulis

143 1542 308 1613 distantiam,
326 1545 435 1616 triplam
452 1546 510 1602 lere
527 1548 717 1619 Ptolemaicse,
738 1565 792 1604 uon
810 1549 986 1616 demonstrat,
1006 1548 1055 1603 sed
1072 1544 1221 1601 rationibus
1241 1544 1419 1614 harmonicis,
1435 1556 1496 1613 quae

142 1621 238 1677 sinon
256 1621 326 1692 aliis,
344 1623 396 1679 sibi
415 1624 510 1681 saltem
529 1627 638 1698 egregie
656 1625 842 1693 satisfaciunt,
861 1626 1011 1681 confirmat.
1052 1624 1135 1679 »Nam
1156 1639 1225 1692 quae
1244 1638 1350 1691 quaeso
1368 1624 1441 1679 haec
1457 1636 1495 1677 rs·

142 1701 227 1767 nitas,
253 1716 287 1755 ex
311 1701 473 1760 harmonicis
497 1705 660 1774 quibusdam
685 1703 838 1760 rationibus
862 1712 909 1759 aut
926 1704 986 1759 aliis
1004 1703 1115 1759 incertis
1134 1701 1371 1773 speculationibus
1389 1701 1418 1758 id
1436 1699 1496 1755 velle

142 1779 313 1849 concludere,
333 1781 409 1850 cujus
428 1782 575 1838 inventioni
593 1790 651 1839 totu
669 1790 792 1838 veterum
810 1789 1026 1837 astronomorum
1051 1780 1145 1837 schola
1163 1788 1308 1850 tantopere
1326 1779 1493 1837 insudariti«

142 1859 275 1928 Aequatio
293 1862 412 1916 maxima
429 1862 661 1932 aequinoctiorum
681 1860 804 1919 extendit
821 1877 851 1916 se
869 1860 1071 1916 demonstrante
1087 1858 1258 1928 Lausbergio
1275 1858 1312 1913 ad
1330 1860 1364 1913 1⁰
1385 1860 1428 1915 tt'
1447 1859 1494 1924 16¹⁴.

142 1955 196 1994 non
219 1938 254 1995 ad
273 1941 317 1997 30¹
334 1942 386 1998 31‘¹
404 1949 435 1995 ut
452 1939 581 2009 Keplero.
617 1941 824 2010 Propertionem
842 1939 1035 2010 Keplerianam
1060 1938 1184 1993 diametri
1209 1938 1280 1995 Solis
1305 1952 1448 2009 apogaeae
1469 1934 1495 1990 ad

141 2017 311 2087 perigaeam,
337 2026 367 2072 ut
385 2020 421 2076 ³0
438 2018 473 2073 ad
490 2018 523 2072 31
542 2018 584 2073 vel
602 2019 653 2075 125
673 2018 707 2074 ad
729 2020 791 2084 129,
820 2018 918 2074 falsam
940 2032 1015 2088 ease,
1042 2032 1072 2072 se
1093 2016 1229 2072 invenisse
1252 2034 1316 2073 eam
1340 2034 1393 2089 per
1409 2014 1496 2072 tubum

142 2096 277 2166 opticum,
301 2112 351 2166 per
369 2100 385 2151 3
406 2112 493 2152 annos
516 2106 642 2153 manente
665 2098 761 2154 eadem
780 2097 838 2154 tubi
856 2095 1026 2163 diductione,
1051 2101 1081 2150 ut
1102 2096 1151 2151 125
1170 2093 1205 2150 ad
1223 2097 1274 2153 13³
1292 2096 1361 2153 fere.
1401 2095 1495 2164 »Quam

143 2173 224 2231 facile
240 2173 376 2244 Keplerus
394 2175 551 2246 Tychonem
569 2176 612 2231 32¹
634 2177 662 2231 in
686 2176 814 2246 perigaeo
841 2174 966 2244 posuisse
992 2174 1058 2229 dicit
1082 2173 1269 2243 hypotheseos
1287 2171 1495 2231 eccentricitatis

145 2253 332 2324 persuasione,
351 2260 406 2309 tam
425 2253 504 2310 iacile
522 2262 703 2325 retorquetur,
723 2253 871 2324 Keplerum
889 2253 1066 2324 persuasione
1079 2252 1205 2309 dimidiae
1218 2252 1433 2309 ecccutricitatia
1445 2266 1495 2307 ean

142 2333 241 2390 iecisse
259 2336 310 2404 31‘,
337 2336 526 2391 observatione
551 2336 611 2404 ejus
637 2352 687 2406 per
711 2336 833 2392 foramen
857 2334 1031 2391 instrumenti
1056 2332 1172 2404 ecliptici
1197 2332 1282 2388 nihilo
1306 2333 1427 2389 certiore
1448 2330 1494 2386 eri·

141 2422 240 2483 stante,
259 2426 340 2482 quam
358 2422 401 2469 est
419 2413 571 2470 observatio
583 2415 721 2484 Tychonis
739 2431 788 2485 per
806 2414 935 2470 canalem.
963 2413 1025 2470 Etsi
1043 2412 1114 2468 enim
1127 2412 1180 2469 hoc
1192 2410 1272 2468 modo
1284 2428 1353 2467 aera
1364 2412 1495 2483 quantitas

143 2492 267 2548 diametri
279 2492 373 2548 solaris
387 2508 441 2547 uon
454 2492 490 2548 sit
502 2493 728 2563 demonstrabilis,
742 2492 866 2565 Tycboui
879 2500 970 2548 tamen
983 2509 1038 2547 uon
1050 2490 1103 2545 alia
1116 2491 1204 2560 potult
1217 2490 1348 2545 obvenire
1360 2487 1495 2560 proportio

141 2586 220 2641 qnam
239 2568 275 2626 30
293 2569 326 2625 ad
346 2572 397 2639 32,
417 2587 522 2641 errore,
542 2571 588 2642 qui
607 2580 650 2629 eat
667 2573 695 2628 iu
713 2587 835 2642 apogaeo
854 2572 927 2626 circa
944 2570 1056 2625 limbum
1073 2570 1122 2642 Θ,
1142 2577 1297 2625 recurrente
1316 2569 1346 2623 in
1364 2570 1493 2639 perigaeo.

141 2647 221 2716 Quod
244 2656 334 2705 autern
353 2666 405 2705 nec
423 2651 519 2721 Tycho
542 2666 631 2720 neque
653 2652 788 2721 Keplemrs
810 2650 1044 2706 observationibus
1065 2650 1121 2705 suls
1142 2666 1232 2706 reram
1255 2649 1385 2704 diametri
1406 2646 1494 2705 solaria

141 2728 320 2797 quantitatem
338 2730 457 2786 assecuti
475 2730 543 2797 siut,
569 2730 662 2787 docuit
684 2748 735 2787 nos
754 2729 900 2785 difficultas
920 2729 1080 2787 observandi
1099 2736 1127 2785 ct
1145 2745 1239 2785 eorum
1257 2728 1419 2801 dissensus,
1444 2732 1493 2783 tum

141 2806 288 2877 praecipue
306 2807 401 2863 melior
419 2810 588 2879 experientia
606 2809 755 2866 doctissimi
773 2810 806 2865 D.
827 2807 1004 2880 Lansbergiie
1025 2817 1076 2865 etc.

248 2893 412 2950 Hortensius
430 2910 511 2965 aegre
529 2896 619 2952 terens
639 2894 882 2951 »addiuuncuhm«
903 2894 1016 2965 llepleri
1033 2897 1225 2965 praemissam,
1244 2910 1317 2949 anno
1335 2894 1407 2951 1631
1426 2893 1494 2963 (port

141 2970 253 3040 llepleri
276 2974 402 3041 mortem]
430 2973 558 3045 Lugduni
579 2975 743 3029 Batauorum
773 2975 845 3044 typis
874 2973 1060 3029 excudendum
1087 2974 1191 3030 curarit
1218 2974 1440 3043 Responsionesa
1464 2968 1494 3026 ud

140 3052 359 3110 additiuncalam
377 3054 415 3110 D.
428 3054 458 3110 J.
472 3055 596 3125 Kopion,
611 3056 767 3124 praeficem
784 3051 963 3122 Eplcmcrids'
981 3052 1040 3122 ejas
1057 3055 1087 3108 in
1105 3070 1209 3108 uanam
1223 3052 1299 3119 thil,
1318 3053 1351 3107 ia
1368 3068 1427 3122 qao
1443 3063 1493 3106 caat

141 3130 173 3186 dc
191 3133 276 3187 totius
293 3136 477 3189 astronomica
495 3134 682 3199 restitutione,
708 3138 766 3188 tam
788 3132 923 3200 irreprimis
946 3131 979 3187 de
1002 3133 1191 3188 observatione
1208 3132 1339 3188 diametri
1356 3130 1434 3186 Solis
1449 3127 1493 3198 fida

141 3210 200 3264 tubi
217 3210 353 3280 dioptrtci,
373 3214 517 3282 eclipsibus
534 3212 676 3281 utriumque
694 3211 847 3275 luminaris,
866 3211 1015 3265 luculenter
1026 3211 1129 3279 agitur.
1159 3210 1190 3263 ln
1208 3208 1355 3278 prooemio.
1368 3214 1493 3271 „testatur

141 3288 246 3344 sincera
262 3289 332 3344 fidc“
360 3290 393 3345 de
417 3298 503 3346 morte
522 3289 636 3358 Keplcri
656 3305 686 3346 se
704 3288 772 3344 nihil
790 3288 930 3356 accepisse
956 3287 1114 3355 priusquam
1135 3284 1207 3343 banc
1225 3286 1435 3356 responsionem
1453 3284 1492 3340 ab·

140 3367 258 3422 solverit.
294 3367 347 3422 Diu
371 3385 400 3424 se
426 3368 536 3423 dubium
559 3367 658 3435 luisse,
683 3384 745 3421 num
769 3367 797 3421 iu
819 3365 909 3422 lucem
932 3380 991 3419 eam
1016 3364 1108 3419 ederet
1131 3373 1162 3421 ut
1180 3371 1253 3421 esset
1272 3364 1444 3435 conscripta,
1465 3375 1491 3414 au

141 3446 236 3501 habita
253 3447 358 3502 ratione
376 3446 450 3502 illius
461 3446 523 3514 'jam
542 3445 640 3501 mortui
659 3445 782 3500 nonnihil
800 3445 965 3499 immutaret.
1001 3442 1122 3498 Tandem
1141 3443 1282 3513 perpensis
1300 3442 1391 3512 probe
1409 3442 1491 3499 dcieu·

140 3523 225 3577 sionis
244 3534 310 3579 auae
328 3524 536 3579 circumstantiis
555 3523 583 3577 in
601 3522 746 3578 editionem
766 3524 861 3592 scripti
879 3521 954 3577 nullo
973 3528 1076 3576 mutato
1094 3520 1176 3576 verbo
1195 3537 1225 3577 se
1243 3522 1426 3578 consensisse.

243 3612 275 3665 In
298 3612 477 3680 responsione
500 3612 561 3681 ipsa
586 3610 707 3680 singulos
732 3610 919 3681 paragraphus
946 3609 1177 3664 ›additiunculas‹
1203 3607 1369 3665 adverbum
1389 3609 1491 3662 citatet

140 3696 271 3744 recenset.
309 3688 398 3756 »Quid
415 3690 532 3746 bominis
551 3691 610 3760 sim,
630 3689 757 3760 Keplere,
776 3707 831 3746 nou
849 3689 935 3744 habes
953 3688 1056 3743 dicere:
1075 3704 1130 3743 uon
1148 3687 1220 3741 nosti
1232 3703 1283 3755 me,
1303 3687 1370 3757 quid
1383 3680 1491 3741 mirum?

140 3765 253 3821 multum
273 3766 422 3822 differimus
441 3768 555 3823 nominis
574 3767 705 3823 claritate.
743 3769 786 3823 Tu
804 3767 912 3835 scriptis
931 3766 985 3821 tuis
1002 3764 1193 3819 celeberrimus
1213 3779 1251 3830 es,
1271 3779 1323 3833 ego
1336 3763 1369 3816 iis
1382 3762 1430 3817 vix
1442 3772 1491 3817 tau·

138 3845 225 3900 tulam
250 3845 340 3900 adhuc
363 3845 451 3900 lamae
476 3854 580 3916 partem
607 3862 666 3901 sum
692 3854 864 3901 consecutus.
902 3844 944 3898 Tu
964 3845 1044 3897 trium
1064 3842 1158 3898 ordine
1176 3844 1376 3913 Imperatorum
1394 3840 1491 3896 matbe-

140 3925 267 3992 muricus,
294 3941 345 3994 ego
364 3923 496 3979 hactenus
516 3925 646 3993 priuatus.
682 3925 725 3978 Tu
743 3924 771 3977 in
792 3922 935 3978 Germania
954 3920 1055 3976 dudum
1074 3920 1149 3976 solus
1167 3938 1281 3992 regnum
1300 3922 1425 3991 obtines,
1450 3932 1491 3989 ego

139 4019 174 4058 ex
192 4003 318 4072 Batavis,
344 4003 438 4059 ultimo
457 4004 516 4072 ejus
536 4005 648 4074 angulo,
674 4005 701 4057 iu
724 4003 813 4059 lucem
840 4006 947 4060 demum
966 4002 1077 4072 prodeo.
1116 4000 1236 4057 Offendit
1253 4007 1282 4055 tc
1298 4000 1400 4069 igitur,
1427 3995 1493 4070 quod

138 4082 249 4152 ignotus
268 4083 325 4151 tibi,
345 4096 433 4150 neque
451 4083 531 4138 editis
550 4083 641 4138 multis
655 4099 686 4137 ac
698 4083 803 4153 maguis
816 4081 998 4137 voluminibus
1011 4090 1092 4138 autea
1108 4080 1207 4149 clarus,
1226 4078 1405 4135 nihilominus
1417 4078 1490 4134 liber·

138 4169 223 4217 tatem
242 4164 310 4231 cepi,
329 4162 482 4231 inquirendi
501 4163 694 4218 astronomiam
706 4164 891 4233 Tychouicam
910 4177 996 4232 eoque
1015 4170 1043 4217 ct
1061 4170 1145 4218 tuam.
1175 4160 1272 4228 h’eque
1289 4171 1342 4226 ego
1360 4159 1401 4215 ita
1419 4173 1490 4214 eren·

138 4249 229 4296 turum
249 4251 329 4297 antea
347 4257 401 4296 non
419 4242 481 4297 ridi.
517 4243 620 4299 Genius
640 4251 667 4297 et
684 4242 822 4313 ingenium
840 4251 918 4298 tuum
936 4245 1002 4300 satis
1020 4244 1085 4299 mibi
1104 4247 1278 4314 perspectum
1295 4253 1311 4293 e
1331 4236 1413 4296 libris
1430 4240 1490 4305 tuis

139 4319 207 4374 adeo
227 4320 361 4389 teipsum
379 4321 408 4375 iu
425 4337 529 4390 nupero
548 4329 595 4377 tuo
608 4323 807 4393 Hyperaepiste
825 4322 892 4377 visis
911 4323 1048 4378 coloribus
1063 4320 1218 4391 depinxisti.
1248 4318 1384 4383 Sciebam,
1403 4326 1432 4374 te
1444 4332 1490 4373 uon

139 4398 197 4452 sine
220 4398 361 4455 stomacho
384 4402 581 4470 praelationem
604 4419 690 4458 meam
712 4403 854 4476 lecturum.
891 4404 928 4460 At
952 4403 1017 4471 quid
1039 4403 1119 4458 tum?
1143 4403 1232 4458 Notus
1253 4400 1302 4454 aim
1322 4416 1358 4454 au
1376 4399 1490 4469 ignotus,

140 4491 226 4545 aeque
242 4475 412 4533 defendenda
429 4481 539 4549 ceritas,
559 4497 610 4536 uec
628 4482 782 4554 videndum,
802 4484 862 4554 quie
881 4483 962 4551 dicat,
981 4480 1029 4537 sed
1048 4480 1112 4550 quid
1131 4479 1244 4536 dicatur.
1280 4479 1344 4534 Nou
1364 4491 1490 4548 quaeren-

140 4552 204 4607 dum
222 4554 305 4608 etium
322 4557 431 4626 scriptis
450 4573 467 4613 a
484 4557 642 4614 celebritate
661 4561 763 4616 autoris
782 4561 970 4630 patrocinium,
988 4559 1037 4615 aed
1056 4558 1151 4629 procul
1170 4556 1352 4628 ablegandum
1365 4574 1381 4612 a
1393 4556 1489 4612 matha·

139 4633 297 4688 maticorum
316 4635 410 4690 schola
428 4636 678 4708 Pythagoraeorum
697 4637 766 4695 illud
784 4644 861 4701 adeor
880 4639 936 4710 ἔφη.

242 4720 426 4792 Keplerus:
445 4724 533 4779 Homo
546 4723 760 4785 fiducia....in
773 4742 940 4797 eaoperum.
963 4723 1179 4780 Hortensius:
1197 4723 1261 4779 Non
1274 4722 1490 4792 estquoumhu

138 4797 191 4854 hoc
208 4806 285 4857 tuum
303 4800 338 4859 de
355 4817 398 4858 me
416 4803 633 4876 pronunciatum,
651 4802 758 4864 redolet
776 4805 887 4863 solitum
905 4812 983 4861 tuum
1000 4818 1111 4859 morem.
1148 4801 1243 4859 Sciunt
1260 4801 1342 4875 enim,
1359 4806 1489 4873 quotquot
