3284 5520
216 336 281 409 826
567 340 610 395 Iis
628 339 801 409 septuaginta
817 339 1034 397 hebdomadibus
1050 340 1080 397 in
1097 338 1219 397 uanus

218 518 370 578 historiam
395 526 425 577 et
447 518 549 577 recitat
564 524 593 577 et
609 518 776 577 continuat:
799 517 966 579 Manassem
983 518 1105 577 ihtmtot
1119 525 1266 597 nepotem,
1291 517 1414 578 fratrem
1428 514 1567 587 Jsddnae,

218 605 418 666 canabellatis
441 604 529 663 tiliam
544 606 652 665 Nicaso
676 622 794 665 uxorem
810 610 967 683 accepisse,
992 612 1021 665 et
1035 622 1101 665 cum
1117 605 1184 665 ideo
1199 604 1369 665 sacerdotio
1384 606 1483 682 patrie
1495 607 1568 681 ipsa·

220 710 278 769 qne
301 695 398 770 patria
420 694 556 774 privatus
580 699 667 765 esset,
690 693 779 769 paulo
795 704 863 770 post
877 696 1083 753 intercessione
1097 696 1142 751 sui
1158 696 1250 753 soceri
1265 696 1422 769 proprium
1436 691 1568 768 templum

219 783 248 839 in
272 787 371 839 monte
388 778 516 838 Gerizim
541 779 678 856 illiusque
701 781 896 841 sacerdotium
913 783 1084 857 impetrasse
1099 782 1136 839 ab
1153 779 1320 840 Alexandro
1337 782 1465 838 victore.
1504 780 1569 837 cnm

219 869 308 944 igitur
331 884 425 926 annus
448 866 567 926 ultimus
585 868 757 940 Artaxerxis,
782 870 837 927 sub
860 886 919 945 quo
934 868 1091 928 Nebemias
1114 866 1226 939 claruit,
1249 876 1310 926 tarn
1334 882 1430 944 prope
1447 866 1569 925 Alexan·

218 955 301 1014 drum
326 957 435 1025 veniat,
460 957 484 1013 is
507 955 584 1013 alius
607 971 671 1014 esse
695 972 751 1012 non
775 964 881 1031 potest,
907 971 994 1032 quarn
1019 956 1193 1014 Artaxerxes
1217 953 1368 1014 Mnemon.

322 1041 461 1117 Quintum
479 1042 619 1118 Scaligeri
643 1051 844 1118 argumentum
869 1046 961 1120 primo
983 1051 1139 1118 cognatum
1159 1050 1212 1101 est.
1250 1041 1307 1117 Qui
1329 1058 1380 1101 res
1400 1038 1570 1117 gestaslie·

218 1129 333 1189 hemiae
356 1131 410 1188 snb
434 1130 623 1188 Artaxerxem
647 1131 770 1207 priorem
794 1131 929 1203 referunt,
952 1138 1094 1207 eoguntur
1113 1129 1289 1206 Cambysem
1312 1136 1442 1204 utreque
1461 1129 1570 1184 nomine

220 1218 378 1276 Assuerum
401 1226 430 1276 et
455 1218 645 1277 Artaxerxem
669 1220 818 1276 nominare
841 1226 929 1294 atque
953 1235 989 1276 ex
1005 1224 1022 1277 3
1039 1217 1085 1275 bis
1101 1217 1266 1276 nominibus
1282 1234 1375 1275 unum
1389 1232 1491 1292 regent
1507 1230 1570 1272 con·

218 1305 296 1363 flare.
343 1305 434 1381 Atqui
457 1312 553 1362 textus
578 1303 645 1364 Esd.
671 1310 699 1375 4,
725 1311 752 1367 6.
780 1312 807 1363 7.
832 1307 1014 1381 apertissime
1035 1304 1183 1377 reclamat,
1208 1305 1259 1379 qui
1282 1303 1422 1362 distinete
1446 1318 1570 1378 pronun-

219 1394 284 1463 ciat,
308 1406 367 1449 non
391 1391 561 1467 simpliciter
584 1390 729 1450 destructa
753 1410 803 1469 per
826 1392 1022 1469 exploratores
1044 1390 1225 1451 Judaeorum
1248 1390 1385 1465 consilia,
1413 1388 1468 1448 sad
1492 1392 1570 1447 etiam

217 1496 275 1537 non
293 1487 386 1538 certas
401 1496 550 1554 personas,
566 1478 617 1537 sed
634 1477 773 1555 populum
789 1489 882 1539 terrae
895 1479 1069 1539 conduxisse
1082 1478 1265 1537 consiliarios
1275 1477 1422 1538 adversos
1434 1475 1570 1546 Judaeos,

218 1566 325 1642 quibus
355 1583 429 1642 opus
460 1566 633 1643 impedirent
664 1568 798 1625 omnibus
827 1566 930 1626 diebus
955 1567 1022 1645 Cyri
1054 1573 1082 1625 et
1112 1566 1222 1624 diutius
1254 1568 1344 1625 etiam
1369 1582 1461 1642 quam
1486 1580 1570 1639 usquc

217 1653 256 1714 sd
283 1653 369 1713 finem
393 1652 476 1731 Cyri,
508 1671 549 1712 sc.
574 1670 666 1728 usque
695 1653 732 1713 ad
760 1656 934 1732 principium
957 1654 1056 1727 Darii,
1088 1669 1146 1729 quo
1177 1654 1285 1725 innuit,
1316 1655 1395 1711 inter
1417 1652 1528 1729 Cyrum
1548 1660 1571 1708 et

218 1742 340 1799 Darium
363 1739 438 1800 alios
459 1742 581 1818 imperio
597 1740 768 1816 praefuisse,
791 1759 831 1799 so.
849 1742 1023 1818 Cambysem
1042 1744 1070 1798 in
1088 1741 1224 1817 Aegypto
1240 1738 1418 1799 militantem
1435 1745 1466 1798 et
1481 1737 1571 1797 Smer·

218 1829 283 1888 dem
305 1828 422 1886 fratrem
445 1830 474 1885 in
494 1828 597 1887 Persiu
620 1826 761 1900 relictum,
786 1828 911 1905 denique
927 1828 1042 1904 Magos,
1068 1830 1095 1885 in
1117 1845 1176 1904 qua
1191 1828 1356 1907 principum
1372 1825 1571 1885 incertitudine

219 1915 328 1975 Esdras
357 1914 469 1973 nullum
500 1917 639 1976 nominat.
686 1914 800 1974 Deinde
827 1917 997 1990 subjungit:
1029 1917 1058 1972 in
1088 1931 1178 1989 regno
1203 1916 1321 1974 Assueri
1353 1921 1384 1972 at
1407 1912 1527 1990 quidem
1547 1915 1571 1968 ia

218 2002 360 2080 principio
383 2004 465 2078 regni
484 2002 547 2077 ejus
562 2004 699 2077 scriptam
716 2019 779 2061 esse
796 2006 1011 2062 accusationem
1027 2004 1055 2059 in
1070 2000 1204 2061 Judaeos
1220 2004 1248 2058 in
1265 2018 1374 2076 genere
1391 2001 1431 2059 ab
1447 1999 1573 2057 hostibus

217 2089 412 2152 Judaeorum.
458 2089 558 2148 Tertio
582 2106 651 2148 vero
675 2091 703 2147 in
728 2090 831 2148 diebus
854 2107 911 2148 non
936 2091 1055 2148 Assueri
1078 2088 1128 2148 scd
1153 2089 1339 2160 Artaxerxis,
1370 2104 1430 2145 non
1455 2086 1572 2165 amplius

219 2180 249 2236 in
271 2178 415 2254 principio
440 2178 529 2253 regni,
553 2176 604 2235 sed
628 2176 797 2253 simpliciter
818 2176 870 2235 illo
892 2184 1042 2253 regnante,
1065 2177 1215 2253 scripsisse
1236 2192 1294 2233 non
1310 2177 1341 2232 in
1356 2192 1468 2251 genere
1483 2176 1572 2232 hostes

218 2263 416 2337 Judaeorum,
450 2271 481 2322 nt
512 2271 612 2335 antea,
645 2264 696 2323 sed
719 2272 813 2323 certas
834 2281 974 2340 personas
997 2272 1149 2339 certosque
1171 2262 1274 2340 Syriae
1296 2265 1501 2338 magistratus.
1541 2258 1573 2317 iit

219 2352 289 2412 vide
316 2351 401 2423 mihi,
434 2369 522 2427 quam
552 2353 650 2429 inepta
678 2351 750 2411 haec
772 2354 945 2430 romolono
968 2352 1054 2423 foret,
1086 2354 1111 2409 si
1134 2350 1242 2409 Esdras
1269 2352 1397 2427 primum
1421 2351 1453 2407 in
1475 2362 1572 2424 genere

219 2440 355 2511 dixisset,
379 2438 478 2498 hostes
501 2438 682 2500 Judaeorum
707 2437 880 2498 conduxisse
902 2439 1084 2497 consiliarios
1107 2436 1248 2497 adsersus
1269 2446 1404 2513 gentem,
1434 2439 1485 2512 qui
1510 2450 1573 2494 oon·

220 2527 288 2587 silis
310 2528 440 2602 ipsorum
464 2525 637 2604 impedirent
659 2526 714 2584 sub
730 2525 807 2603 cyro
822 2534 850 2584 et
866 2525 1022 2602 Cambyso,
1047 2534 1075 2583 ot
1098 2525 1153 2583 sub
1177 2527 1290 2583 initium
1308 2524 1469 2600 cambysis
1492 2538 1572 2581 socu-

219 2632 300 2674 sasse
314 2611 447 2672 Judaeos
471 2626 500 2672 et
522 2615 578 2671 sub
601 2613 748 2690 cambyse
771 2612 970 2671 Mithridatem
994 2621 1023 2671 et
1046 2614 1142 2672 socios
1157 2628 1312 2671 accusasse
1326 2609 1477 2670 Judaees.
1514 2608 1572 2683 Qua

219 2704 248 2759 in
267 2703 397 2759 oratione
411 2717 469 2758 non
482 2700 604 2776 simplex
616 2708 730 2758 tantum
742 2702 914 2778 roaroloync
927 2704 1011 2771 inest,
1027 2699 1077 2757 sed
1095 2701 1182 2758 etiam
1198 2698 1364 2776 expolitieri
1380 2698 1495 2774 figurae
1511 2712 1574 2755 con·

220 2791 309 2848 traria
333 2788 510 2861 obscuratio,
535 2790 605 2864 quia
627 2805 693 2846 com
715 2796 801 2846 antea
823 2790 961 2863 temporis
981 2786 1120 2845 articulus
1142 2794 1220 2845 esset
1239 2784 1358 2844 additus
1374 2784 1573 2849 accusationis,

219 2893 260 2936 se.
276 2877 450 2951 principium
466 2877 546 2949 regni
563 2874 726 2951 cambysis,
746 2881 849 2952 postea
865 2878 1045 2933 omitteretur
1059 2877 1088 2932 in
1104 2875 1285 2950 repetitione.
1316 2872 1363 2932 Ne
1379 2871 1488 2945 dicam,
1504 2868 1574 2948 quod

219 2966 340 3023 monstri
364 2961 467 3021 similis
491 2969 568 3021 esset
591 2961 641 3019 illa
662 2962 760 3020 subita
775 2964 924 3019 nominum
940 2963 1115 3038 permutatio
1130 2964 1158 3019 in
1174 2961 1347 3037 repetitione
1365 2958 1500 3035 ejusdem
1514 2975 1575 3017 sen-

220 3052 328 3111 tentiae
352 3049 454 3108 eodem
478 3050 552 3108 loeo.
599 3048 682 3107 Vidit
704 3049 760 3107 hoc
783 3052 906 3124 scriptor
929 3050 994 3107 libri
1019 3056 1046 3108 3.
1065 3048 1184 3121 Esdraa,
1208 3049 1258 3122 qui
1279 3046 1347 3104 ideo
1370 3064 1488 3105 comma
1503 3048 1574 3123 prius

220 3145 250 3197 et
267 3140 384 3196 Assueri
408 3154 512 3195 nomen
537 3139 642 3195 omisit.
680 3133 777 3195 Unum
801 3146 854 3207 est,
879 3137 956 3212 quod
981 3135 1173 3211 chronologos
1186 3135 1292 3209 juvare
1306 3134 1346 3192 ad
1363 3134 1442 3193 trane
1459 3133 1573 3209 copula·

220 3228 328 3284 tionem
351 3226 500 3283 nominum
524 3226 626 3299 possit,
651 3223 739 3298 quod,
764 3226 813 3299 qui
838 3227 865 3279 in
890 3226 964 3281 libre
981 3224 1084 3281 Esther
1099 3223 1252 3293 Assnerus,
1277 3222 1306 3277 in
1329 3221 1504 3295 fragmentis
1518 3220 1574 3294 ejus

222 3313 397 3372 Artaxerxes
414 3311 527 3385 dicitur,
544 3310 619 3369 undo
635 3310 728 3370 videri
745 3311 832 3369 alicui
848 3314 949 3386 possit,
967 3313 1128 3385 antiquitus
1141 3327 1230 3368 unum
1243 3317 1272 3368 et
1284 3308 1361 3366 idem
1374 3309 1574 3367 fuissenomen

223 3400 367 3459 Assnerus
384 3407 413 3457 et
430 3401 614 3457 Artaxerxes.
647 3400 738 3473 Atqui
761 3398 825 3469 hoe,
849 3406 879 3455 ut
903 3400 996 3456 obiter
1020 3397 1145 3467 deluam,
1169 3414 1227 3455 non
1243 3396 1359 3469 suflicit,
1383 3405 1416 3453 nt
1435 3397 1575 3472 probetur,

223 3487 375 3546 commode
399 3504 457 3545 uno
482 3489 510 3543 in
535 3493 677 3544 commate
702 3485 759 3542 duo
782 3487 901 3543 nomina
924 3487 1008 3560 quasi
1032 3484 1154 3542 dirorum
1174 3485 1321 3542 hominum
1338 3500 1390 3560 pro
1408 3500 1469 3541 uno
1486 3492 1576 3541 tamen

221 3576 364 3651 usurpari,
388 3576 463 3632 etsi
488 3573 524 3632 ad
548 3575 750 3631 auctoritatem
774 3573 1000 3646 fragmentorum
1023 3574 1225 3647 respiciamus,
1259 3588 1293 3629 ea
1315 3571 1398 3628 nulla
1422 3577 1484 3643 est,
1514 3570 1577 3645 quia

221 3664 251 3719 in
275 3662 402 3722 hebraeo
426 3678 483 3719 non
507 3660 659 3731 habentur,
687 3662 756 3734 quin
780 3661 838 3718 imo
861 3660 947 3718 facile
970 3668 1100 3736 apparet,
1124 3677 1190 3718 eum
1214 3662 1318 3734 ipsum,
1344 3659 1392 3733 qui
1418 3658 1577 3733 fragmenta

222 3751 345 3827 scripsit,
372 3766 406 3805 cx
430 3749 485 3805 hoc
508 3766 571 3822 cap.
590 3755 617 3805 4.
642 3749 757 3804 sinistre
782 3746 927 3805 intellecto
952 3750 1134 3806 occasionem
1158 3745 1235 3804 illius
1259 3746 1385 3803 nominis
1409 3747 1557 3803 sumsisse.

327 3836 446 3895 Soxiam
477 3835 674 3909 conjecturam
697 3833 827 3910 Scaliger
849 3851 884 3892 ex
906 3833 979 3891 Neb.
1006 3841 1031 3892 i.
1062 3835 1173 3904 haurit,
1203 3835 1252 3891 ubi
1275 3831 1437 3891 Nebemias
1462 3836 1520 3903 ait,
1549 3847 1577 3887 se

220 3925 362 3999 reperisse
386 3922 553 3995 catalogum
577 3939 685 3987 eornm,
712 3924 759 3996 iqui
777 3940 841 3979 eum
858 3921 1042 3980 Zurebabele
1060 3920 1259 3992 ascenderant,
1284 3927 1373 3995 atque
1389 3938 1428 3978 ex
1444 3921 1495 3977 illo
1512 3935 1575 3976 cen·

222 4029 286 4069 sum
310 4012 410 4087 populi
434 4012 603 4068 instituisse.
650 4009 733 4067 Haec
755 4018 838 4083 gesta
861 4010 943 4084 ajunt
967 4008 1137 4083 chronologi
1159 4024 1235 4067 anno
1260 4012 1310 4066 9‘2.
1336 4025 1354 4065 a
1376 4006 1492 4078 reditu,
1523 4020 1576 4080 quo

222 4107 352 4174 tempore
376 4097 505 4173 quidam,
530 4099 579 4171 qui
603 4095 757 4167 redieruut,
782 4096 878 4155 adhuc
899 4099 1069 4172 superstites
1093 4113 1156 4155 esse
1180 4100 1345 4171 potuerunt.
1383 4092 1483 4152 Multa
1506 4095 1576 4152 enim

223 4185 357 4261 exempla
380 4185 522 4244 babemus
545 4183 755 4257 longaevorum
780 4186 807 4240 in
832 4183 882 4240 illa
905 4191 991 4256 gente
1015 4201 1050 4240 ex
1076 4183 1196 4259 Assyria
1219 4181 1332 4240 reduce.
1373 4178 1489 4255 Quodsi
1505 4194 1576 4238 anno

221 4273 272 4330 illo
302 4273 420 4348 quidam
449 4271 545 4330 adhue
574 4271 790 4347 superfuerunt,
822 4272 870 4346 qui
894 4269 1053 4341 redierant,
1084 4273 1250 4345 potuissent
1272 4269 1313 4326 illi
1336 4267 1512 4326 Nebemiam
1535 4269 1577 4322 in·

222 4368 347 4432 struere,
377 4377 430 4418 nec
454 4377 527 4435 opus
551 4359 653 4417 fuisset
676 4359 862 4432 inquisitione
885 4356 1131 4432 genealogiarum.
1178 4356 1241 4414 lmo
1263 4359 1287 4414 si
1311 4354 1417 4413 saltem
1441 4356 1492 4413 filii
1516 4362 1577 4431 post

222 4446 346 4506 reditum
370 4450 430 4506 nati
454 4447 678 4523 superfuissent,
710 4444 846 4520 expedita
875 4462 928 4503 nec
951 4444 1025 4503 adeo
1048 4443 1108 4502 alto
1131 4442 1246 4502 silentio
1271 4441 1387 4518 sepulta
1409 4459 1458 4501 res
1480 4443 1578 4500 fuisset

223 4551 336 4593 summa
364 4534 502 4593 reducum
533 4534 588 4591 sub
612 4532 800 4591 zorobabele.
847 4531 924 4606 Quia
953 4550 1021 4590 voro
1052 4531 1125 4590 haee
1152 4533 1251 4590 omnia
1276 4532 1338 4606 jam
1360 4529 1476 4604 pridem
1498 4534 1577 4588 erant

223 4621 365 4680 oblivioni
389 4621 503 4691 tradita,
529 4621 603 4679 adeo
627 4628 658 4677 ut
673 4618 829 4678 Nebemias
852 4621 936 4694 quasi
961 4619 1079 4678 fortuito
1106 4621 1254 4694 reperierit
1279 4615 1449 4691 catalogum
1476 4617 1577 4692 gentis,

161 4766 168 4779 ,
224 4716 396 4782 argumento
420 4716 473 4779 est,
498 4708 620 4765 multum
645 4709 783 4782 temperis
806 4724 824 4763 a
847 4705 940 4764 reditu
965 4706 1002 4764 ad
1025 4724 1172 4765 murorum
1195 4705 1429 4764 aedificationem
1454 4704 1577 4771 fluxisse,

225 4809 265 4852 se.
284 4800 344 4855 150
360 4812 462 4869 annos,
486 4812 552 4855 eum
570 4811 665 4871 neque
680 4797 731 4871 qui
746 4792 900 4868 redierant,
923 4810 1017 4871 noqne
1032 4796 1161 4871 ipsorum
1175 4792 1227 4851 filii
1242 4792 1370 4870 amplias
1384 4798 1577 4869 superessent
