3284 5520
203 333 270 401 808
552 328 597 385 De
614 328 791 399 septuaginta
807 324 1023 383 hebdomadibus
1040 326 1070 383 iu
1086 324 1209 387 Daniele.

201 519 285 583 sunt,
317 508 507 587 contegendis
530 509 659 585 peeeatis
682 515 711 567 et
734 505 871 583 ungendo
893 515 997 566 sancto
1019 514 1195 567 sanatorum.
1241 505 1291 566 Sio
1316 512 1358 567 70
1380 509 1560 585 interpretes,

204 602 254 676 qui
279 597 402 657 articulo
425 621 478 657 rou
500 606 529 656 et
553 596 697 655 infinitivo
720 602 850 668 utuntur,
874 597 916 654 sio
940 602 969 654 et
983 594 1134 671 Pagninus
1157 604 1187 654 et
1209 592 1354 654 Calvinus
1379 595 1441 671 „ad
1464 603 1561 655 eonte-

202 687 299 763 genda
321 688 460 761 0000010α
487 692 541 743 ete.
587 684 652 742 Nori
676 684 763 758 igitur
786 683 833 742 010
857 681 973 755 definit,
998 680 1115 758 quando
1138 682 1212 742 lraee
1235 683 1333 741 lutura
1357 685 1433 756 sint,
1457 685 1485 740 in
1508 683 1561 743 tine

201 773 289 849 hujus
313 774 460 849 temporis,
485 789 522 829 an
545 771 713 848 simpliciter
737 772 813 828 intra
834 769 891 829 hoe
914 779 1037 846 tempus,
1060 771 1136 828 sieut
1158 772 1246 829 etiam
1268 788 1316 830 res
1339 774 1562 831 10010οῐ00001-

200 879 270 919 num
293 859 411 936 quidem
434 859 545 918 liabent
568 867 677 919 eertum
701 859 729 914 in
752 866 844 916 morte
860 865 888 916 et
904 859 1113 916 resurreetione
1129 856 1245 929 Christi,
1268 875 1370 917 verum
1386 876 1407 917 a
1422 859 1562 937 propbeta

203 966 270 1008 eum
292 956 386 1006 tractu
411 948 549 1023 temporis
572 947 669 1005 lutura
692 945 902 1021 intelliguntur.
941 944 1074 1003 Christus
1098 947 1173 1005 enim
1198 947 1271 1004 vixit
1285 952 1327 1006 et
1343 963 1442 1005 annos
1458 955 1487 1005 et
1503 955 1563 1005 tota

202 1038 264 1094 vita
294 1051 398 1110 passus
428 1042 481 1093 est.
529 1034 569 1091 At
592 1032 737 1091 liutherus
767 1042 856 1105 ,tune
879 1033 1099 1109 contegentur“,
1127 1034 1212 1109 quasi
1235 1040 1303 1109 post
1326 1032 1428 1093 linitas
1450 1033 1563 1094 hebdo-

200 1123 303 1182 madas
326 1122 399 1180 liaeo
421 1122 519 1180 lutura
542 1123 599 1178 sint
623 1130 674 1179 aut
697 1123 725 1177 iu
749 1122 813 1195 lpso
837 1118 902 1181 fine.

312 1210 394 1269 Visio
417 1216 445 1267 et
466 1208 635 1283 prophetia.
673 1207 725 1265 Est
747 1210 835 1266 etiam
857 1206 905 1267 bie
920 1224 1059 1284 praesens
1073 1205 1157 1267 10000
1173 1205 1307 1265 Danielis
1325 1207 1433 1281 „Visis
1450 1216 1480 1269 et
1494 1226 1562 1286 pro·

201 1297 331 1375 phetiu‘t,
357 1304 430 1355 teste
445 1295 562 1354 Christo
585 1294 664 1371 apud
679 1293 862 1354 Matthaeum
886 1304 915 1353 et
936 1294 1079 1354 Marcum.
1117 1293 1214 1370 Quare
1238 1295 1379 1369 quiequid
1403 1295 1453 1354 010
1475 1314 1560 1372 prue-

201 1384 274 1442 dixit
297 1383 416 1454 Daniel,
441 1390 555 1459 oportet
578 1385 654 1441 intrs
677 1382 743 1441 illas
769 1388 807 1440 70
831 1381 1029 1442 hebdomades
1052 1389 1104 1441 aut
1127 1399 1192 1441 eum
1216 1379 1273 1439 illis
1296 1380 1383 1440 finiri.
1433 1383 1468 1441 ei
1493 1387 1562 1459 quia

201 1471 237 1531 de
260 1473 339 1529 urbis
363 1469 476 1531 excidio
500 1479 544 1528 est
568 1472 652 1542 visio,
675 1472 776 1544 itaque
799 1470 878 1529 00010
901 1469 1045 1529 excidium
1068 1471 1193 1545 pertinet
1215 1468 1252 1525 00
1278 1475 1318 1527 70
1342 1471 1534 1547 septimanas.

304 1558 351 1617 Ab
374 1562 457 1617 exitu
479 1561 635 1617 ammonis.
674 1556 819 1616 Lutberus
842 1565 872 1616 et
888 1575 988 1617 omnes
1004 1557 1182 1629 mandatum,
1206 1554 1353 1616 decretum
1372 1558 1420 1617 vel
1438 1561 1561 1635 0000010-

200 1654 262 1705 tum
284 1647 422 1722 principis
446 1645 620 1721 intelligunt,
645 1643 746 1719 qualia
769 1645 824 1703 sub
848 1645 934 1724 Cyro,
958 1645 1059 1715 Dario,
1085 1645 1245 1703 Artaxerxe
1269 1642 1338 1703 data
1360 1653 1441 1703 sunt.

310 1731 348 1791 Ut
369 1736 491 1793 iterum.
537 1732 594 1790 Pro
623 1748 696 1790 voce
720 1733 864 1804 „iterum“
893 1740 937 1791 est
961 1735 989 1789 in
1012 1731 1139 1791 hebraeo
1163 1731 1283 1790 verbum
1306 1733 1460 1806 generale,
1485 1732 1560 1809 quod

199 1822 282 1879 aiunt
305 1819 468 1893 significare
491 1828 601 1877 motum
625 1816 663 1876 ad
686 1819 792 1890 laeum,
816 1819 863 1878 vel
888 1822 1069 1880 iterationem
1085 1835 1299 1895 quameunque.
1338 1818 1420 1879 Hine
1435 1830 1559 1879 stitutum

200 1916 245 1967 est
260 1927 278 1965 a
293 1906 455 1983 Jeronymo
479 1904 685 1965 adverbialiter
711 1909 865 1980 „iterum“.
902 1907 964 1966 Nee
980 1907 1125 1967 Lutherus
1147 1908 1186 1965 ab
1205 1905 1262 1965 bae
1278 1908 1416 1966 versione
1431 1910 1556 1977 recessit,

198 2005 228 2054 et
251 1993 409 2065 Calvinus,
440 1997 568 2051 omnium
597 2003 629 2051 ut
652 1994 756 2070 opinor
777 1996 993 2071 appositissime
1019 1992 1240 2066 „restaurandi“
1266 2010 1340 2053 0000
1363 1996 1467 2053 011100.
1512 1994 1558 2055 Sit

198 2082 274 2140 enirn
299 2089 343 2140 est
366 2082 394 2138 in
411 2079 554 2140 hebraeor
578 2081 616 2139 ab
632 2083 711 2138 exitu
729 2080 846 2152 decreti,
870 2079 1034 2149 reiterando
1051 2088 1079 2140 et
1095 2079 1286 2150 aedificando,
1310 2080 1454 2141 Calvinus
1473 2099 1555 2141 vero:

197 2185 249 2244 pro
272 2168 463 2227 restauranda
486 2177 515 2227 et
537 2166 735 2242 aedificanda3
758 2168 857 2228 Latini
879 2170 1032 2244 utriusque
1056 2169 1136 2228 verbi
1161 2171 1220 2227 vim
1243 2168 1480 2244 complectuntur
1502 2187 1556 2228 uno

100 2292 107 2315 t
198 2256 289 2314 verbo
315 2254 571 2330 „reaedificandi“.
613 2258 651 2313 At
667 2254 822 2314 Helvetios
845 2263 963 2314 sumunt
985 2255 1065 2315 aliud
1090 2255 1210 2315 verbum
1232 2254 1361 2333 speciale
1387 2267 1440 2331 ,ut
1455 2257 1556 2316 redea-

198 2345 274 2415 tur“‚
299 2343 444 2401 Funoeius
462 2351 514 2416 „ut
529 2360 643 2400 rursum
659 2342 867 2415 inhabitetur“,
890 2342 1089 2403 Buoholzerus
1107 2343 1162 2418 „de
1177 2341 1362 2403 000000000ις
1381 2361 1422 2406 00.
1439 2344 1554 2420 populo.

197 2428 281 2505 Quae
304 2433 503 2506 interpretatio
527 2429 652 2504 alicujus
675 2433 813 2489 momenti
836 2437 895 2504 est,
920 2433 990 2507 quia
1013 2429 1162 2509 alligaret,
1184 2431 1209 2488 01
1232 2447 1303 2490 uera
1325 2440 1421 2503 esset,
1444 2434 1554 2491 initium

196 2516 285 2592 hujus
310 2520 448 2593 temporis
471 2517 508 2575 ad
530 2517 656 2576 solutam
675 2516 856 2577 ι1000000000
873 2521 1090 2595 captivitatem
1114 2516 1193 2593 quod
1209 2518 1269 2576 lieri
1285 2534 1344 2576 non
1358 2521 1467 2595 potuit,
1490 2521 1555 2595 quia

197 2603 403 2663 diversissimis
435 2605 614 2682 temporibus
643 2604 741 2663 soluta
769 2606 925 2682 eaptivitas
954 2614 983 2664 et
1008 2605 1093 2680 jussa
1123 2606 1192 2665 urbs
1222 2604 1318 2664 eondi.
1363 2604 1555 2682 Septuaginta

197 2709 277 2765 vero,
303 2700 334 2749 ut
357 2693 542 2751 manifestum
567 2701 644 2751 esset
666 2692 761 2760 nobis,
786 2709 888 2752 voeem
911 2692 1078 2766 hebraeam,
1103 2692 1181 2767 quod
1196 2691 1265 2766 dixi,
1288 2693 1460 2768 generalem
1484 2712 1555 2763 esse,

196 2778 249 2837 illa
279 2797 330 2856 per
363 2781 483 2840 verbum
506 2776 703 2857 dnaaprtiqnn
732 2778 873 2849 reddunt,
906 2789 958 2855 ,ut
984 2778 1194 2858 respondeatur
1221 2786 1251 2838 et
1273 2779 1464 2839 aedificetur“
1490 2790 1552 2854 ete,

199 2866 286 2943 idque
314 2866 399 2940 ideo,
432 2869 501 2942 quia
528 2865 687 2943 aliquando
716 2882 775 2925 vox
804 2866 933 2926 hebraea
957 2867 1170 2944 „respondere“
1195 2866 1341 2944 signifieat
1364 2876 1395 2927 et
1418 2871 1491 2945 quia
1511 2887 1554 2931 re·

196 2956 317 3031 sponsio
341 2962 386 3012 est
408 2957 496 3013 etiarn
519 2954 621 3029 aliqua
643 2955 758 3013 iteratio
781 2972 833 3014 seu
857 2957 1020 3014 conversio.

305 3040 402 3117 Usque
424 3041 474 3099 ad.
520 3040 569 3100 Sia
593 3058 702 3115 omnes,
727 3049 849 3117 excepto
872 3042 1011 3115 Funoeio,
1035 3048 1161 3103 vertunt.
1199 3042 1274 3100 Nam
1298 3043 1368 3117 quia
1392 3041 1479 3102 adest
1503 3062 1554 3103 vox

195 3127 322 3186 hebraea
347 3131 457 3200 „min“,
482 3146 557 3204 0000
581 3128 726 3201 signifieat
750 3131 903 3188 terminum
926 3148 944 3187 a
967 3146 1040 3205 quo,
1066 3129 1132 3188 1000
1156 3147 1259 3189 vocem
1283 3128 1360 3203 „ad“
1387 3148 1439 3206 pro
1464 3132 1553 3190 altero

195 3217 317 3274 termino
343 3215 400 3289 „ad
416 3219 522 3291 00000(ι
548 3224 721 3274 sumserunt.
762 3218 906 3276 Ferreolus
930 3234 999 3276 vero
1023 3233 1126 3276 vocem
1144 3217 1222 3291 ,ad“
1239 3234 1290 3293 per
1307 3218 1447 3291 „quoad‘
1466 3220 1554 3279 inter-

194 3311 334 3379 pretatur,
360 3314 391 3360 ut
404 3320 460 3361 non
478 3308 516 3361 sit
532 3305 679 3377 terminus,
703 3304 754 3363 sed
771 3311 879 3364 tractus
895 3307 1044 3382 temporis,
1066 3303 1167 3378 donee,
1185 3303 1322 3380 quamdiu
1340 3305 1478 3365 Christus
1494 3318 1555 3377 ete,

194 3407 356 3465 sensusque
381 3390 456 3461 talis,
481 3390 576 3466 qualis
601 3390 675 3449 Gen.
701 3399 751 3451 49.
776 3410 802 3449 0.
828 3398 886 3460 10.,
910 3394 951 3451 010
975 3394 1063 3451 etiam
1087 3391 1148 3450 bie:
1174 3395 1277 3467 ,annis
1301 3398 1363 3451 490
1388 3410 1448 3451 non
1473 3395 1555 3453 auia·

192 3484 271 3535 retur
295 3486 400 3535 ariolus
424 3478 459 3536 de
482 3478 678 3537 Jerusalem“.
1401 3548 1406 3557 ¹

302 3565 351 3623 Ad
374 3566 526 3624 Christum
549 3566 664 3624 ducem.
704 3564 754 3623 Sic
776 3581 888 3641 omnes,
912 3567 1040 3640 exeeptis
1064 3564 1226 3639 Helvetiis3
1249 3567 1306 3624 nisi
1330 3567 1555 3644 0000000100-

194 3650 276 3725 ginta
299 3653 487 3726 interpretum
513 3656 608 3711 versio
632 3655 718 3712 etiam
742 3654 784 3711 010
807 3651 887 3711 reddi
902 3660 1015 3728 potest:
1044 3653 1099 3727 „ad
1124 3662 1241 3712 unctum
1258 3654 1394 3713 00000011.
1424 3656 1464 3715 Es
1482 3656 1555 3716 Hel·

193 3739 264 3795 vetii
288 3738 405 3814 quidem
430 3743 491 3799 sio:
519 3740 574 3813 „ad
598 3750 716 3799 nuatum
740 3741 867 3815 aliquem
892 3740 1026 3811 dueem“,
1054 3739 1115 3814 „blfi
1139 3740 1195 3816 auli
1210 3744 1252 3800 tin
1267 3739 1398 3818 quolbltn
1413 3742 1556 3818 011000οἧ

192 3819 294 3904 (sicuti
322 3832 348 3885 1.
366 3826 444 3885 Sam.
470 3834 497 3887 9.
523 3846 550 3885 v.
578 3830 653 3905 10).
700 3827 784 3886 llaec
812 3830 908 3886 versia
936 3827 1066 3903 aliquam
1088 3831 1250 3889 sententiae
1274 3832 1448 3889 varietatem
1474 3832 1556 3891 101001

191 3912 222 3969 10
244 3915 442 3987 sequentibus.

297 4000 506 4061 Hebdomades
523 4002 549 4072 7,
574 4009 601 4059 et
622 4001 817 4060 hebdomades
834 4003 882 4059 62.
924 4000 982 4060 Hie
1005 4003 1032 4058 in
1057 3999 1243 4060 distinetione
1265 4005 1426 4080 praecipua
1450 4023 1552 4066 sensus

192 4087 317 4145 variatio
342 4098 393 4148 est.
439 4088 513 4148 Nam
538 4097 622 4147 vetus
646 4089 797 4148 translatio
821 4099 937 4147 etcum
961 4088 1012 4147 illa
1036 4088 1197 4161 Lethaeus,
1229 4089 1390 4165 Funeoius,
1422 4092 1553 4153 3001001-

191 4190 284 4245 00000,
309 4174 461 4246 Calvinus,
485 4175 635 4251 Pagninus
659 4178 768 4235 iaciunt
791 4193 879 4233 unum
904 4193 1026 4234 comma.
1066 4175 1173 4235 Verum
1196 4179 1225 4232 in
1241 4178 1369 4238 hebraeo
1386 4187 1431 4238 est
1447 4198 1552 4241 aceen-

191 4267 237 4316 tus
261 4263 372 4335 regius,
404 4266 454 4337 qui
477 4264 657 4340 aequipollet
680 4263 744 4321 0010
769 4266 843 4321 inter
869 4271 882 4321 i
910 4272 938 4322 et
961 4266 1036 4322 inter
1059 4270 1098 4322 62
1122 4265 1310 4341 interposito,
1343 4265 1423 4341 quod
1449 4270 1551 4327 imitati

192 4344 388 4424 Septuaginta
412 4357 440 4408 et
462 4349 592 4410 Helvetii
616 4360 755 4426 punctum
780 4353 991 4425 interposuere,
1022 4368 1112 4426 00000
1135 4369 1252 4410 sensum
1277 4352 1365 4411 talem
1389 4354 1477 4414 nobis
1500 4374 1551 4431 ge·

189 4449 293 4492 nuere:
330 4436 408 4511 0000
438 4438 475 4495 00
504 4441 583 4497 exitu
615 4438 721 4497 decreti
753 4437 788 4497 de
818 4438 1009 4497 restauranda
1032 4439 1118 4510 0000,
1152 4437 1336 4514 usquedum
1359 4440 1472 4518 aliquis
1495 4442 1551 4502 dux

191 4523 313 4594 existat,
338 4524 451 4582 laturae
475 4526 532 4581 sint
557 4524 810 4600 ‘lhabdomadao3
834 4525 886 4583 000
910 4544 928 4583 0
951 4527 1093 4601 principio
1116 4529 1337 4585 restaurationis
1361 4528 1400 4587 ad
1419 4536 1459 4589 62
1484 4530 1552 4591 rell·

191 4622 264 4681 0000
288 4608 488 4669 hebdomadas
511 4613 580 4670 urbs
604 4612 785 4672 aedificanda
808 4620 836 4670 et
859 4612 1051 4673 inhabitanda
1073 4615 1120 4671 sit.
1158 4612 1216 4672 Sed
1231 4616 1300 4689 quia
1316 4615 1391 4675 baec
1407 4620 1551 4678 sententia

191 4708 256 4751 eum
279 4697 494 4757 eventis-nullo
517 4698 605 4757 modo
630 4699 779 4758 0000111001
801 4708 908 4776 potest,
928 4700 994 4775 jure
1018 4701 1161 4759 stabimus
1172 4701 1285 4775 judicio
1300 4702 1440 4779 plurium,
1465 4722 1550 4781 prae·

190 4780 275 4862 cipue
305 4801 370 4847 euru
401 4784 595 4866 Septuaginta
628 4789 715 4851 etiam
745 4785 818 4847 alibi
847 4786 936 4864 hujus
966 4788 1025 4848 loei
1052 4789 1227 4866 impingant.
1271 4790 1421 4852 Aeeentus
1452 4802 1550 4854 autem
