3284 5520
557 1615 1055 1702 PROOEMIUM.

730 1889 855 1905 Wm'x
864 1892 883 1904 1¹·

232 2058 285 2158 De
314 2101 434 2159 cometis
465 2106 623 2160 astronomi
653 2100 784 2161 moderni
807 2101 886 2160 haud
910 2104 951 2160 ita
972 2101 1096 2159 multam
1119 2100 1244 2171 habent,
1275 2099 1353 2176 qaod
1378 2100 1484 2160 dicant.

120 2183 212 2259 Quae
237 2191 275 2246 sit
298 2196 402 2245 natura
419 2205 572 2264 corporum
588 2200 766 2249 cometarum
783 2207 941 2264 corumque
957 2188 1125 2260 caudarum,
1150 2188 1225 2246 unde
1242 2189 1371 2266 plerique
1388 2190 1484 2246 orian-

123 2281 183 2342 tur,
208 2290 268 2348 quo
294 2274 513 2351 proficiscantur
537 2276 604 2335 duni
629 2287 823 2349 evanescunt,
847 2277 934 2336 hodie
958 2294 1015 2334 non
1040 2279 1134 2334 minus
1158 2279 1297 2334 incertum
1322 2284 1373 2347 cst,
1399 2294 1485 2351 quam

123 2363 311 2434 temporibus
334 2361 464 2437 Kepleri.
510 2361 628 2438 Quanta
655 2365 753 2424 absint
780 2364 918 2423 distantia
940 2383 957 2421 a
980 2364 1048 2422 Solo
1075 2363 1120 2422 vol
1144 2363 1234 2421 Terra
1257 2366 1415 2421 astronomi
1439 2381 1486 2422 rc-

126 2450 284 2520 centiores,
309 2449 402 2525 adjuti
426 2451 625 2511 instrumentis
648 2452 859 2523 subtilioribus,
884 2451 1066 2527 aliquantum
1083 2454 1247 2508 accuratius
1265 2453 1485 2524 investigarunt,

124 2550 217 2608 quam
242 2539 338 2611 potuit
361 2536 508 2613 Keplerus
532 2548 560 2598 et
584 2542 632 2614 qni
657 2543 751 2615 ipsam
775 2538 989 2617 praecedebant
1012 2537 1114 2615 Tycha
1132 2538 1236 2610 Bralre,
1262 2537 1434 2596 hlaestlinas
1459 2547 1487 2595 ct

127 2620 192 2681 alii,
239 2622 405 2682 Paucorum
424 2644 439 2684 o
455 2633 537 2684 tanto
560 2643 681 2685 numero
706 2638 883 2686 cometarum
908 2636 1002 2684 certus
1027 2628 1201 2683 constitutas
1225 2636 1269 2683 est
1292 2626 1379 2696 orbis,
1404 2624 1487 2699 cujus

126 2718 260 2768 centrum
284 2709 344 2783 Sol,
371 2715 420 2770 vla
443 2711 583 2790 elliptica.
630 2711 727 2788 Quare
751 2732 852 2790 parum
876 2715 997 2771 haberet
1019 2722 1118 2771 nostra
1142 2722 1233 2783 actas,
1258 2731 1315 2788 quo
1339 2713 1486 2786 glorietur,

123 2813 282 2871 superasse
305 2815 337 2857 se
361 2798 538 2877 Keplerum,
570 2803 637 2876 qui,
670 2803 772 2879 paucis
801 2809 911 2859 tantum
936 2803 1061 2876 abipso
1086 2803 1248 2875 conspectis
1273 2799 1487 2858 etobservatis

125 2887 259 2957 cometis,
285 2901 381 2961 neque
405 2886 496 2945 multo
520 2886 662 2963 pluribus,
687 2906 761 2965 quos
785 2907 802 2947 a
825 2891 969 2964 prioribus
986 2890 1163 2946 accuratiore
1179 2889 1311 2946 arantino
1327 2886 1487 2963 descriptos

126 2980 300 3047 acceperat,
333 2990 399 3032 curn
431 2974 489 3032 illis
520 2979 713 3053 comparatis,
744 2978 772 3033 in
797 2994 920 3034 errorem
944 2974 1059 3048 incidit,
1092 2975 1330 3049 „trajectioncm“
1356 2990 1488 3031 asserens

125 3068 307 3117 cometarum
331 3079 395 3120 esse
419 3061 527 3120 lineam
550 3072 667 3137 rectam,
691 3065 746 3121 nisi
770 3063 902 3138 pluribus
926 3072 1029 3138 postea
1052 3063 1215 3120 observatis
1239 3063 1360 3120 cometis
1386 3069 1414 3118 et
1433 3058 1487 3118 ad·

125 3145 231 3203 bibitis
255 3146 416 3206 subtilioris
440 3149 667 3209 mathematicae
691 3151 805 3226 legibus
822 3153 1011 3209 constitutum
1029 3160 1115 3219 esset,
1140 3167 1249 3219 01111100,
1275 3152 1323 3225 qai
1341 3148 1489 3222 conspecti

124 3240 211 3303 sunt,
236 3245 364 3293 cometas
395 3237 472 3294 circa
495 3236 594 3296 Solem
625 3240 709 3312 quasi
733 3238 827 3296 locum
852 3236 1014 3296 describere
1037 3239 1182 3294 sectiones
1206 3239 1334 3306 corneas,
1366 3250 1497 3313 quarum

124 3319 165 3376 ad
190 3319 335 3380 calculum
360 3323 606 3399 commodissima,
631 3324 809 3401 parabolica,
835 3325 928 3383 eiecta
951 3334 1002 3397 est,
1028 3341 1087 3400 qua
1110 3342 1179 3382 vera
1195 3332 1325 3382 cometae
1343 3324 1390 3378 via
1407 3296 1499 3381 com²²³

124 3415 288 3483 putaretur.
337 3409 510 3486 Repetenda
538 3429 691 3471 censemus
719 3430 768 3485 ea,
805 3429 880 3488 qnae
910 3412 1035 3469 111111111υο
1061 3411 1119 3470 vol.
1142 3410 1165 3468 Ι.
1190 3419 1256 3486 11.1
1245 3413 1314 3470 96
1347 3409 1383 3468 de
1414 3408 1489 3467 salsa

123 3495 184 3552 hae
199 3492 319 3570 Kepleri
345 3501 491 3573 opinione,
515 3497 589 3558 haec
612 3508 787 3558 annotantes
811 3498 848 3557 ad
872 3497 1069 3557 ercensendam
1085 3497 1261 3574 hypothesin
1277 3497 1488 3572 Keplerianam

127 3600 156 3658 p.
179 3588 254 3640 119:
281 3601 379 3657 „error
394 3585 466 3644 10110
483 3585 692 3645 condonandas
710 3590 782 3658 viro,
808 3589 857 3661 qni
881 3604 982 3661 parum
1007 3589 1162 3643 instructus
1186 3586 1280 3643 luerat
1304 3586 1489 3643 observatio·

126 3670 218 3726 nibus
243 3669 365 3728 aliorum
390 3682 621 3732 astronomorum
645 3675 892 3745 accuratioribus,
917 3691 1010 3748 acque
1034 3675 1096 3748 ipse
1119 3673 1185 3748 plus
1209 3691 1296 3748 qrram
1321 3674 1365 3729 bis
1390 3689 1489 3729 como·

126 3766 178 3814 tae
203 3767 312 3815 motum
334 3760 489 3819 observare
505 3769 648 3838 potuerat.
687 3761 822 3819 Ceteram
846 3761 919 3819 hacc
942 3760 1114 3836 hypothesis
1138 3763 1329 3836 posteriorum
1354 3770 1489 3818 astrono-

126 3859 244 3901 morum
274 3845 529 3906 observationibua
558 3850 886 3925 computationibusquc
918 3850 1064 3918 inserviit,
1096 3864 1190 3923 neque
1221 3851 1300 3922 prius
1331 3864 1429 3903 verum
1454 3844 1489 3904 de

128 3940 310 3990 cometarum
337 3944 418 3992 motu
442 3933 586 4008 judicium
615 3937 688 3994 10110
720 3934 816 4007 licuit,
848 3953 934 4011 quam
958 3934 987 3994 J.
1012 3935 1135 3992 Ncwton
1160 3953 1211 4005 ea,
1245 3953 1320 4010 quae
1345 3932 1488 4007 licplcrus

128 4017 196 4077 Soli
212 4017 396 4096 planetisque
414 4021 624 4097 vindicaverat,
648 4021 736 4081 latios
753 4032 872 4098 patente
888 4025 1004 4080 nomine
1020 4024 1154 4081 omnibus
1171 4023 1340 4099 corporibus
1358 4021 1502 4078 tribuit.“.

239 4104 342 4179 Libris,
367 4124 441 4184 quos
464 4117 619 4184 sequentes
640 4113 768 4186 paginae
784 4112 932 4181 erlribent,
957 4120 1087 4168 cometae
1105 4109 1313 4180 describuntur,
1339 4108 1388 4183 qui
1406 4106 1489 4165 aunis

132 4191 216 4249 1601
242 4203 270 4251 01
296 4195 378 4252 1618
410 4205 616 4274 apparuerunt.
663 4197 814 4256 Comatam
847 4199 914 4255 anni
942 4203 1033 4257 1607.
1065 4196 1210 4271 Keplerus
1237 4197 1403 4272 germanico
1426 4210 1490 4252 scr-

127 4293 218 4337 mone
242 4279 394 4358 descripsit
417 4290 553 4354 tractata,
576 4300 662 4360 quem
686 4287 849 4362 inscripsit:
877 4283 1097 4342 Aristiilulichor
1120 4284 1238 4342 Bericht
1256 4301 1312 4341 con
1329 4283 1392 4340 dem
1409 4299 1489 4339 new-

124 4366 190 4424 lich
221 4366 259 4424 im
284 4366 387 4427 Manat
409 4369 572 4446 Septembri
604 4370 663 4429 vnd
688 4369 808 4430 Octobri
839 4372 898 4429 diss
926 4370 1132 4430 1601101110
1164 4371 1369 4430 erschicncnen
1394 4368 1491 4427 Haer-

126 4462 209 4512 stem
243 4454 314 4514 oder
337 4454 477 4517 Cometen
501 4468 555 4518 etc.
601 4457 1072 4533 Ha111608,eamqaelatinc
1105 4476 1219 4517 versum
1244 4458 1394 4532 subjanxit
1418 4455 1491 4515 libro

126 4542 285 4617 inscripto:
318 4542 364 4603 De
392 4546 513 4605 cometis
543 4544 636 4604 libelli
659 4543 716 4608 III
747 4547 822 4621 Aug.
848 4545 938 4604 Vind
966 4551 1063 4617 1619,
1097 4546 1181 4620 cajus
1204 4545 1296 4603 libelli
1321 4544 1359 4606 ll.
1385 4553 1413 4605 ct
1435 4543 1490 4602 111

125 4645 239 4706 magna
262 4639 396 4706 exparte
414 4633 622 4704 continentes,
648 4648 723 4708 quae
740 4642 881 4692 tractatos
898 4633 1196 4709 habetgermanicas,
1221 4632 1366 4707 adjunctis
1385 4632 1490 4709 ,110110

124 4734 165 4778 ex
188 4724 300 4777 eventa
323 4720 450 4796 petitia‘

237 4803 419 4882 Conspectus
442 4824 551 4881 eoram,
575 4823 653 4883 quaa
667 4807 767 4866 insunt
782 4807 863 4866 libris
880 4809 972 4867 tribus
990 4807 1026 4867 de
1044 4807 1184 4885 Comatis,
1206 4806 1254 4864 hic
1270 4814 1324 4865 est.
1363 4805 1451 4864 libro
1469 4804 1491 4866 1.

1234 4911 1284 4971 1*
