3284 5520
609 321 652 378 De
669 321 906 392 Ephemeridrbus.
1368 313 1434 421 451

24 495 186 580 pallet,
217 496 259 557 ibi
285 498 397 558 sistitur
420 496 472 558 illa
493 498 708 577 multiplicatio.
753 501 823 562 Jam
847 500 955 560 dudum
978 501 1008 558 in
1031 496 1144 576 Opticis
1167 503 1287 574 questus
1310 512 1374 553 snm
1397 493 1434 553 de

26 589 137 649 boc
165 584 248 644 visus
278 587 360 645 vitio.
405 586 629 662 Argumentatio
659 597 711 648 tua
741 592 839 649 nescio
870 607 907 648 arr
935 590 1012 648 circs
1042 595 1200 646 extremam
1229 601 1309 643 oram
1332 582 1433 641 Lunae

27 672 201 735 tolerari
224 675 334 748 possit:
359 675 388 730 in
410 677 525 750 magnis
548 683 625 736 certe
649 676 810 736 defectibus
831 693 890 735 non
912 673 1053 753 procedit,
1078 683 1109 734 nt
1132 681 1264 748 tempora
1279 672 1434 730 61666616-

26 757 157 841 pulis
181 757 384 820 delinientibus
405 762 644 838 proportionalia
675 768 808 836 (66.661.
829 771 871 822 vl.
890 784 916 833 p.
936 766 992 834 oo.)

186 844 274 921 Quod
301 848 375 908 inter
402 848 526 926 eclipses
554 849 665 910 tardius
693 852 763 910 mihi
786 850 872 909 Luna
894 852 976 910 veuit
997 848 1035 909 ad
1057 856 1196 927 punctum
1220 847 1434 905 obscurationis

32 935 245 1009 maximae,
270 952 357 1011 qnam
380 937 455 995 inter
477 937 584 1013 phasee
607 936 644 997 ad
668 948 805 1016 punctum
829 936 892 997 Soli
914 940 1096 1016 oppositum,
1128 952 1234 994 causae
1258 932 1333 992 dnae
1356 939 1432 992 suut.

35 1024 198 1096 Prima,
232 1021 312 1099 qnod
335 1022 419 1082 Luna
448 1023 626 1084 descendeus
649 1027 687 1084 ab
710 1042 843 1103 apogaeo
868 1024 976 1085 tardior
999 1034 1043 1083 est
1065 1026 1095 1081 in
1118 1026 1212 1100 priore
1235 1021 1354 1080 semisse
1377 1018 1434 1079 diei

38 1126 169 1187 qnam
202 1111 230 1167 ln
260 1113 439 1186 posteriore,
471 1129 526 1188 ego
554 1129 639 1186 vero,
671 1123 703 1172 ut
724 1113 785 1172 lieri
807 1112 883 1171 solet
905 1113 978 1172 inter
1000 1112 1121 1188 phasee,
1151 1126 1307 1169 naussum
1331 1108 1433 1166 diurno

40 1197 185 1257 Lunae
207 1197 475 1274 proportionaliter,
507 1215 542 1258 ac
564 1201 590 1257 si
613 1217 706 1275 aeque
729 1200 814 1260 velox
838 1201 990 1259 inissetis
1014 1207 1136 1274 utroque
1158 1197 1287 1256 semisse.
1333 1195 1435 1253 Altera

44 1300 187 1358 causa,
219 1283 299 1361 quod
321 1284 404 1344 locos
427 1286 641 1346 obscurationis
663 1289 807 1346 maximae
829 1287 884 1345 init
905 1304 957 1363 per
980 1285 1009 1345 ‘2¹
1034 1285 1094 1346 640
1117 1285 1277 1361 promotior
1298 1283 1434 1358 opposito

46 1370 146 1430 loco
171 1370 261 1431 Solis.
305 1370 375 1432 Jarn
403 1372 504 1448 phasis
531 1374 651 1433 refertur
679 1374 717 1434 ad
740 1374 817 1434 Solis
840 1378 1021 1452 oppositum,
1051 1374 1179 1431 maxima
1202 1372 1367 1431 obscuratio
1391 1378 1435 1428 est
1464 1394 1471 1407 ·

49 1461 215 1534 praecise
237 1458 364 1519 medium
388 1459 519 1536 eclipsis,
549 1469 693 1537 qnatenus
720 1462 853 1522 horarius
877 1461 978 1521 Lunae
1001 1459 1207 1520 insensibiliter
1228 1476 1248 1517 a
1268 1458 1434 1535 proportio·

51 1544 205 1606 nalitate
232 1546 342 1607 recedit
364 1549 393 1605 irr
416 1555 476 1607 tam
498 1548 581 1608 brevi
603 1552 741 1626 temporis
763 1551 870 1627 spatio.
916 1548 954 1609 Et
975 1549 1048 1608 baec
1070 1547 1156 1606 simul
1180 1555 1225 1606 est
1247 1562 1352 1619 cansa,
1384 1560 1434 1603 cur

53 1631 153 1691 mihi
182 1634 321 1710 scrupula
347 1634 522 1696 incidentiae
550 1644 579 1696 et
607 1639 775 1697 emersionis
803 1635 941 1712 aequalia
969 1638 1036 1694 sint.
1083 1634 1144 1694 Nee
1172 1651 1227 1710 ego
1250 1632 1434 1692 latitudinem

54 1721 177 1793 ipsam
200 1720 347 1798 adhibeo,
376 1721 429 1782 sed
451 1740 549 1782 arcum
571 1723 750 1799 latitudinis,
782 1741 867 1801 quern
892 1741 989 1782 arcum
1013 1726 1086 1781 inter
1109 1730 1208 1782 centra
1230 1719 1363 1799 appello,
1396 1717 1435 1777 ad

56 1802 246 1868 discrimen.
285 1809 455 1869 Erroroulus
478 1827 548 1870 sane
568 1811 622 1870 init
635 1811 776 1872 hactenus
790 1814 818 1870 in
835 1809 1037 1871 constituendo
1052 1817 1223 1885 argumento
1238 1807 1325 1884 hujus
1340 1824 1435 1879 arcus,

56 1893 163 1965 cuod
186 1894 274 1955 debet
295 1897 422 1974 incipere
445 1916 464 1957 a
485 1897 563 1957 nodo
585 1901 683 1959 ricino
707 1910 736 1958 ct
758 1901 904 1959 terminari
927 1900 1043 1975 inipso
1067 1898 1203 1975 opposito
1224 1893 1311 1963 Solis,
1335 1902 1364 1954 et
1386 1910 1436 1971 per

56 1976 140 2039 boe
161 1985 276 2061 excerpi
299 2002 399 2056 arcus,
431 2001 489 2043 non
518 1986 555 2044 ad
585 1986 748 2065 eclipticam
771 1985 821 2046 sed
844 1985 881 2045 ad
906 1987 986 2043 viam
1009 1985 1110 2044 itunae
1132 1992 1238 2043 rectus.
1284 1982 1316 2041 Si
1338 1980 1438 2042 taedet

58 2070 90 2121 ie
131 2072 274 2130 novitatis
298 2081 328 2131 et
349 2072 591 2149 scrupulositatis,
615 2076 697 2147 scito,
721 2091 767 2133 rne
790 2072 907 2133 taedere
930 2072 1149 2148 inaequalitatis
1172 2068 1372 2148 scrupulorum
1389 2072 1437 2127 in·

60 2149 227 2217 01166666
250 2166 280 2218 et
303 2161 481 2219 emersionis.
517 2159 555 2218 Et
576 2161 664 2236 quale
687 2162 814 2220 medium
834 2160 960 2238 eclipsis,
981 2159 1060 2236 quod
1075 2176 1129 2219 nec
1145 2160 1283 2235 temporis
1299 2156 1436 2230 medium,

61 2244 328 2306 recenseamus
351 2248 478 2305 maxima
501 2255 560 2317 est,
584 2249 609 2306 61
632 2257 768 2307 accurate
791 2247 967 2324 loquamur?
998 2245 1082 2306 Certe
1105 2248 1240 2322 nuspiam
1263 2245 1357 2321 major
1380 2245 1436 2302 ob-

63 2333 220 2404 conrado,
243 2350 332 2408 quarn
358 2334 408 2392 ubi
431 2333 678 2412 perpendicularis
701 2353 736 2394 ex
759 2343 857 2394 centro
880 2334 1001 2393 umbrae
1024 2343 1104 2393 secat
1126 2336 1205 2391 viarn
1229 2331 1340 2390 Lunae.

189 2417 315 2498 Eelipsis
338 2420 417 2481 Solis
439 2440 466 2480 a.
486 2427 578 2480 1612.
602 2429 653 2481 30.
670 2422 743 2498 Maji
767 2422 881 2481 duratio
905 2420 1156 2481 intimarunt.
1176 2419 1243 2490 28⁴3
1266 2436 1318 2495 per
1335 2418 1437 2477 tubuur

68 2490 190 2564 deiecit
210 2509 307 2567 minus
329 2508 449 2567 dimidio
473 2526 574 2585 parum
596 2509 754 2569 admodum
777 2511 848 2586 (imo
872 2509 953 2586 plus,
978 2507 1046 2569 vide
1068 2507 1163 2584 16166).
1209 2505 1303 2565 Vobis
1325 2504 1437 2564 Rornae

69 2577 251 2653 defecerunt
273 2594 356 2672 digiti
382 2601 399 2656 5
424 2595 471 2655 vel
494 2598 606 2667 minus,
639 2606 668 2656 et
691 2596 805 2657 duratio
827 2600 946 2675 ponitur
967 2595 996 2656 lr.
1022 2597 1051 2654 2.
1076 2594 1137 2668 240,
1169 2596 1241 2653 66116
1264 2595 1341 2653 bono
1365 2609 1437 2651 con·

70 2682 186 2755 18666
218 2680 348 2742 delectus
377 2685 453 2741 enirn
484 2684 719 2760 septentrionalis
749 2685 818 2756 luit,
849 2684 943 2759 maJ‘or
971 2685 1058 2759 igitur
1081 2682 1175 2741 Lincii
1204 2698 1291 2757 quam
1314 2679 1435 2741 Romae.

70 2751 190 2827 Noetu
217 2769 307 2844 igitur
335 2787 493 2831 consensus
517 2769 666 2846 redarguit
688 2770 927 2832 Monachieosem
951 2769 1133 2829 durationem
1156 2769 1184 2828 b.
1210 2775 1238 2828 2.
1264 2766 1437 2828 4506161-

68 2847 182 2914 mlaam.
219 2856 323 2916 Finem
345 2857 458 2917 Rornae
483 2858 661 2917 observastis
685 2859 713 2920 h.
740 2866 788 2921 12.
813 2861 865 2919 240
888 2857 936 2918 rel
960 2861 1021 2931 28‘,
1045 2875 1100 2933 ego
1123 2857 1217 2916 Lincii
1240 2855 1268 2914 b.
1295 2861 1344 2914 12.
1369 2852 1437 2929 620;

68 2924 393 3005 1166666666661
418 2949 470 3004 24‘
493 2952 645 3023 suspecta,
675 2950 745 3022 quia
775 2945 939 3024 parallares
967 2953 1080 3005 tantum
1103 2961 1160 3002 non
1185 2942 1320 3002 videntur
1340 2959 1437 3020 posse,

65 3026 104 3075 ¹¹²
141 3045 177 3088 ex
202 3028 252 3090 10‘
276 3032 378 3109 (qnam
402 3031 592 3092 differentiam
616 3032 705 3093 elicui
727 3050 762 3092 cx
786 3035 853 3093 anni
880 3039 961 3092 1616
986 3030 1101 3110 eclipsi)
1125 3032 1195 3090 liant
1219 3029 1280 3089 240.
1325 3029 1438 3088 Videa-

62 3114 149 3176 mus
171 3124 269 3178 tamen
291 3118 467 3197 parallares.

70 3300 82 3314 ‚
187 3246 252 3300 Aac.
270 3251 346 3300 recta
358 3245 393 3316 Θ
410 3244 438 3299 16
456 3246 509 3310 97,
527 3253 561 3308 Ι]
580 3244 676 3300 tuith.
696 3244 722 3302 l.
741 3246 784 3299 29¹
802 3247 863 3313 130,
889 3262 954 3314 ergo
972 3261 1027 3301 ase.
1046 3253 1121 3301 recta
1139 3244 1221 3299 medii
1239 3243 1308 3299 coeli
1326 3242 1353 3296 in
1372 3242 1435 3297 Lin-

57 3316 168 3376 nemi
185 3321 263 3378 initio
281 3322 309 3378 b.
329 3323 358 3377 2.
377 3322 420 3378 53⁴
439 3323 506 3379 13οε
1420 3332 1423 3339 “

238 3422 372 3472 Orlebatnr
390 3436 447 3484 ergo
467 3421 515 3472 260
534 3420 578 3491 g),
598 3425 775 3489 rronagesimus
794 3422 842 3473 260
891 3424 932 3479 δ’.

171 3490 303 3542 Distantia
319 3494 508 3546 acerrimae.
547 3496 581 3559 6¹,
755 3495 778 3556 J)
817 3490 872 3560 8¹12
888 3499 924 3554 Π

208 3615 324 3680 Angelos
343 3618 446 3667 66166116
465 3620 507 3671 69.
528 3619 570 3670 51.
802 3616 883 3682 120120
901 3620 1023 3667 distantia
1041 3633 1055 3665 a
1074 3618 1245 3678 nonagesimo.

64 3674 1309 3771 &mmwmmwpmwwmmwfflmmmw

188 3821 219 3875 Iu
237 3822 361 3878 Romano
380 3823 457 3879 initio
475 3824 502 3878 h.
522 3825 553 3879 20
570 3827 614 3881 200
632 3825 697 3879 13οι

10 3886 16 3959 1
241 3921 376 3971 oriebatur
395 3921 442 3975 190
461 3920 502 3993 g),
677 3924 856 3987 nouagesimns
876 3921 923 3972 190
959 3923 1009 3979 δ’

102 3985 375 4042 Distantiaarortiee
392 3996 436 4047 25.
457 3996 509 4047 210.
832 3994 856 4057 I)
890 3993 941 4056 8¹&
958 3998 1001 4053 [l-

10 4096 23 4169 1
137 4109 254 4172 Angulru
273 4112 377 4161 orientis
396 4115 439 4167 64.
459 4117 502 4168 36.
528 4115 654 4164 Distentis
668 4130 684 4163 a
697 4118 857 4180 nonagesimo
878 4114 967 4182 19¹l2⁰.

13 4176 889 4269 immmwmfflmmwmc

10 4284 14 4351 1
186 4318 263 4388 Ergo
287 4318 315 4372 in
339 4320 472 4390 principio
496 4321 608 4377 risibilis
632 4326 656 4389 p
677 4320 792 4377 latitudo
817 4321 869 4377 luit
887 4323 913 4376 i‘
933 4324 985 4379 100
1008 4322 1094 4391 major
1112 4322 1216 4376 Romae
1240 4320 1438 4390 6666116611,

86 4394 313 4452 6666666166
331 4396 472 4467 longitudo
491 4403 517 4456 o‘
529 4401 580 4456 300
600 4399 712 4455 ulterior
730 4400 756 4455 h.
770 4402 814 4456 10.
833 4417 914 4470 qnam
932 4400 1020 4456 Lineii
1037 4400 1065 4455 h.
1087 4401 1127 4456 10.
1147 4399 1199 4467 240,
1218 4399 1283 4468 quia
1308 4404 1331 4465 J)
1351 4400 1436 4454 utrin-

85 4488 135 4541 qne
153 4479 214 4528 erat
230 4474 259 4528 in
277 4475 430 4543 quadrante
448 4476 580 4533 orientali.
619 4480 740 4545 Cumque
759 4479 795 4533 sit
813 4494 892 4533 rer-ns
911 4478 1035 4534 horarius
1061 4483 1085 4546 1)
1104 4481 1167 4551 a&
1186 4481 1230 4535 31‘
1247 4480 1307 4544 300,
1325 4480 1438 4536 veniunt

80 4566 131 4622 pro
150 4550 178 4606 6⁴
190 4550 243 4607 300
259 4553 364 4610 minuta
379 4558 419 4611 12Ι
431 4556 485 4612 200
503 4556 641 4626 temporis.
677 4556 729 4611 Ubi
747 4572 812 4625 ergo
831 4556 882 4611 luit
906 4562 930 4624 p
952 4557 1192 4615 0166111610210
1210 4573 1282 4625 vere,
1301 4574 1436 4628 apparens

79 4628 156 4700 apud
174 4644 250 4686 oram
269 4633 349 4702 Solis,
368 4634 468 4690 ibidem
486 4634 537 4690 luit
556 4638 658 4692 Romae
677 4636 704 4692 b.
727 4639 888 4693 10120100
907 4651 978 4705 vare,
996 4651 1132 4705 apparens
1151 4635 1317 4692 albatorum
1335 4639 1370 4709 Θ
1388 4654 1438 4707 per

79 4712 107 4767 θ’
125 4709 190 4765 000.
225 4710 297 4767 Hinc
321 4713 473 4771 differentia
497 4715 848 4772 66661666666110100.
885 4715 958 4771 Ecce
984 4723 1115 4783 qnantum
1138 4716 1246 4785 possint
1268 4715 1437 4787 parallaxes!

75 4789 157 4847 Ecce
176 4803 258 4859 quam
276 4800 352 4850 certa
369 4793 522 4852 (1166666116
539 4795 748 4853 meridianorum
766 4796 869 4853 Romm
888 4802 916 4850 ot
932 4795 1020 4851 Lineii
1041 4797 1081 4852 10Ι
1099 4794 1220 4851 circiter!

288 4966 308 4999 Ι
