3284 5520
519 365 579 422 cu.
598 366 619 421 1.
657 362 787 421 comatae
804 364 868 420 anns
889 362 964 422 ista.
1001 366 1090 436 caput
1107 365 1130 421 1.
1456 367 1496 434 81
1576 356 1579 361 '

138 542 176 603 ad
206 542 291 603 illam
320 545 447 621 primam
477 543 553 606 diem
584 553 660 605 retro
692 543 864 605 deducenda
891 545 985 605 luerit.
1029 544 1105 603 Nam
1136 545 1160 601 si
1188 545 1289 620 primis
1313 544 1416 604 diebus
1441 543 1499 604 duo

141 643 275 692 cometae
305 650 384 690 uuus
413 633 544 707 luerunt,
580 632 682 709 procul
713 632 802 692 dubio
830 633 880 691 illc
910 641 986 690 urrbs
1016 632 1165 692 diversum
1192 632 1294 690 babuit
1321 642 1433 692 motum
1462 634 1500 691 ab

138 728 266 796 utroque
291 718 470 794 divisorum,
500 718 608 778 sufficit
631 721 733 796 igitur,
766 719 843 797 quod
869 719 1003 778 videmus
1026 727 1181 794 utrumque
1204 738 1240 777 ex
1263 718 1366 778 eodem
1390 723 1502 779 circiter

138 804 205 866 loco
228 805 305 865 coeli
329 805 461 882 prodire,
492 823 546 866 nec
569 806 727 866 multorum
751 807 862 867 dierum
886 808 1041 866 interstitio
1066 807 1157 866 videri
1180 818 1335 883 utrumque
1359 809 1501 883 coepisse.

246 893 303 953 Die
330 889 438 970 toste.
468 893 545 956 Nor.
577 891 701 954 Ursinus
734 894 859 953 adfirmat
893 896 989 952 visum
1024 911 1088 952 esse
1122 903 1265 954 cometam
1301 898 1374 953 inter
1406 895 1501 952 nubes

138 980 324 1040 Francoiurti
342 980 380 1038 ad
397 978 533 1049 Oderam.
572 981 712 1054 Dubium,
737 981 772 1041 de
789 980 918 1040 seeundo
933 998 971 1039 an
987 981 1023 1040 de
1039 985 1124 1040 tertio
1141 980 1169 1038 id
1185 981 1271 1039 luerit
1287 981 1498 1058 accipiendum.

248 1068 305 1127 Die
338 1076 362 1137 ό
397 1071 451 1128 27.
473 1067 549 1127 Nov.
577 1085 664 1127 mane
688 1070 726 1128 ab
748 1069 822 1128 hora
844 1062 907 1150 572
930 1069 1040 1144 pluviis
1063 1077 1092 1127 et
1115 1069 1242 1127 nubibus
1266 1070 1449 1128 cessantibus
1473 1077 1502 1127 et

142 1162 232 1213 vento
255 1157 426 1231 impetuoso
449 1157 541 1215 nubes
561 1152 744 1232 disponente,
768 1159 903 1232 apparuit
917 1154 989 1213 mibi
1013 1164 1123 1215 tractus
1146 1159 1201 1214 iste
1225 1155 1345 1216 secundi
1371 1165 1501 1215 cometae

138 1240 255 1300 lacteus
280 1251 309 1302 et
332 1242 453 1316 dilutus,
475 1245 517 1301 sic
540 1250 636 1302 tamen
660 1242 801 1317 albicans,
825 1251 856 1300 ut
870 1244 967 1300 visum
990 1243 1076 1302 lacile
1099 1253 1244 1317 moveret,
1272 1260 1330 1302 nou
1355 1245 1500 1315 obstante,

142 1328 221 1404 quod
240 1329 307 1405 jam
329 1329 403 1389 bora
428 1331 456 1391 6.
476 1330 601 1388 multum
625 1329 787 1390 diluxisset.
833 1330 981 1390 Veniebat
1004 1347 1039 1388 ex
1064 1331 1197 1407 partibus
1220 1331 1363 1389 horizonti
1388 1333 1502 1404 ricinis,

141 1417 306 1492 stringebat
321 1419 463 1493 superiori
486 1421 617 1493 margine
636 1417 744 1476 claram
767 1434 855 1476 unam
878 1419 907 1474 in
931 1417 1007 1475 flexu
1023 1417 1144 1495 Hydrae
1168 1418 1389 1490 australissimo,
1415 1436 1501 1476 unam

142 1506 229 1565 etiam
244 1503 401 1563 latitudine
424 1522 479 1564 sua
495 1505 668 1581 occupabat,
692 1507 735 1564 sic
756 1512 788 1563 ut
810 1504 862 1563 illa
885 1524 920 1564 ex
936 1504 992 1564 bae
1015 1504 1150 1564 albedine
1174 1505 1255 1563 velut
1279 1523 1313 1563 ex
1337 1510 1402 1563 raia
1424 1508 1502 1563 nube

143 1593 297 1667 emicaret;
320 1592 388 1650 inde
412 1593 598 1665 curvabatur,
622 1594 707 1667 quasi
731 1609 825 1667 usque
848 1591 885 1650 ad
907 1590 1025 1651 stellam
1047 1591 1177 1670 Hydrae,
1201 1610 1277 1668 quae
1299 1595 1430 1668 proxime
1454 1608 1503 1650 cor

143 1675 266 1757 Hydrae
296 1682 430 1755 sequitur
459 1681 488 1738 in
510 1679 567 1739 due
590 1678 716 1752 Leonis,
752 1679 895 1738 interdum
920 1679 1038 1754 quidem
1061 1680 1137 1739 hanc
1159 1680 1273 1760 stellam
1297 1682 1440 1753 attingere
1464 1687 1502 1753 et,

144 1768 168 1823 si
183 1767 405 1826 continuaretur
420 1774 539 1840 tractus,
562 1767 652 1843 paulo
674 1783 762 1843 supra
784 1783 833 1825 cor
846 1765 968 1844 Hydrae
983 1769 1150 1825 incessurus
1165 1767 1328 1826 videbatur.
1367 1766 1503 1824 Meminit

147 1862 176 1911 et
199 1850 311 1912 Remus
339 1850 437 1914 clarae
464 1856 493 1911 in
517 1853 635 1932 Hydra,
668 1853 705 1912 ad
735 1871 822 1929 quarn
851 1871 945 1930 usque
973 1861 1058 1912 tensa
1085 1855 1171 1913 luerit
1201 1853 1303 1914 ultimo
1333 1855 1414 1913 trabs
1436 1856 1502 1927 ista,

148 1938 332 2016 longitudine
353 1940 412 1999 iere
437 1941 608 2017 quadrantis
632 1940 741 2000 circuli.
788 1941 875 2000 Diem
898 1958 956 1999 tion
980 1945 1126 2019 apposuit.

245 2027 358 2086 Eodem
390 2026 493 2107 listi.
515 2028 591 2087 Nov.
622 2030 717 2087 visum
749 2046 813 2088 esse
836 2023 1028 2101 Witebergac
1057 2037 1200 2087 cometam
1230 2029 1347 2086 tertium
1378 2027 1504 2086 allirmat

146 2112 286 2186 Rhodius,
310 2114 414 2174 eodem
437 2112 549 2176 Romae
563 2114 673 2179 Remus
696 2114 845 2192 additque,
870 2115 1038 2175 distantiam
1062 2115 1195 2175 aLance
1218 2115 1330 2174 boreali
1354 2114 1389 2171 4⁰
1412 2115 1503 2191 paulo

146 2204 238 2260 minus
255 2201 391 2260 deorsum
413 2202 452 2260 ab
467 2202 528 2275 illa,
553 2209 582 2262 et
601 2209 634 2260 ut
648 2201 753 2262 duetus
777 2211 856 2261 totus
872 2202 989 2276 indicat,
1013 2220 1088 2280 pene
1103 2210 1182 2261 reeta
1205 2219 1307 2261 versus
1323 2201 1502 2278 eclipticanrz

147 2296 205 2347 erat
226 2291 318 2365 igitur
339 2292 369 2346 in
394 2283 493 2369 13¹),⁰
515 2300 549 2366 tq
570 2289 622 2348 lat.
648 2284 728 2374 4²s,⁰
750 2289 871 2349 boreali.
917 2290 1004 2350 Hanc
1026 2298 1123 2348 tamen
1146 2289 1377 2365 magnitudinem
1401 2289 1502 2347 latitu-

149 2375 221 2433 dinis
235 2374 393 2436 defendere
410 2392 476 2435 cum
492 2378 596 2435 ceteris
611 2377 784 2436 certioribus
799 2394 858 2436 uon
873 2394 1004 2454 possum.
1041 2378 1146 2452 Itaque
1161 2386 1242 2452 puto,
1268 2377 1503 2434 observationem

148 2470 310 2538 competere
326 2463 384 2522 diei
408 2464 461 2524 28.
485 2480 580 2524 mane.
619 2462 688 2521 Itali
712 2468 798 2537 enim,
823 2475 1009 2523 numerantes
1033 2465 1070 2523 ab
1095 2481 1199 2522 occasu
1217 2463 1304 2535 Solis,
1328 2464 1503 2521 transferunt

147 2550 309 2627 frequenter
339 2549 429 2609 horas
455 2567 525 2609 suas
556 2550 594 2609 ad
625 2567 736 2611 morem
767 2555 1011 2625 astronomicum,
1047 2552 1154 2627 quibus
1183 2551 1244 2609 dies
1268 2553 1318 2608 27.
1342 2549 1370 2608 h.
1398 2554 1435 2608 is
1460 2556 1504 2609 est

148 2638 283 2713 politicus
307 2639 358 2696 28.
381 2637 411 2698 h.
437 2639 465 2696 6.
487 2640 642 2698 matutina.

248 2723 362 2784 Eodem
379 2720 485 2807 18J28.
501 2724 577 2783 Nor.
601 2727 697 2783 risum
712 2725 895 2785 Wonuatiae
918 2726 1043 2784 affirmat
1055 2723 1228 2800 Welperus3
1251 2723 1353 2782 eodem
1377 2725 1406 2780 in
1430 2726 1501 2782 mari

149 2809 282 2871 Baltbico
293 2811 428 2870 Dentisci
441 2811 608 2883 Arthtrsius,
626 2812 728 2871 eodem
742 2821 770 2871 et
783 2812 922 2871 Coloniae
935 2814 971 2871 ad
986 2812 1118 2870 libanum
1131 2812 1279 2888 Casparus
1291 2810 1502 2886 Herspacbius,

150 2897 248 2957 codem
279 2897 400 2957 Parisiis
432 2899 463 2958 et
489 2901 600 2975 passim
631 2901 659 2956 in
692 2898 807 2975 Gallia,
843 2898 948 2959 Gallus
978 2899 1189 2958 Provencialis.
1235 2897 1345 2958 Eodem
1377 2896 1503 2972 denique

150 2988 299 3062 conspexit
322 2985 404 3045 illum
427 2993 457 3046 ct
478 2986 632 3061 Beniamin
657 2983 794 3060 Ursinus,
819 2998 1003 3046 astronomus
1025 2986 1206 3055 Marcbicus,
1231 2987 1307 3043 circa
1330 2984 1428 3044 chelas
1450 3001 1503 3043 seu

152 3070 247 3132 lances
262 3072 369 3132 Librae
384 3072 422 3131 ad
437 3076 680 3133 aestimationem.
715 3075 777 3132 Etsi
794 3092 863 3134 vero
880 3074 908 3131 hi
925 3084 1060 3133 auctores
1073 3074 1184 3131 nullam
1200 3074 1311 3131 faciunt
1324 3075 1503 3131 mentionem

152 3169 280 3219 cometae
304 3160 442 3232 secundi,
466 3160 551 3219 lacile
574 3169 671 3225 tamen
695 3178 729 3219 ex
753 3163 960 3220 observatione
982 3161 1117 3219 Romana
1140 3159 1319 3236 intelligitur,
1344 3160 1502 3234 bonejam

97 3248 102 3261 '
152 3262 210 3305 esse
232 3254 378 3305 cometam
402 3249 531 3321 tertium,
556 3265 642 3324 quem
665 3265 719 3324 ago
743 3248 790 3307 die
815 3252 865 3306 27.
889 3247 1018 3307 nondum
1041 3248 1323 3307 animadvertebam:
1349 3265 1418 3305 nam
1441 3254 1504 3307 erat

151 3332 208 3407 ejus
238 3342 328 3411 eaput
359 3345 387 3393 et
414 3342 477 3394 tota
506 3335 601 3394 cauda
620 3335 683 3410 jam
707 3335 848 3410 borealis,
882 3336 933 3394 illa
958 3353 1027 3395 vero
1049 3335 1170 3394 secundi
1194 3342 1325 3394 cometae
1349 3334 1444 3394 cauda
1465 3332 1502 3392 de

152 3417 192 3478 die
213 3422 245 3478 in
269 3419 347 3479 diem
370 3421 472 3480 abibat
494 3423 523 3479 in
546 3431 686 3482 austrum.

250 3504 393 3582 Quaestio
416 3518 513 3567 tamen
537 3519 686 3585 superest,
711 3524 761 3566 cur
785 3510 990 3569 observatores
1013 3510 1054 3567 illi
1077 3526 1135 3568 non
1162 3509 1234 3568 duos
1257 3507 1344 3569 simul
1367 3506 1503 3565 animad-

151 3593 310 3667 verterint?
345 3596 389 3653 An
414 3598 498 3671 quia,
522 3604 555 3654 ut
576 3596 674 3655 triduo
697 3602 784 3654 autea
807 3596 939 3655 Marsilio
964 3597 1021 3665 illi,
1046 3597 1124 3656 clara
1145 3598 1205 3672 jam
1228 3613 1333 3655 aurora
1356 3594 1502 3654 secundus

151 3679 346 3758 disparuerat,
380 3685 482 3742 tertius
511 3682 642 3742 claritate
671 3700 726 3742 sua
754 3683 907 3742 enitebat?
944 3683 1018 3742 Mihi
1047 3701 1118 3744 vero
1147 3683 1293 3743 secundus
1316 3681 1397 3740 solus
1421 3686 1503 3739 visus

150 3767 192 3827 die
214 3771 269 3841 at,
292 3771 364 3845 quia
384 3772 527 3829 maturius
551 3771 707 3829 observare
730 3773 832 3847 coepi,
864 3774 967 3830 tertius
990 3789 1048 3830 non
1072 3774 1168 3844 visus,
1198 3773 1267 3845 quia
1291 3770 1337 3828 vcl
1361 3771 1503 3827 maturius

152 3853 229 3929 deaii,
253 3855 302 3915 val
319 3859 452 3916 sinistras
475 3857 636 3916 horizontis
652 3866 749 3934 partes
772 3857 905 3916 turbidus
922 3862 972 3917 ae'r
990 3858 1158 3929 obvelabat,
1182 3857 1230 3916 vel
1247 3855 1502 3928 claritaseaudae,

148 3942 308 4002 secundum
331 3943 495 4021 eclipticam
518 3946 577 4004 lere
599 3954 692 4015 tensa,
716 3947 926 4004 accensebatur
948 3962 1072 4004 aurorae
1096 3944 1204 4003 lumini.

251 4029 309 4089 Die
335 4025 371 4112 ‘ll
398 4034 450 4090 29.
474 4031 550 4090 Nor.
574 4049 660 4091 mane
683 4031 755 4090 bora
780 4032 808 4103 5,
832 4051 896 4091 eum
921 4032 1035 4092 coelum
1059 4031 1095 4090 ad
1119 4040 1297 4090 momentum
1322 4030 1505 4105 detegeretur

148 4116 219 4175 inter
234 4125 316 4175 atras
339 4119 432 4178 nubes
448 4126 477 4177 et
499 4126 604 4177 ventos
620 4119 819 4193 vehementes,
842 4137 907 4178 cum
925 4123 1019 4196 campi
1035 4128 1132 4178 essent
1147 4122 1218 4195 picti
1234 4118 1345 4191 nivula,
1369 4119 1505 4193 apparuit

148 4212 244 4263 umen
267 4211 378 4264 tractus
400 4208 456 4266 iste
478 4205 599 4264 secundi
623 4215 763 4279 cometae,
788 4204 839 4264 sed
864 4207 950 4266 valde
974 4207 1084 4266 dilutus
1107 4224 1161 4266 uec
1185 4224 1315 4282 aequans
1338 4204 1504 4263 albedinem

148 4291 268 4350 nubium
290 4309 310 4350 a
331 4290 417 4352 Luna
447 4291 689 4367 illuminatarum3
722 4293 783 4369 Jam
812 4295 1017 4370 porrigebatur
1043 4295 1118 4353 inira
1140 4293 1242 4353 stellas
1264 4295 1361 4369 spirae
1384 4289 1505 4368 Hydrae

150 4378 377 4439 ausmallssimae
400 4379 532 4457 intraque
554 4380 655 4440 stellas
677 4382 809 4455 proxime
831 4382 886 4439 sub
910 4381 996 4440 corde
1014 4380 1144 4459 Hydrae,
1168 4392 1198 4440 et
1220 4380 1375 4439 videbatur
1398 4395 1505 4437 curva·

148 4472 211 4524 tura
232 4482 289 4524 sua
311 4465 430 4528 tendere
453 4469 537 4545 quasi
552 4469 589 4525 'in
613 4483 661 4526 cor
683 4466 820 4544 Hydrae,
855 4470 898 4528 sic
920 4477 1032 4541 tamen,
1057 4476 1088 4527 ut
1110 4470 1279 4528 extremitas
1303 4468 1366 4542 ejus
1389 4465 1504 4541 lougius

151 4552 265 4613 abesset
286 4569 306 4611 a
329 4553 426 4628 eorde,
449 4572 539 4632 quam
560 4554 664 4614 stellae
687 4554 765 4629 illae,
789 4573 866 4631 quae
889 4573 939 4615 cor
960 4563 1131 4632 sequuntur.

250 4638 335 4701 Haec
356 4640 461 4702 ultima
483 4640 602 4702 secundi
626 4649 757 4702 cometae
779 4643 835 4702 luit
858 4639 1074 4720 observatio.⁸)

223 4825 416 4879 topiariorum
444 4827 496 4870 tm.
