3284 5520
140 324 204 390 718
772 321 869 376 Sirena

141 502 200 559 vini
224 498 356 577 guttula,
388 517 464 576 quae
490 506 558 576 post
588 500 725 578 cyathum
755 484 929 560 exhaustum
960 518 1047 578 super
1077 517 1202 578 unguem
1227 502 1378 560 excutitur
1399 501 1488 578 ibique
1537 492 1545 557 't

140 588 263 648 haerens
289 587 366 646 mole
389 604 443 646 sua
465 594 532 646 stat.
577 587 609 647 Si
631 588 707 646 hanc
730 586 862 646 obtulero
885 595 1013 664 guttam,
1041 590 1135 648 minua
1158 606 1231 647 sane
1255 588 1379 660 dedero,
1410 606 1488 664 quarn

140 674 190 735 illa
213 674 311 747 Persa,
338 673 405 733 vola
428 691 532 732 manus
554 674 718 752 Choaspem
741 673 816 750 Regi
839 691 893 745 suo
916 674 1081 751 affundeus3
1104 674 1258 735 honestius
1278 679 1370 735 etiam
1385 693 1488 748 rnnnns,

141 763 201 821 vini
224 771 308 839 gutta
331 780 365 820 er
390 779 487 837 ungue
511 759 659 833 Germani,
683 779 770 838 qnam
795 762 928 820 derosurn
951 771 1113 822 ramentum
1132 762 1167 822 de
1188 779 1287 837 ungue
1308 763 1488 822 infrendentis

140 860 170 910 et
192 850 238 909 vel
263 847 406 908 tantillum
430 852 563 925 negantis
586 849 662 908 Itali.
709 850 844 925 Denique
867 848 959 925 figura
982 859 1082 925 guttae
1096 850 1221 928 globosa
1233 851 1297 926 Jam
1314 849 1488 926 speculatio-

140 955 207 997 nem
230 935 384 1013 pollicetur
405 939 630 1012 geometricam:
663 935 716 996 sed
739 954 850 1009 vereor,
874 954 910 996 ne
933 946 961 996 et
985 937 1041 997 hou
1063 940 1116 998 tibi
1137 940 1176 997 sit
1198 939 1332 1012 nimium,
1357 939 1407 1014 qui
1429 945 1488 996 tan·

139 1030 239 1100 topere
263 1023 418 1082 delectaris
440 1022 549 1083 Nihilo.

247 1109 324 1185 Quid
347 1113 373 1168 si
395 1109 432 1168 ad
456 1110 595 1169 animalia
616 1109 668 1169 fiat
690 1108 847 1169 transitio?
878 1110 988 1169 Vereor
1011 1120 1043 1171 ut
1064 1119 1187 1171 noctuas
1210 1111 1357 1174 Athenas.
1398 1111 1491 1188 Nuper

141 1200 216 1258 eninr
240 1197 319 1273 apud
342 1206 370 1255 te
394 1196 455 1255 vidi
478 1198 628 1256 volumina
650 1213 744 1256 rerum
767 1196 956 1272 singularium
980 1207 1008 1258 et
1030 1190 1158 1258 ratarum
1182 1199 1255 1274 ejus,
1279 1200 1332 1274 qui
1357 1216 1391 1259 er
1407 1201 1491 1258 vetari

139 1285 321 1345 Parmenidis
343 1282 444 1343 schola
466 1293 577 1344 motum
599 1284 684 1357 tollit,
709 1285 778 1360 qula
800 1293 897 1343 motus
920 1294 1030 1362 partem
1046 1304 1133 1344 unam
1151 1286 1279 1360 (scilicet
1294 1288 1491 1363 praeteritam)

139 1374 297 1449 perlectam
321 1389 378 1430 non
402 1370 499 1431 habet.
547 1371 612 1447 Quo
635 1374 664 1429 in
688 1384 775 1448 opere
798 1389 864 1430 cum
887 1374 973 1432 insint
995 1382 1123 1432 monstra
1145 1373 1301 1450 pleraque,
1331 1373 1412 1433 haud
1433 1390 1491 1433 reor

139 1460 271 1519 defutura
301 1457 477 1518 animalcula
509 1459 677 1536 prodigiosa
707 1458 847 1521 exilitate.
897 1458 1072 1534 Quanquam
1099 1460 1171 1518 nihil
1202 1477 1277 1537 opus
1310 1463 1354 1518 uti
1379 1461 1489 1536 conjec-

24 1594 34 1609 ,
142 1550 222 1607 turis.
267 1545 369 1605 Habes
400 1545 668 1606 animadversiones
690 1545 831 1622 scaligeri
861 1546 892 1604 in
914 1546 1040 1606 Cardani
1062 1547 1248 1606 subtilitates.
1293 1546 1434 1606 Invenies
1455 1547 1490 1605 ibi

140 1634 250 1693 animal
284 1636 434 1692 minimum
468 1633 694 1711 (Exercitatione
718 1628 854 1692 CXCIV.
877 1649 956 1692 num.
982 1627 1034 1717 7.),
1072 1633 1237 1694 cuniculum
1271 1635 1489 1693 subcutanenm.

143 1721 195 1779 Est
218 1738 287 1781 vero
311 1728 340 1778 et
361 1719 417 1779 hoc
440 1724 569 1781 nimium.
606 1721 683 1780 Num
705 1738 770 1779 cum
793 1719 908 1780 incedat
932 1720 959 1779 id
975 1721 1191 1793 animalculum,
1215 1723 1317 1781 anima
1334 1738 1392 1779 non
1409 1729 1489 1782 caret

141 1806 233 1885 Igitur
255 1808 382 1865 animam
405 1809 458 1866 tibl
481 1824 531 1867 cer
555 1807 681 1881 oderam,
705 1809 761 1865 cui·
777 1809 865 1866 etiam
884 1810 1041 1868 inanimem
1057 1817 1170 1886 guttam
1187 1808 1256 1868 dare
1271 1808 1412 1884 refugio?
1433 1807 1490 1866 Nisi

139 1895 212 1954 lorte
237 1907 353 1954 exsecto
376 1897 560 1969 grassatricis
583 1896 694 1955 bestiae
718 1893 861 1954 cadavere
875 1911 954 1956 nova
968 1896 1068 1972 aliqua
1083 1895 1260 1974 deprehendi
1275 1913 1367 1972 posse
1382 1912 1489 1972 speras:

140 1980 176 2042 de
199 1998 257 2058 quo
280 1979 387 2040 viderit
410 1978 447 2040 D.
471 1979 625 2042 deaaeulus
646 1982 839 2041 anatomicos.

243 2068 328 2126 Talia
357 2066 424 2126 dum
453 2068 597 2128 meditans
627 2071 713 2128 anxis
743 2077 860 2145 pontem
890 2076 1022 2148 transeo,
1052 2069 1191 2129 conlusus
1212 2086 1301 2146 super
1325 2069 1491 2129 incivilitate

139 2168 213 2226 mea,
237 2156 287 2232 qul
311 2170 407 2214 coram
431 2162 460 2214 te
482 2157 544 2215 sine
567 2165 665 2215 strena
686 2158 921 2231 comparuissem,
944 2158 1000 2214 nisi
1017 2155 1098 2232 quod
1112 2154 1213 2215 eadem
1228 2164 1374 2232 perpetuo
1391 2154 1492 2216 chorda

141 2243 278 2301 oberrans
302 2242 458 2302 identidem
473 2242 551 2302 Nihil
575 2243 674 2315 allero,
698 2259 751 2302 nec
770 2245 939 2317 invenirem,
959 2243 1099 2318 quidnam
1116 2251 1193 2303 esset
1207 2241 1307 2302 Nihilo
1325 2246 1491 2320 proximum,

141 2329 219 2405 quod
244 2332 351 2406 ingenii
375 2337 523 2406 pateretur
544 2348 676 2404 acumen,
701 2328 884 2389 commodum
907 2330 1022 2402 accidit,
1045 2340 1077 2390 ut
1101 2331 1260 2406 vaporibus
1283 2333 1314 2389 vi
1336 2332 1492 2408 frigorisin

139 2419 237 2476 nivem
262 2417 433 2479 coeuntibus
456 2416 570 2477 tloceull
593 2419 715 2494 sparsim
740 2420 768 2474 in
788 2428 899 2476 vestem
915 2432 1009 2476 nicam
1026 2417 1200 2490 deuuqent,
1217 2434 1320 2476 omnes
1335 2415 1492 2493 sexanguli,

140 2504 253 2564 villosis
276 2503 377 2563 radiis.
426 2503 481 2562 Eia
502 2523 549 2565 me
571 2503 698 2564 Hercule
720 2521 780 2564 rem
804 2506 909 2578 quavis
931 2512 1017 2581 gutta
1038 2508 1187 2578 minorem,
1210 2504 1370 2581 figuratam
1391 2512 1491 2575 tamen,

139 2593 188 2653 cia
215 2598 342 2651 menam
365 2594 616 2667 exoptatissimam
637 2590 719 2651 Nihil
741 2594 860 2664 amanti,
886 2599 916 2652 et
939 2591 1056 2668 dignam
1079 2608 1168 2667 quam
1190 2590 1240 2650 det
1262 2592 1492 2662 mathematicus,

138 2678 217 2737 Nihil
248 2678 373 2751 habens,
403 2677 483 2738 Nihil
506 2682 669 2757 accipiens,
699 2681 768 2755 qnia
791 2685 820 2739 ct
843 2677 879 2739 ds
902 2679 984 2739 coelo
1008 2679 1158 2740 descendit
1187 2686 1218 2740 et
1245 2679 1399 2741 stellarum
1425 2680 1494 2757 gerit

138 2764 368 2825 similitudinem.

242 2850 390 2912 Redeatur
417 2851 455 2912 ad
484 2858 651 2929 patronum,
684 2851 754 2913 dum
781 2850 866 2912 durat
888 2853 1034 2928 suannla,
1064 2870 1101 2914 ns
1124 2853 1254 2931 corporis
1277 2853 1376 2914 halitu
1398 2849 1492 2931 tapldo

141 2939 274 3001 solvatur
294 2942 325 2997 in
346 2939 478 3002 nihilum.

246 3027 345 3103 Atque
368 3044 402 3086 en
426 3027 515 3087 fatale
538 3043 652 3086 nomen.
701 3024 728 3085 0
751 3044 809 3085 rem
833 3026 1010 3086 Waclrherio
1032 3030 1248 3104 gratissimam,
1272 3026 1356 3087 Nihil
1379 3027 1492 3086 amanti

35 3182 38 3187 ¹
138 3114 214 3173 Nam
242 3117 267 3172 si
298 3132 316 3172 a
346 3113 491 3174 Germano
520 3131 657 3190 quaeras,
687 3116 737 3172 nir
765 3113 835 3190 quid
855 3116 910 3188 sit,
942 3116 1130 3191 respondebit
1151 3115 1240 3189 Nihil,
1264 3113 1414 3191 siquidem
1438 3113 1492 3172 ha·

59 3246 65 3255 .
140 3204 200 3260 tine
222 3204 324 3276 possit.

243 3288 352 3364 Accipe
376 3290 463 3365 igitur
484 3289 560 3347 hanc
582 3287 671 3346 Nihili
696 3289 891 3348 accessionem
915 3305 1017 3348 sereno
1040 3288 1133 3364 vultu,
1158 3297 1187 3349 et
1210 3291 1235 3348 sl
1253 3290 1346 3364 sapis,
1370 3290 1490 3348 animam

139 3376 265 3448 contine,
291 3393 327 3435 ne
351 3375 446 3436 denno
470 3375 542 3433 nihil
565 3371 701 3450 accipias.

243 3463 406 3522 Dicendum
429 3465 505 3522 enim
527 3471 572 3522 est
595 3462 709 3522 Socrati
732 3460 768 3520 de
790 3460 868 3520 saltu
890 3460 1009 3536 pulicis,
1037 3461 1093 3521 hoc
1115 3470 1159 3521 est
1181 3478 1271 3538 quare
1294 3464 1382 3521 nives
1405 3463 1491 3538 primo

140 3566 223 3624 castr,
256 3553 425 3626 priusquam
453 3549 637 3626 implicentur
663 3551 691 3605 in
716 3549 840 3624 majores
863 3547 979 3622 floccos,
1011 3557 1157 3626 perpetuo
1176 3550 1281 3609 cadant
1305 3548 1491 3625 sexangulas,

144 3635 266 3710 villosis,
291 3645 322 3695 ut
345 3637 499 3714 pennulae,
523 3639 601 3696 senis
624 3636 723 3695 radiis.

243 3722 307 3782 Imo
334 3726 460 3785 lacessat
490 3724 557 3782 hinc
587 3723 736 3800 popularis
766 3730 928 3781 contemtus
959 3724 1152 3797 inscitiaeque
1180 3722 1246 3781 leno
1272 3722 1492 3799 Aristophanes,

142 3807 212 3884 qnid
236 3813 313 3869 enim
336 3812 406 3871 mihi
430 3829 503 3888 opus
525 3811 653 3884 Socrate,
677 3812 768 3887 ipsius
791 3809 910 3870 labnlae
933 3809 1079 3868 materia?
1102 3809 1169 3884 lpse
1192 3812 1222 3866 ia
1246 3811 1361 3884 regium
1378 3809 1493 3868 Psaltca

139 3899 273 3973 respicio,
297 3901 347 3974 qni
370 3903 444 3959 inter
468 3900 523 3957 Dei
547 3897 648 3956 laudes
672 3903 886 3969 commemorat,
914 3897 992 3972 qnod
1016 3896 1065 3956 det
1087 3899 1184 3955 nivem
1207 3898 1284 3954 sicut
1306 3896 1417 3968 lanam,
1441 3913 1494 3972 qus

139 4000 221 4058 voce,
245 3989 299 4045 nist
323 3986 417 4061 lallor,
441 3989 582 4063 expressit
606 3985 728 4043 villosos
751 3984 817 4042 illos
840 3984 959 4043 niruloe
980 4001 1064 4045 meac
1087 3978 1212 4042 radios'
1229 3980 1399 4043 Verisimile
1423 3984 1494 4043 cuim

140 4080 197 4144 est,
221 4089 286 4130 cum
308 4073 423 4134 sederet
445 4075 547 4142 lessus,
571 4083 622 4132 aut
644 4081 735 4132 staret
756 4073 871 4128 innixus
894 4070 969 4148 pedo
993 4071 1030 4130 ud
1053 4071 1215 4130 custodiam
1238 4072 1354 4146 gregia,
1389 4071 1494 4130 vidisse

139 4167 168 4216 et
199 4166 317 4220 notasse
344 4161 476 4221 stellulae
514 4159 600 4219 hasce
635 4159 763 4233 nivales,
805 4161 834 4215 in
868 4158 951 4218 lanas
988 4160 1087 4218 ovium
1121 4157 1280 4216 defluentes
1311 4158 1415 4234 ibique
1444 4156 1494 4215 ad·

139 4245 301 4307 haerentes.

245 4333 303 4394 Sed
334 4335 371 4394 ad
399 4351 459 4394 rem
488 4335 639 4395 veniamus
664 4335 734 4409 joco
757 4335 855 4392 misso.
903 4333 975 4392 Cum
1006 4341 1178 4410 perpetuum
1208 4331 1266 4391 hoe
1291 4331 1347 4405 sit,
1384 4333 1495 4409 quoties

139 4422 259 4496 ningere
287 4424 404 4498 incipit,
435 4429 466 4481 ut
494 4425 588 4499 prima
617 4420 667 4480 illa
690 4421 767 4479 nivis
791 4420 934 4479 elementa
956 4420 1076 4496 figuram
1100 4437 1170 4496 prae
1193 4436 1224 4478 se
1247 4418 1344 4478 lerant
1367 4418 1495 4479 asterisci

139 4509 310 4585 sexanguli,
344 4526 461 4568 oausam
485 4520 592 4568 certam
615 4525 679 4568 esse
703 4524 821 4566 necesse
845 4514 897 4568 est.
942 4507 1017 4566 Nam
1040 4510 1065 4565 si
1088 4525 1158 4566 casu
1180 4507 1221 4579 iit,
1245 4522 1296 4565 cur
1320 4523 1380 4564 nou
1404 4522 1495 4581 acque

141 4595 361 4672 quinquangula
392 4596 514 4670 cadunt,
544 4604 594 4655 aut
623 4595 812 4671 septangula,
847 4612 898 4654 cur
920 4611 1033 4671 semper
1056 4593 1230 4671 sexangula,
1254 4593 1401 4668 siquidem
1424 4610 1496 4651 non·

142 4680 210 4741 dnm
243 4686 365 4744 contusa
399 4692 428 4743 et
461 4683 623 4759 glomerata
655 4681 841 4743 multitudine
877 4684 1018 4758 varioque
1055 4682 1201 4758 impulsu,
1237 4680 1290 4740 aed
1328 4697 1433 4757 sparsa
1470 4685 1498 4740 et

141 4767 303 4831 distincta?
