3284 5520
515 331 557 388 rs
575 331 673 389 remum
690 333 739 389 m
768 332 982 405 mer-syenem
999 350 1060 405 ap.
1079 336 1121 392 rc.
1439 336 1505 405 247

150 526 201 569 non
227 526 301 570 vero
324 512 362 573 ab
385 510 486 591 ἡθεσι,
515 511 567 573 sed
590 530 608 571 a
631 519 805 593 aaaeptirrq,
829 531 848 574 a
869 515 1085 592 suspicionibus
1108 516 1295 592 nequissimis
1318 514 1355 576 de
1377 515 1504 576 bominis

149 596 200 669 tide
231 600 423 679 moribusque
452 600 581 676 antiquis
605 608 634 659 et
657 618 725 660 vere
748 603 909 677 germanis,
941 621 1016 679 qnae
1043 605 1225 682 suspiciones
1254 603 1325 664 milri
1349 604 1504 681 complecti

149 685 284 745 ridentur
306 688 367 746 vim
391 688 554 748 calumniae
574 689 787 761 acerbissimae,
812 691 1019 748 criminationis
1036 690 1253 765 injustissimae,
1278 692 1403 752 convicii
1419 690 1504 752 deni-

149 790 199 849 qne
215 775 395 857 gravissimi,
411 779 494 853 ipsae
509 775 616 835 iontem
631 775 753 835 reddent
770 779 858 835 animi
876 779 1004 851 immitis,
1021 777 1135 852 infensi,
1151 781 1279 857 perversi
1294 787 1324 839 et
1340 779 1502 857 depravati.

257 881 352 940 Vellet
370 881 476 958 Tycha,
501 883 603 955 inquit,
624 879 720 954 pudet
742 888 845 939 tumea
866 889 969 956 aperte
989 899 1119 956 poscere,
1143 891 1179 941 ut
1193 882 1401 955 concedamus,
1424 882 1505 942 solas

150 970 207 1040 q'uo
231 968 456 1028 mancationes
476 967 658 1037 retinendas,
683 969 818 1042 reliquus
835 971 959 1043 penitus
981 969 1193 1043 explodendas.
1239 969 1319 1028 Audi
1342 972 1443 1046 vipera
1466 986 1502 1030 ex

149 1056 242 1131 Argo,
276 1053 364 1132 digne
388 1065 417 1117 ct
439 1071 545 1131 graeco
568 1057 701 1127 nomine,
732 1055 811 1131 quod
839 1057 913 1114 scis:
944 1073 998 1114 nec
1020 1055 1221 1116 Ptolemaeum
1245 1057 1349 1133 puduit
1371 1073 1501 1133 poscere,

151 1151 174 1200 ιι
195 1142 296 1219 maior
318 1146 380 1203 suis
404 1142 660 1202 observationibus
683 1141 826 1201 habeatur
848 1142 930 1216 fides,
955 1159 1043 1219 quam
1066 1144 1213 1203 veteribus
1237 1143 1450 1203 Chaldaeorum
1473 1152 1503 1204 et

149 1230 294 1307 Dionysii,
317 1247 371 1290 nee
393 1229 574 1308 Tycbonem,
598 1239 630 1288 ut
652 1232 713 1287 suis
737 1229 772 1288 de
796 1237 910 1289 cometa
932 1230 987 1290 hoc
1010 1232 1108 1306 potius
1131 1249 1218 1307 quarn
1236 1229 1404 1304 Winclrleri,
1427 1231 1502 1290 Nol·

150 1316 204 1391 hii,
229 1315 367 1392 Sculteti,
391 1316 545 1394 Huggecii,
569 1333 624 1376 nec
646 1318 700 1375 hos
724 1317 799 1375 duos
822 1318 940 1376 ultimos
965 1319 1095 1378 vicissim
1113 1318 1218 1395 puduit
1232 1318 1262 1377 id
1279 1317 1413 1396 Tyeboni
1429 1336 1502 1379 con·

150 1403 255 1464 redere.
298 1405 338 1463 m
356 1404 435 1464 solas
451 1423 520 1464 suas
537 1404 758 1463 observationes
773 1422 964 1481 quascunque
980 1406 1156 1478 retinendae,
1180 1406 1356 1482 reliquorum
1372 1408 1502 1465 omnium

150 1494 261 1568 penitas
286 1491 497 1570 explodendas,
518 1492 575 1552 hoc
600 1508 668 1550 vero
691 1500 751 1550 tam
774 1509 832 1550 non
855 1492 950 1551 voluit
971 1491 1090 1570 Tyebo,
1119 1510 1207 1569 quam
1230 1501 1261 1551 tn
1284 1510 1341 1551 non
1366 1496 1410 1551 vis
1433 1495 1502 1551 imi-

150 1580 194 1637 tari
211 1595 311 1638 moras
328 1582 382 1637 viri
396 1579 484 1655 hujus
500 1583 708 1657 autera-sabos
721 1602 769 1640 και
783 1581 977 1658 φιλαληθους.
1016 1580 1095 1639 Nihil
1112 1582 1167 1657 ipsi
1183 1582 1277 1657 magis
1293 1588 1355 1639 erat
1370 1582 1398 1637 in
1415 1583 1501 1654 vobs,

151 1684 232 1743 quam
264 1675 298 1725 ut
328 1685 412 1726 suam
443 1670 472 1725 in
497 1665 681 1727 observando
708 1665 887 1742 diligentiam
911 1675 940 1726 ct
961 1667 1147 1727 sedulitatem
1170 1684 1270 1727 omnes
1292 1667 1502 1727 mathematurn

152 1754 326 1830 professores
349 1758 537 1828 imitarentur,
561 1756 636 1814 etsi
660 1755 805 1830 quispiam
828 1753 866 1812 ad
889 1772 953 1813 eam
969 1757 1136 1832 aspirasset,
1161 1754 1202 1812 illi
1227 1763 1255 1813 ct
1277 1755 1351 1815 lavit
1372 1756 1502 1832 impense

151 1852 171 1899 ct
191 1839 376 1918 praedicavit
400 1843 580 1915 industriam,
606 1843 654 1899 ubi
678 1849 707 1900 et
729 1859 798 1900 usus
822 1849 866 1901 cst
889 1843 952 1919 ejus
977 1843 1140 1901 observatis
1163 1845 1191 1899 in
1215 1843 1344 1918 ipsorum
1365 1840 1501 1918 planeta-

151 1947 203 1987 rum
226 1931 473 1991 restitutionibus.
520 1931 587 1990 Duo
610 1946 681 1997 vero
705 1946 769 1987 curn
793 1928 893 1987 dicunt
915 1929 1001 2003 idem,
1025 1945 1083 1988 non
1109 1938 1153 1988 est
1175 1929 1266 1989 idem:
1290 1937 1379 2006 negat
1397 1928 1501 2009 Tyoho

151 2015 321 2092 quibusdam
344 2019 583 2078 observationum
607 2015 818 2090 certitudinem,
842 2025 931 2094 negat
953 2017 1167 2077 claramontius
1190 2016 1333 2095 Tychoni.

247 2129 276 2182 7.
315 2120 374 2181 Sed
398 2139 452 2182 nec
475 2122 546 2181 illud
569 2121 626 2181 boc
648 2120 714 2181 loeo
740 2120 825 2181 valde
849 2124 961 2193 mirum,
986 2122 1080 2181 malos
1103 2121 1245 2182 bonorum
1269 2123 1375 2182 imitari
1399 2121 1498 2183 verba.

151 2207 247 2267 Actum
271 2217 326 2281 est,
351 2211 455 2285 inquis,
480 2208 515 2269 de
539 2209 626 2268 rebus
649 2211 861 2278 astronomicis,
890 2211 916 2266 si
940 2211 1025 2267 nnius
1049 2209 1141 2268 solius
1163 2213 1217 2267 viri
1243 2209 1499 2270 observationibus

150 2298 177 2353 sit
206 2296 356 2357 standum.
401 2297 465 2356 Iuro
497 2305 565 2355 tunc
588 2306 686 2355 actum
710 2299 764 2354 crit
788 2297 824 2356 de
847 2299 1036 2368 astronomia,
1069 2298 1094 2356 si
1118 2296 1307 2356 Claramcntii
1331 2313 1498 2373 eorumque,

150 2399 212 2459 quos
242 2382 294 2443 ille
323 2385 438 2459 quoties
466 2382 548 2443 lubet
572 2383 618 2442 vel
642 2382 761 2458 expedit
784 2382 907 2459 allegat,
937 2384 1158 2443 observationes
1180 2387 1242 2462 pari
1267 2402 1332 2444 curn
1356 2384 1500 2443 artificum

151 2470 399 2532 observationibus
419 2470 485 2547 jure
508 2470 624 2547 degent,
649 2488 701 2529 nec
725 2470 817 2530 solius
841 2472 913 2546 ejus,
938 2472 987 2547 qui
1008 2470 1175 2546 diligentior
1192 2480 1236 2531 est
1251 2473 1353 2532 ceteris
1370 2477 1400 2531 et
1414 2489 1500 2532 exer·

151 2559 265 2634 citatior,
290 2559 454 2618 observatis
478 2559 516 2617 sit
539 2558 684 2618 standum.

244 2670 276 2724 8.
316 2664 350 2721 In
373 2662 495 2724 Scultcti
525 2672 602 2723 certe
626 2664 882 2723 observationibus
906 2666 1022 2740 egregie
1044 2663 1129 2722 nobis
1152 2661 1269 2739 Scipio,
1301 2663 1381 2740 qnod
1402 2662 1500 2723 solent

149 2769 175 2811 er
196 2752 280 2813 laces
303 2750 454 2824 homines,
479 2752 551 2810 licus
575 2750 718 2825 ostendit,
743 2751 811 2809 nolo
836 2753 913 2810 enirn
935 2767 1040 2827 gracco
1066 2751 1105 2808 uti
1131 2750 1294 2824 vocabulo,
1318 2751 1386 2810 dum
1410 2751 1499 2810 dissi-

150 2838 231 2899 nnlat
253 2838 449 2900 differentiam
471 2841 546 2899 inter
569 2838 691 2898 Scultcti
715 2849 744 2898 ct
766 2838 917 2916 Tychonis
940 2840 1161 2898 observationes
1186 2846 1313 2899 totorum
1333 2834 1399 2899 23⁰.
1437 2836 1499 2898 Scit

150 2930 225 3002 enirn,
250 2944 285 2986 se
308 2935 420 2986 tantam
441 2925 635 3002 parallaxium
658 2925 859 2999 differentiam,
884 2944 959 3003 quae
984 2928 1083 2986 nescio
1107 2924 1177 3000 quid
1200 2926 1321 2984 monstri
1344 2926 1373 2982 in
1397 2925 1495 3003 paral-

148 3013 220 3074 hxes
250 3014 359 3075 totales
389 3016 545 3089 ingereret,
579 3030 765 3090 nequaqnam
794 3015 965 3073 refractione
996 3013 1152 3088 adjuvare,
1184 3014 1240 3072 nisi
1263 3030 1314 3072 aas
1337 3014 1496 3072 etiamnum

148 3118 248 3180 angere
273 3100 361 3174 velit,
391 3117 485 3178 eoque
509 3109 602 3161 totum
625 3100 654 3158 id
679 3118 742 3160 esse
766 3119 802 3160 ex
825 3118 920 3160 crrorc
944 3101 1000 3160 loci
1026 3101 1159 3160 cometioi
1183 3119 1201 3159 a
1223 3098 1355 3160 Sculteto
1378 3099 1496 3178 proditi.

148 3189 207 3269 lpse
236 3205 308 3248 vcro
338 3205 438 3247 omnes
466 3189 583 3247 omnino
615 3205 726 3248 errores
749 3188 988 3247 observationum
1012 3190 1041 3246 ιιι
1065 3187 1235 3265 despectum
1259 3187 1409 3266 Typhonis
1432 3203 1498 3247 curn

147 3277 302 3355 acceperit
325 3274 533 3349 defendendos,
556 3276 634 3335 huno
657 3285 716 3334 tarn
739 3293 887 3335 enormem
903 3274 1075 3349 dissimulat,
1100 3273 1217 3334 silentio
1233 3277 1372 3353 praeterit
1387 3282 1416 3335 et
1431 3283 1499 3351 post

146 3382 240 3445 sepem
262 3381 296 3424 se
319 3361 464 3422 subducit.

244 3469 274 3527 9.
306 3465 413 3538 Fallor,
437 3484 474 3525 arr
499 3466 550 3526 illa
573 3475 655 3526 tanta
678 3466 865 3544 parallaxcon
891 3466 1053 3526 differentia
1068 3466 1186 3525 vincula
1202 3466 1265 3541 ejus
1281 3464 1497 3543 problematum

143 3558 261 3632 rumpit,
286 3553 468 3632 problemata
492 3557 556 3632 ipsa
578 3556 755 3631 redarguens
777 3562 811 3614 ut
833 3571 891 3614 ιιοιι
914 3554 1113 3630 geometrica?
1148 3552 1290 3612 Nimirum
1315 3552 1494 3613 differentiae

143 3641 359 3720 longitudinum
382 3644 510 3700 visamm
526 3639 627 3725 23¹s³⁰
642 3651 672 3701 et
685 3641 873 3701 latitudinum
893 3637 991 3724 ll¹s,⁰
1013 3641 1205 3700 differentiam
1221 3642 1250 3698 in
1267 3638 1375 3700 circulo
1389 3657 1498 3717 magno

141 3731 250 3791 iaciunt
267 3724 326 3788 ‘26⁰
348 3735 378 3787 et
400 3731 543 3807 imperant
565 3736 674 3789 certum
698 3731 726 3787 in
749 3729 874 3806 sphaera
893 3728 1031 3789 circulum
1048 3745 1194 3805 magnum,
1218 3729 1246 3785 in
1271 3728 1355 3803 cujus
1378 3728 1498 3805 planum

141 3835 328 3895 nequaqnam
352 3815 483 3875 incidunt
506 3816 592 3876 simul
608 3816 734 3876 Huenna
757 3825 785 3875 et
810 3815 981 3888 Gbrlicium,
1005 3819 1112 3893 quippe
1137 3815 1232 3876 eidem
1255 3817 1314 3876 tere
1337 3814 1498 3876 meridiano

139 3905 277 3983 subjecta
297 3903 373 3964 loca

249 4012 297 4069 10.
333 4008 434 4070 Posito
458 4016 565 4081 tamen,
589 4008 667 4084 quod
691 4012 749 4068 sint
772 4008 831 4068 duo
854 4009 919 4068 loca
942 4009 1049 4069 Terrae
1073 4011 1101 4067 in
1125 4007 1228 4068 eodem
1252 4007 1340 4085 plano
1364 4006 1497 4067 cumbis

139 4099 256 4158 duobus
278 4098 353 4157 locis
378 4103 518 4166 cometae,
543 4094 682 4155 distantia
705 4099 734 4154 in
751 4096 858 4156 circulo
874 4113 981 4173 magno
999 4094 1034 4155 5⁰
1052 4097 1111 4169 14¹,
1135 4106 1276 4172 quantum
1295 4094 1404 4154 distant
1418 4092 1497 4153 Giir-

138 4188 239 4246 llcium
261 4181 305 4265 (a.
329 4204 358 4262 p.
383 4181 440 4243 50ο
455 4180 523 4263 40’)
547 4195 577 4243 ει
600 4180 814 4260 Uraniburgurn
837 4183 877 4264 (a.
900 4202 927 4261 p.
946 4180 1003 4243 55⁰
1020 4186 1083 4261 δι’)
1107 4184 1298 4259 differantqne
1320 4182 1349 4239 in
1373 4183 1409 4241 iis
1430 4180 1497 4243 loca
1589 4230 1592 4235 .

139 4279 272 4335 comune
295 4274 361 4330 visa
383 4289 434 4349 per
457 4270 529 4329 26⁰:
560 4271 642 4330 lubet
664 4274 824 4348 inquirerc,
856 4279 996 4347 quantum
1020 4288 1038 4331 a
1061 4272 1167 4332 Terrae
1191 4271 1343 4346 superficie
1366 4269 1497 4329 elevetur

136 4361 364 4441 pnrmomenon
386 4358 453 4431 tale,
478 4361 503 4417 si
526 4358 748 4434 phaenomenon
772 4359 855 4417 alteri
879 4359 944 4418 loco
967 4363 995 4416 in
1015 4360 1167 4419 horizonte
1182 4359 1277 4417 visum
1292 4357 1387 4432 tirerit,
1412 4355 1497 4417 alteri

138 4446 198 4508 26ο
220 4447 329 4521 altum,
353 4444 383 4504 id
406 4453 450 4505 cst
472 4448 496 4504 si
519 4446 639 4523 planum
662 4464 714 4522 por
737 4455 865 4507 centrum
888 4446 995 4507 Terrae
1019 4449 1173 4508 transierit.
1218 4443 1358 4521 Operatio
1381 4451 1426 4505 est
1447 4445 1496 4507 hie

136 4535 282 4612 subjecta.
