<?xml version="1.0" encoding="UTF-8"?>
<!DOCTYPE html PUBLIC "-//W3C//DTD XHTML 1.0 Transitional//EN"
    "http://www.w3.org/TR/xhtml1/DTD/xhtml1-transitional.dtd">
<html xmlns="http://www.w3.org/1999/xhtml" xml:lang="en" lang="en">
 <head>
  <title>
</title>
<meta http-equiv="Content-Type" content="text/html;charset=utf-8" />
  <meta name='ocr-system' content='tesseract 3.04.00' />
  <meta name='ocr-capabilities' content='ocr_page ocr_carea ocr_par ocr_line ocrx_word'/>
</head>
<body>
  <div class='ocr_page' id='page_1' title='image "./joanniskepleria07frisgoog/joanniskepleria07frisgoog_0152.png"; bbox 0 0 3284 5520; ppageno 0'>
   <div class='ocr_carea' id='block_1_1' title="bbox 436 315 1447 394">
    <p class='ocr_par' dir='ltr' id='par_1_1' title="bbox 436 315 1447 394">
     <span class='ocr_line' id='line_1_1' title="bbox 436 315 1447 394; baseline 0.021 -20"><span class='ocrx_word' id='word_1_1' title='bbox 436 315 498 375; x_wconf 77' lang='lat' dir='ltr'><strong>Lib.</strong></span> <span class='ocrx_word' id='word_1_2' title='bbox 516 317 566 375; x_wconf 87' lang='lat'>111.</span> <span class='ocrx_word' id='word_1_3' title='bbox 602 316 645 377; x_wconf 84' lang='lat' dir='ltr'><strong>bs</strong></span> <span class='ocrx_word' id='word_1_4' title='bbox 662 316 906 393; x_wconf 71' lang='lat' dir='ltr'><strong>daemomonem</strong></span> <span class='ocrx_word' id='word_1_5' title='bbox 924 328 1099 380; x_wconf 80' lang='lat' dir='ltr'><strong>mnenmn.</strong></span> <span class='ocrx_word' id='word_1_6' title='bbox 1381 326 1447 394; x_wconf 79' lang='lat' dir='ltr'><strong>tib</strong></span> 
     </span>
    </p>
   </div>
   <div class='ocr_carea' id='block_1_2' title="bbox 82 494 1444 582">
    <p class='ocr_par' dir='ltr' id='par_1_2' title="bbox 82 494 1444 582">
     <span class='ocr_line' id='line_1_2' title="bbox 82 494 1444 582; baseline 0.004 -24"><span class='ocrx_word' id='word_1_7' title='bbox 82 494 308 576; x_wconf 59' lang='lat' dir='ltr'><strong>Qualem.</strong></span> <span class='ocrx_word' id='word_1_8' title='bbox 352 497 459 577; x_wconf 77' lang='lat' dir='ltr'><strong>Itaque</strong></span> <span class='ocrx_word' id='word_1_9' title='bbox 487 500 599 562; x_wconf 68' lang='lat' dir='ltr'><strong>ensem</strong></span> <span class='ocrx_word' id='word_1_10' title='bbox 628 508 742 582; x_wconf 89' lang='lat' dir='ltr'><strong>septem</strong></span> <span class='ocrx_word' id='word_1_11' title='bbox 767 502 854 563; x_wconf 88' lang='lat' dir='ltr'><strong>annis</strong></span> <span class='ocrx_word' id='word_1_12' title='bbox 883 501 922 562; x_wconf 84' lang='lat' dir='ltr'><strong>ab</strong></span> <span class='ocrx_word' id='word_1_13' title='bbox 951 502 1116 578; x_wconf 79' lang='lat' dir='ltr'><strong>interregno</strong></span> <span class='ocrx_word' id='word_1_14' title='bbox 1134 498 1318 577; x_wconf 78' lang='lat' dir='ltr'><strong>¹Germaniae</strong></span> <span class='ocrx_word' id='word_1_15' title='bbox 1340 505 1444 581; x_wconf 87' lang='lat' dir='ltr'><strong>priore,</strong></span> 
     </span>
    </p>
   </div>
   <div class='ocr_carea' id='block_1_3' title="bbox 80 582 1446 4857">
    <p class='ocr_par' dir='ltr' id='par_1_3' title="bbox 82 582 1446 1192">
     <span class='ocr_line' id='line_1_3' title="bbox 83 582 1446 667; baseline 0.006 -24"><span class='ocrx_word' id='word_1_16' title='bbox 83 598 165 645; x_wconf 76' lang='lat' dir='ltr'><strong>nuuc</strong></span> <span class='ocrx_word' id='word_1_17' title='bbox 194 582 321 646; x_wconf 85' lang='lat' dir='ltr'><strong>aiterum</strong></span> <span class='ocrx_word' id='word_1_18' title='bbox 348 586 465 662; x_wconf 79' lang='lat' dir='ltr'><strong>lucidlt3</strong></span> <span class='ocrx_word' id='word_1_19' title='bbox 507 591 537 647; x_wconf 92' lang='lat' dir='ltr'><strong>in</strong></span> <span class='ocrx_word' id='word_1_20' title='bbox 567 591 664 666; x_wconf 80' lang='lat' dir='ltr'><strong>regnis</strong></span> <span class='ocrx_word' id='word_1_21' title='bbox 690 606 761 652; x_wconf 85' lang='lat' dir='ltr'><strong>vero</strong></span> <span class='ocrx_word' id='word_1_22' title='bbox 787 589 959 665; x_wconf 83' lang='lat' dir='ltr'><strong>Hungarias</strong></span> <span class='ocrx_word' id='word_1_23' title='bbox 989 597 1020 650; x_wconf 88' lang='lat' dir='ltr'><strong>et</strong></span> <span class='ocrx_word' id='word_1_24' title='bbox 1047 589 1209 651; x_wconf 85' lang='lat' dir='ltr'><strong>Bobemiae</strong></span> <span class='ocrx_word' id='word_1_25' title='bbox 1238 589 1375 667; x_wconf 90' lang='lat' dir='ltr'><strong>belloque</strong></span> <span class='ocrx_word' id='word_1_26' title='bbox 1403 593 1446 651; x_wconf 92' lang='lat' dir='ltr'><strong>ibi</strong></span> 
     </span>
     <span class='ocr_line' id='line_1_4' title="bbox 83 673 1445 752; baseline 0.004 -19"><span class='ocrx_word' id='word_1_27' title='bbox 83 678 150 733; x_wconf 80' lang='lat' dir='ltr'><strong>oric</strong></span> <span class='ocrx_word' id='word_1_28' title='bbox 182 686 383 735; x_wconf 67' lang='lat' dir='ltr'><strong>umorem</strong></span> <span class='ocrx_word' id='word_1_29' title='bbox 408 673 499 735; x_wconf 81' lang='lat' dir='ltr'><strong>babet</strong></span> <span class='ocrx_word' id='word_1_30' title='bbox 527 675 672 738; x_wconf 84' lang='lat' dir='ltr'><strong>Matthias</strong></span> <span class='ocrx_word' id='word_1_31' title='bbox 700 676 933 751; x_wconf 79' lang='lat' dir='ltr'><strong>Fordinandum,</strong></span> <span class='ocrx_word' id='word_1_32' title='bbox 966 676 1080 752; x_wconf 82' lang='lat' dir='ltr'><strong>caron,</strong></span> <span class='ocrx_word' id='word_1_33' title='bbox 1111 678 1238 738; x_wconf 89' lang='lat' dir='ltr'><strong>filiorum</strong></span> <span class='ocrx_word' id='word_1_34' title='bbox 1265 678 1445 739; x_wconf 81' lang='lat' dir='ltr'><strong>Ferdiuaudi</strong></span> 
     </span>
     <span class='ocr_line' id='line_1_5' title="bbox 84 760 1444 849; baseline 0.005 -30"><span class='ocrx_word' id='word_1_35' title='bbox 84 760 160 837; x_wconf 87' lang='lat' dir='ltr'><strong>imp.</strong></span> <span class='ocrx_word' id='word_1_36' title='bbox 183 766 257 820; x_wconf 88' lang='lat' dir='ltr'><strong>natu</strong></span> <span class='ocrx_word' id='word_1_37' title='bbox 277 762 407 836; x_wconf 79' lang='lat' dir='ltr'><strong>minimi,</strong></span> <span class='ocrx_word' id='word_1_38' title='bbox 440 764 683 840; x_wconf 76' lang='lat' dir='ltr'><strong>primogenitum,</strong></span> <span class='ocrx_word' id='word_1_39' title='bbox 715 764 849 843; x_wconf 75' lang='lat' dir='ltr'><strong>Scyrias,</strong></span> <span class='ocrx_word' id='word_1_40' title='bbox 881 762 1065 849; x_wconf 78' lang='lat' dir='ltr'><strong>carinthiae,</strong></span> <span class='ocrx_word' id='word_1_41' title='bbox 1102 764 1258 825; x_wconf 78' lang='lat' dir='ltr'><strong>carniolae</strong></span> <span class='ocrx_word' id='word_1_42' title='bbox 1281 764 1444 843; x_wconf 89' lang='lat' dir='ltr'><strong>dominum,</strong></span> 
     </span>
     <span class='ocr_line' id='line_1_6' title="bbox 83 847 1443 930; baseline 0.007 -24"><span class='ocrx_word' id='word_1_43' title='bbox 83 849 135 924; x_wconf 88' lang='lat' dir='ltr'><strong>qui</strong></span> <span class='ocrx_word' id='word_1_44' title='bbox 157 847 249 908; x_wconf 89' lang='lat' dir='ltr'><strong>etiam</strong></span> <span class='ocrx_word' id='word_1_45' title='bbox 270 850 334 928; x_wconf 91' lang='lat' dir='ltr'><strong>spei</strong></span> <span class='ocrx_word' id='word_1_46' title='bbox 357 851 553 911; x_wconf 83' lang='lat' dir='ltr'><strong>successionis</strong></span> <span class='ocrx_word' id='word_1_47' title='bbox 574 853 604 910; x_wconf 89' lang='lat' dir='ltr'><strong>in</strong></span> <span class='ocrx_word' id='word_1_48' title='bbox 629 853 749 914; x_wconf 80' lang='lat' dir='ltr'><strong>Auerna</strong></span> <span class='ocrx_word' id='word_1_49' title='bbox 768 853 902 928; x_wconf 85' lang='lat' dir='ltr'><strong>proxime</strong></span> <span class='ocrx_word' id='word_1_50' title='bbox 922 851 1059 913; x_wconf 87' lang='lat' dir='ltr'><strong>admotus</strong></span> <span class='ocrx_word' id='word_1_51' title='bbox 1076 852 1144 928; x_wconf 89' lang='lat' dir='ltr'><strong>jure</strong></span> <span class='ocrx_word' id='word_1_52' title='bbox 1170 853 1270 930; x_wconf 75' lang='lat' dir='ltr'><strong>stirpis</strong></span> <span class='ocrx_word' id='word_1_53' title='bbox 1291 852 1443 914; x_wconf 78' lang='lat' dir='ltr'><strong>mmculae</strong></span> 
     </span>
     <span class='ocr_line' id='line_1_7' title="bbox 82 935 1442 1017; baseline 0.007 -24"><span class='ocrx_word' id='word_1_54' title='bbox 82 935 154 1008; x_wconf 83' lang='lat' dir='ltr'><strong>mit,</strong></span> <span class='ocrx_word' id='word_1_55' title='bbox 186 941 222 994; x_wconf 88' lang='lat' dir='ltr'><strong>ut</strong></span> <span class='ocrx_word' id='word_1_56' title='bbox 249 936 294 997; x_wconf 88' lang='lat' dir='ltr'><strong>sic</strong></span> <span class='ocrx_word' id='word_1_57' title='bbox 320 952 417 997; x_wconf 86' lang='lat' dir='ltr'><strong>rerum</strong></span> <span class='ocrx_word' id='word_1_58' title='bbox 443 951 560 999; x_wconf 84' lang='lat' dir='ltr'><strong>summa</strong></span> <span class='ocrx_word' id='word_1_59' title='bbox 587 937 714 1017; x_wconf 88' lang='lat' dir='ltr'><strong>denique</strong></span> <span class='ocrx_word' id='word_1_60' title='bbox 737 941 767 998; x_wconf 91' lang='lat' dir='ltr'><strong>in</strong></span> <span class='ocrx_word' id='word_1_61' title='bbox 790 937 889 999; x_wconf 80' lang='lat' dir='ltr'><strong>Caroli</strong></span> <span class='ocrx_word' id='word_1_62' title='bbox 918 946 990 999; x_wconf 89' lang='lat' dir='ltr'><strong>natu</strong></span> <span class='ocrx_word' id='word_1_63' title='bbox 1019 941 1133 999; x_wconf 87' lang='lat' dir='ltr'><strong>minimi</strong></span> <span class='ocrx_word' id='word_1_64' title='bbox 1153 942 1291 1016; x_wconf 90' lang='lat' dir='ltr'><strong>stirpem,</strong></span> <span class='ocrx_word' id='word_1_65' title='bbox 1320 946 1378 1002; x_wconf 89' lang='lat' dir='ltr'><strong>tres</strong></span> <span class='ocrx_word' id='word_1_66' title='bbox 1400 959 1442 1003; x_wconf 91' lang='lat' dir='ltr'><strong>sc.</strong></span> 
     </span>
     <span class='ocr_line' id='line_1_8' title="bbox 82 1021 1442 1104; baseline 0.004 -22"><span class='ocrx_word' id='word_1_67' title='bbox 82 1021 202 1097; x_wconf 68' lang='lat' dir='ltr'><strong>huss,</strong></span> <span class='ocrx_word' id='word_1_68' title='bbox 234 1030 304 1099; x_wconf 88' lang='lat' dir='ltr'><strong>post</strong></span> <span class='ocrx_word' id='word_1_69' title='bbox 330 1025 417 1084; x_wconf 76' lang='lat' dir='ltr'><strong>mium</strong></span> <span class='ocrx_word' id='word_1_70' title='bbox 446 1040 590 1086; x_wconf 74' lang='lat' dir='ltr'><strong>annonem</strong></span> <span class='ocrx_word' id='word_1_71' title='bbox 616 1034 747 1088; x_wconf 90' lang='lat' dir='ltr'><strong>cometas</strong></span> <span class='ocrx_word' id='word_1_72' title='bbox 773 1028 889 1102; x_wconf 76' lang='lat' dir='ltr'><strong>genitos</strong></span> <span class='ocrx_word' id='word_1_73' title='bbox 919 1034 1039 1104; x_wconf 77' lang='lat' dir='ltr'><strong>vergat,</strong></span> <span class='ocrx_word' id='word_1_74' title='bbox 1074 1025 1278 1088; x_wconf 84' lang='lat' dir='ltr'><strong>deficientibus</strong></span> <span class='ocrx_word' id='word_1_75' title='bbox 1299 1028 1442 1104; x_wconf 86' lang='lat' dir='ltr'><strong>paulatim</strong></span> 
     </span>
     <span class='ocr_line' id='line_1_9' title="bbox 84 1108 641 1192; baseline 0.009 -23"><span class='ocrx_word' id='word_1_76' title='bbox 84 1108 211 1170; x_wconf 80' lang='lat' dir='ltr'><strong>duorum</strong></span> <span class='ocrx_word' id='word_1_77' title='bbox 231 1118 305 1171; x_wconf 87' lang='lat' dir='ltr'><strong>natu</strong></span> <span class='ocrx_word' id='word_1_78' title='bbox 325 1112 471 1188; x_wconf 85' lang='lat' dir='ltr'><strong>majorum</strong></span> <span class='ocrx_word' id='word_1_79' title='bbox 492 1114 641 1192; x_wconf 72' lang='lat' dir='ltr'><strong>stirpibus.</strong></span> 
     </span>
    </p>

    <p class='ocr_par' dir='ltr' id='par_1_4' title="bbox 81 1196 1443 2323">
     <span class='ocr_line' id='line_1_10' title="bbox 184 1196 1443 1278; baseline 0.006 -20"><span class='ocrx_word' id='word_1_80' title='bbox 184 1196 265 1258; x_wconf 81' lang='lat' dir='ltr'><strong>-Gum</strong></span> <span class='ocrx_word' id='word_1_81' title='bbox 286 1199 375 1275; x_wconf 75' lang='lat' dir='ltr'><strong>igion</strong></span> <span class='ocrx_word' id='word_1_82' title='bbox 387 1198 551 1278; x_wconf 71' lang='lat' dir='ltr'><strong>Imperator</strong></span> <span class='ocrx_word' id='word_1_83' title='bbox 565 1201 716 1272; x_wconf 78' lang='lat' dir='ltr'><strong>Matthias,</strong></span> <span class='ocrx_word' id='word_1_84' title='bbox 739 1200 957 1262; x_wconf 86' lang='lat' dir='ltr'><strong>sacratissimae</strong></span> <span class='ocrx_word' id='word_1_85' title='bbox 970 1201 1138 1276; x_wconf 89' lang='lat' dir='ltr'><strong>memoriae,</strong></span> <span class='ocrx_word' id='word_1_86' title='bbox 1162 1207 1249 1261; x_wconf 89' lang='lat' dir='ltr'><strong>natus</strong></span> <span class='ocrx_word' id='word_1_87' title='bbox 1270 1202 1310 1260; x_wconf 88' lang='lat' dir='ltr'><strong>sit</strong></span> <span class='ocrx_word' id='word_1_88' title='bbox 1331 1203 1443 1265; x_wconf 88' lang='lat' dir='ltr'><strong>oriente</strong></span> 
     </span>
     <span class='ocr_line' id='line_1_11' title="bbox 83 1284 1442 1365; baseline 0.002 -19"><span class='ocrx_word' id='word_1_89' title='bbox 83 1284 261 1362; x_wconf 86' lang='lat' dir='ltr'><strong>Scorpione,</strong></span> <span class='ocrx_word' id='word_1_90' title='bbox 294 1301 362 1346; x_wconf 85' lang='lat' dir='ltr'><strong>aum</strong></span> <span class='ocrx_word' id='word_1_91' title='bbox 389 1303 425 1347; x_wconf 85' lang='lat' dir='ltr'><strong>cx</strong></span> <span class='ocrx_word' id='word_1_92' title='bbox 455 1289 605 1365; x_wconf 88' lang='lat' dir='ltr'><strong>ipsissimo</strong></span> <span class='ocrx_word' id='word_1_93' title='bbox 634 1288 685 1348; x_wconf 95' lang='lat' dir='ltr'><strong>lllo</strong></span> <span class='ocrx_word' id='word_1_94' title='bbox 714 1287 781 1349; x_wconf 93' lang='lat' dir='ltr'><strong>loco</strong></span> <span class='ocrx_word' id='word_1_95' title='bbox 810 1286 951 1365; x_wconf 87' lang='lat' dir='ltr'><strong>prodierit</strong></span> <span class='ocrx_word' id='word_1_96' title='bbox 980 1296 1109 1360; x_wconf 85' lang='lat' dir='ltr'><strong>cometa,</strong></span> <span class='ocrx_word' id='word_1_97' title='bbox 1144 1305 1180 1348; x_wconf 88' lang='lat' dir='ltr'><strong>ex</strong></span> <span class='ocrx_word' id='word_1_98' title='bbox 1202 1288 1323 1348; x_wconf 86' lang='lat' dir='ltr'><strong>australi</strong></span> <span class='ocrx_word' id='word_1_99' title='bbox 1346 1289 1442 1349; x_wconf 88' lang='lat' dir='ltr'><strong>iaetus</strong></span> 
     </span>
     <span class='ocr_line' id='line_1_12' title="bbox 83 1371 1441 1453; baseline 0.003 -21"><span class='ocrx_word' id='word_1_100' title='bbox 83 1371 231 1446; x_wconf 87' lang='lat' dir='ltr'><strong>borealis,</strong></span> <span class='ocrx_word' id='word_1_101' title='bbox 261 1376 449 1434; x_wconf 70' lang='lat' dir='ltr'><strong>amussim</strong></span> <span class='ocrx_word' id='word_1_102' title='bbox 479 1375 591 1437; x_wconf 88' lang='lat' dir='ltr'><strong>scilicet</strong></span> <span class='ocrx_word' id='word_1_103' title='bbox 618 1377 648 1434; x_wconf 89' lang='lat' dir='ltr'><strong>in</strong></span> <span class='ocrx_word' id='word_1_104' title='bbox 678 1375 843 1453; x_wconf 86' lang='lat' dir='ltr'><strong>eclipticam</strong></span> <span class='ocrx_word' id='word_1_105' title='bbox 872 1377 1021 1436; x_wconf 87' lang='lat' dir='ltr'><strong>incurrens</strong></span> <span class='ocrx_word' id='word_1_106' title='bbox 1051 1384 1081 1437; x_wconf 89' lang='lat' dir='ltr'><strong>et</strong></span> <span class='ocrx_word' id='word_1_107' title='bbox 1111 1374 1168 1436; x_wconf 90' lang='lat' dir='ltr'><strong>hoo</strong></span> <span class='ocrx_word' id='word_1_108' title='bbox 1197 1374 1277 1434; x_wconf 88' lang='lat' dir='ltr'><strong>iilum</strong></span> <span class='ocrx_word' id='word_1_109' title='bbox 1306 1376 1441 1436; x_wconf 87' lang='lat' dir='ltr'><strong>naturale</strong></span> 
     </span>
     <span class='ocr_line' id='line_1_13' title="bbox 84 1459 1443 1543; baseline 0.003 -24"><span class='ocrx_word' id='word_1_110' title='bbox 84 1461 167 1520; x_wconf 84' lang='lat' dir='ltr'><strong>ritae</strong></span> <span class='ocrx_word' id='word_1_111' title='bbox 195 1461 378 1521; x_wconf 80' lang='lat' dir='ltr'><strong>armantem</strong></span> <span class='ocrx_word' id='word_1_112' title='bbox 407 1459 538 1543; x_wconf 87' lang='lat' dir='ltr'><strong>(propter</strong></span> <span class='ocrx_word' id='word_1_113' title='bbox 560 1462 639 1524; x_wconf 83' lang='lat' dir='ltr'><strong>Solis</strong></span> <span class='ocrx_word' id='word_1_114' title='bbox 665 1465 695 1522; x_wconf 90' lang='lat' dir='ltr'><strong>iu</strong></span> <span class='ocrx_word' id='word_1_115' title='bbox 718 1479 754 1524; x_wconf 92' lang='lat' dir='ltr'><strong>eo</strong></span> <span class='ocrx_word' id='word_1_116' title='bbox 776 1459 1041 1541; x_wconf 84' lang='lat' dir='ltr'><strong>conversationem)</strong></span> <span class='ocrx_word' id='word_1_117' title='bbox 1068 1461 1161 1523; x_wconf 86' lang='lat' dir='ltr'><strong>veluti</strong></span> <span class='ocrx_word' id='word_1_118' title='bbox 1191 1479 1310 1538; x_wconf 85' lang='lat' dir='ltr'><strong>secans,</strong></span> <span class='ocrx_word' id='word_1_119' title='bbox 1344 1465 1443 1539; x_wconf 89' lang='lat' dir='ltr'><strong>potuit</strong></span> 
     </span>
     <span class='ocr_line' id='line_1_14' title="bbox 83 1546 1441 1630; baseline 0.002 -24"><span class='ocrx_word' id='word_1_120' title='bbox 83 1562 118 1606; x_wconf 80' lang='lat' dir='ltr'><strong>ex</strong></span> <span class='ocrx_word' id='word_1_121' title='bbox 150 1546 339 1625; x_wconf 72' lang='lat' dir='ltr'><strong>astrologicis</strong></span> <span class='ocrx_word' id='word_1_122' title='bbox 370 1550 521 1627; x_wconf 82' lang='lat' dir='ltr'><strong>principiis</strong></span> <span class='ocrx_word' id='word_1_123' title='bbox 550 1550 744 1629; x_wconf 87' lang='lat' dir='ltr'><strong>probabiliter</strong></span> <span class='ocrx_word' id='word_1_124' title='bbox 764 1567 783 1610; x_wconf 89' lang='lat' dir='ltr'><strong>a</strong></span> <span class='ocrx_word' id='word_1_125' title='bbox 803 1566 852 1610; x_wconf 90' lang='lat' dir='ltr'><strong>mo</strong></span> <span class='ocrx_word' id='word_1_126' title='bbox 878 1549 1007 1625; x_wconf 86' lang='lat' dir='ltr'><strong>praedici</strong></span> <span class='ocrx_word' id='word_1_127' title='bbox 1029 1547 1125 1630; x_wconf 82' lang='lat' dir='ltr'><strong>(norit</strong></span> <span class='ocrx_word' id='word_1_128' title='bbox 1153 1552 1197 1622; x_wconf 91' lang='lat' dir='ltr'><strong>is,</strong></span> <span class='ocrx_word' id='word_1_129' title='bbox 1226 1548 1266 1608; x_wconf 88' lang='lat' dir='ltr'><strong>ad</strong></span> <span class='ocrx_word' id='word_1_130' title='bbox 1294 1568 1382 1625; x_wconf 89' lang='lat' dir='ltr'><strong>quem</strong></span> <span class='ocrx_word' id='word_1_131' title='bbox 1411 1549 1441 1609; x_wconf 95' lang='lat' dir='ltr'><strong>id</strong></span> 
     </span>
     <span class='ocr_line' id='line_1_15' title="bbox 83 1632 1440 1715; baseline 0.001 -21"><span class='ocrx_word' id='word_1_132' title='bbox 83 1634 251 1711; x_wconf 87' lang='lat' dir='ltr'><strong>pertinebat</strong></span> <span class='ocrx_word' id='word_1_133' title='bbox 271 1632 373 1715; x_wconf 84' lang='lat' dir='ltr'><strong>nosse)</strong></span> <span class='ocrx_word' id='word_1_134' title='bbox 393 1635 535 1697; x_wconf 81' lang='lat' dir='ltr'><strong>Matthias</strong></span> <span class='ocrx_word' id='word_1_135' title='bbox 566 1640 737 1714; x_wconf 87' lang='lat' dir='ltr'><strong>imperator,</strong></span> <span class='ocrx_word' id='word_1_136' title='bbox 769 1636 821 1697; x_wconf 89' lang='lat' dir='ltr'><strong>ilia</strong></span> <span class='ocrx_word' id='word_1_137' title='bbox 849 1654 976 1715; x_wconf 81' lang='lat' dir='ltr'><strong>persona</strong></span> <span class='ocrx_word' id='word_1_138' title='bbox 998 1636 1127 1710; x_wconf 87' lang='lat' dir='ltr'><strong>scilicet,</strong></span> <span class='ocrx_word' id='word_1_139' title='bbox 1160 1654 1249 1712; x_wconf 88' lang='lat' dir='ltr'><strong>quam</strong></span> <span class='ocrx_word' id='word_1_140' title='bbox 1270 1655 1362 1715; x_wconf 87' lang='lat' dir='ltr'><strong>penos</strong></span> <span class='ocrx_word' id='word_1_141' title='bbox 1384 1655 1440 1697; x_wconf 89' lang='lat' dir='ltr'><strong>nos</strong></span> 
     </span>
     <span class='ocr_line' id='line_1_16' title="bbox 82 1719 1440 1800; baseline 0.002 -20"><span class='ocrx_word' id='word_1_142' title='bbox 82 1724 215 1797; x_wconf 73' lang='lat' dir='ltr'><strong>egomet</strong></span> <span class='ocrx_word' id='word_1_143' title='bbox 243 1730 358 1782; x_wconf 88' lang='lat' dir='ltr'><strong>cometa</strong></span> <span class='ocrx_word' id='word_1_144' title='bbox 386 1719 434 1800; x_wconf 77' lang='lat'><strong>¹⁰).</strong></span> <span class='ocrx_word' id='word_1_145' title='bbox 479 1725 525 1783; x_wconf 75' lang='lat' dir='ltr'><strong>An</strong></span> <span class='ocrx_word' id='word_1_146' title='bbox 555 1742 626 1786; x_wconf 84' lang='lat' dir='ltr'><strong>vero</strong></span> <span class='ocrx_word' id='word_1_147' title='bbox 653 1725 811 1785; x_wconf 88' lang='lat' dir='ltr'><strong>moriturus</strong></span> <span class='ocrx_word' id='word_1_148' title='bbox 833 1734 924 1799; x_wconf 73' lang='lat' dir='ltr'><strong>mser,</strong></span> <span class='ocrx_word' id='word_1_149' title='bbox 959 1726 1014 1784; x_wconf 88' lang='lat' dir='ltr'><strong>etsi</strong></span> <span class='ocrx_word' id='word_1_150' title='bbox 1036 1741 1095 1784; x_wconf 91' lang='lat' dir='ltr'><strong>non</strong></span> <span class='ocrx_word' id='word_1_151' title='bbox 1117 1723 1281 1800; x_wconf 88' lang='lat' dir='ltr'><strong>apodictico</strong></span> <span class='ocrx_word' id='word_1_152' title='bbox 1305 1723 1440 1784; x_wconf 88' lang='lat' dir='ltr'><strong>concludi</strong></span> 
     </span>
     <span class='ocr_line' id='line_1_17' title="bbox 83 1810 1439 1887; baseline 0.002 -19"><span class='ocrx_word' id='word_1_153' title='bbox 83 1826 117 1868; x_wconf 83' lang='lat' dir='ltr'><strong>ex</strong></span> <span class='ocrx_word' id='word_1_154' title='bbox 140 1816 260 1870; x_wconf 87' lang='lat' dir='ltr'><strong>cometa</strong></span> <span class='ocrx_word' id='word_1_155' title='bbox 274 1812 380 1887; x_wconf 89' lang='lat' dir='ltr'><strong>potuit,</strong></span> <span class='ocrx_word' id='word_1_156' title='bbox 404 1812 596 1873; x_wconf 79' lang='lat' dir='ltr'><strong>concurrebat</strong></span> <span class='ocrx_word' id='word_1_157' title='bbox 609 1819 707 1872; x_wconf 89' lang='lat' dir='ltr'><strong>tamen</strong></span> <span class='ocrx_word' id='word_1_158' title='bbox 731 1810 862 1871; x_wconf 86' lang='lat' dir='ltr'><strong>invalida</strong></span> <span class='ocrx_word' id='word_1_159' title='bbox 876 1819 1012 1871; x_wconf 90' lang='lat' dir='ltr'><strong>senectus</strong></span> <span class='ocrx_word' id='word_1_160' title='bbox 1029 1819 1058 1871; x_wconf 92' lang='lat' dir='ltr'><strong>et</strong></span> <span class='ocrx_word' id='word_1_161' title='bbox 1079 1812 1230 1870; x_wconf 90' lang='lat' dir='ltr'><strong>abiennio</strong></span> <span class='ocrx_word' id='word_1_162' title='bbox 1246 1811 1439 1871; x_wconf 83' lang='lat' dir='ltr'><strong>sillictissima</strong></span> 
     </span>
     <span class='ocr_line' id='line_1_18' title="bbox 83 1895 1438 1976; baseline 0.003 -21"><span class='ocrx_word' id='word_1_163' title='bbox 83 1895 234 1956; x_wconf 81' lang='lat' dir='ltr'><strong>valetudo.</strong></span> <span class='ocrx_word' id='word_1_164' title='bbox 279 1895 424 1974; x_wconf 79' lang='lat' dir='ltr'><strong>Adeoque</strong></span> <span class='ocrx_word' id='word_1_165' title='bbox 455 1914 515 1959; x_wconf 88' lang='lat' dir='ltr'><strong>non</strong></span> <span class='ocrx_word' id='word_1_166' title='bbox 545 1906 609 1959; x_wconf 88' lang='lat' dir='ltr'><strong>erat</strong></span> <span class='ocrx_word' id='word_1_167' title='bbox 638 1914 713 1976; x_wconf 88' lang='lat' dir='ltr'><strong>opus</strong></span> <span class='ocrx_word' id='word_1_168' title='bbox 728 1907 857 1971; x_wconf 49' lang='lat' dir='ltr'><strong>,cometa</strong></span> <span class='ocrx_word' id='word_1_169' title='bbox 886 1898 924 1958; x_wconf 89' lang='lat' dir='ltr'><strong>ed</strong></span> <span class='ocrx_word' id='word_1_170' title='bbox 953 1897 1249 1976; x_wconf 80' lang='lat' dir='ltr'><strong>praesignificandum</strong></span> <span class='ocrx_word' id='word_1_171' title='bbox 1279 1897 1326 1973; x_wconf 93' lang='lat' dir='ltr'><strong>ld,</strong></span> <span class='ocrx_word' id='word_1_172' title='bbox 1359 1899 1438 1974; x_wconf 88' lang='lat' dir='ltr'><strong>quod</strong></span> 
     </span>
     <span class='ocr_line' id='line_1_19' title="bbox 82 1983 1440 2063; baseline 0.003 -21"><span class='ocrx_word' id='word_1_173' title='bbox 82 1992 205 2043; x_wconf 75' lang='lat' dir='ltr'><strong>naturam</strong></span> <span class='ocrx_word' id='word_1_174' title='bbox 228 1983 345 2060; x_wconf 70' lang='lat' dir='ltr'><strong>legibus</strong></span> <span class='ocrx_word' id='word_1_175' title='bbox 367 1985 452 2046; x_wconf 85' lang='lat' dir='ltr'><strong>brevi</strong></span> <span class='ocrx_word' id='word_1_176' title='bbox 472 1987 601 2047; x_wconf 84' lang='lat' dir='ltr'><strong>intutum</strong></span> <span class='ocrx_word' id='word_1_177' title='bbox 623 1985 788 2063; x_wconf 82' lang='lat' dir='ltr'><strong>praevideri</strong></span> <span class='ocrx_word' id='word_1_178' title='bbox 811 1988 922 2063; x_wconf 91' lang='lat' dir='ltr'><strong>potuit,</strong></span> <span class='ocrx_word' id='word_1_179' title='bbox 955 1994 987 2047; x_wconf 88' lang='lat' dir='ltr'><strong>at</strong></span> <span class='ocrx_word' id='word_1_180' title='bbox 1007 1984 1047 2045; x_wconf 89' lang='lat' dir='ltr'><strong>ad</strong></span> <span class='ocrx_word' id='word_1_181' title='bbox 1069 2003 1119 2059; x_wconf 87' lang='lat' dir='ltr'><strong>ea,</strong></span> <span class='ocrx_word' id='word_1_182' title='bbox 1150 2002 1228 2062; x_wconf 85' lang='lat' dir='ltr'><strong>quae</strong></span> <span class='ocrx_word' id='word_1_183' title='bbox 1249 1987 1350 2046; x_wconf 90' lang='lat' dir='ltr'><strong>mortis</strong></span> <span class='ocrx_word' id='word_1_184' title='bbox 1374 1987 1440 2062; x_wconf 88' lang='lat' dir='ltr'><strong>ejus</strong></span> 
     </span>
     <span class='ocr_line' id='line_1_20' title="bbox 82 2069 1440 2154; baseline 0.001 -23"><span class='ocrx_word' id='word_1_185' title='bbox 82 2072 240 2131; x_wconf 76' lang='lat' dir='ltr'><strong>oemsione</strong></span> <span class='ocrx_word' id='word_1_186' title='bbox 262 2078 361 2132; x_wconf 77' lang='lat' dir='ltr'><strong>essem</strong></span> <span class='ocrx_word' id='word_1_187' title='bbox 381 2081 531 2148; x_wconf 83' lang='lat' dir='ltr'><strong>eventura,</strong></span> <span class='ocrx_word' id='word_1_188' title='bbox 553 2074 642 2152; x_wconf 87' lang='lat' dir='ltr'><strong>plane</strong></span> <span class='ocrx_word' id='word_1_189' title='bbox 661 2072 841 2152; x_wconf 88' lang='lat' dir='ltr'><strong>persuadeor</strong></span> <span class='ocrx_word' id='word_1_190' title='bbox 862 2089 917 2133; x_wconf 90' lang='lat' dir='ltr'><strong>nos</strong></span> <span class='ocrx_word' id='word_1_191' title='bbox 935 2080 1083 2134; x_wconf 86' lang='lat' dir='ltr'><strong>acumeta</strong></span> <span class='ocrx_word' id='word_1_192' title='bbox 1107 2076 1205 2133; x_wconf 84' lang='lat' dir='ltr'><strong>vocari</strong></span> <span class='ocrx_word' id='word_1_193' title='bbox 1227 2069 1270 2154; x_wconf 90' lang='lat' dir='ltr'><strong>(si</strong></span> <span class='ocrx_word' id='word_1_194' title='bbox 1283 2072 1323 2133; x_wconf 93' lang='lat' dir='ltr'><strong>ad</strong></span> <span class='ocrx_word' id='word_1_195' title='bbox 1346 2073 1440 2133; x_wconf 87' lang='lat' dir='ltr'><strong>ulium</strong></span> 
     </span>
     <span class='ocr_line' id='line_1_21' title="bbox 82 2157 1440 2241; baseline 0.001 -22"><span class='ocrx_word' id='word_1_196' title='bbox 82 2157 240 2235; x_wconf 73' lang='lat' dir='ltr'><strong>specialem</strong></span> <span class='ocrx_word' id='word_1_197' title='bbox 262 2167 400 2219; x_wconf 82' lang='lat' dir='ltr'><strong>eventum</strong></span> <span class='ocrx_word' id='word_1_198' title='bbox 422 2159 587 2241; x_wconf 83' lang='lat' dir='ltr'><strong>vocamur),</strong></span> <span class='ocrx_word' id='word_1_199' title='bbox 610 2169 644 2221; x_wconf 88' lang='lat' dir='ltr'><strong>ot</strong></span> <span class='ocrx_word' id='word_1_200' title='bbox 665 2176 702 2222; x_wconf 88' lang='lat' dir='ltr'><strong>ea</strong></span> <span class='ocrx_word' id='word_1_201' title='bbox 723 2162 925 2222; x_wconf 85' lang='lat' dir='ltr'><strong>attentissimis</strong></span> <span class='ocrx_word' id='word_1_202' title='bbox 947 2163 1053 2220; x_wconf 88' lang='lat' dir='ltr'><strong>animis</strong></span> <span class='ocrx_word' id='word_1_203' title='bbox 1075 2168 1106 2221; x_wconf 88' lang='lat' dir='ltr'><strong>et</strong></span> <span class='ocrx_word' id='word_1_204' title='bbox 1126 2160 1255 2220; x_wconf 88' lang='lat' dir='ltr'><strong>sollicita</strong></span> <span class='ocrx_word' id='word_1_205' title='bbox 1278 2177 1348 2221; x_wconf 90' lang='lat' dir='ltr'><strong>cura</strong></span> <span class='ocrx_word' id='word_1_206' title='bbox 1371 2178 1440 2237; x_wconf 88' lang='lat' dir='ltr'><strong>per·</strong></span> 
     </span>
     <span class='ocr_line' id='line_1_22' title="bbox 81 2245 253 2323; baseline 0.006 -17"><span class='ocrx_word' id='word_1_207' title='bbox 81 2245 253 2323; x_wconf 85' lang='lat' dir='ltr'><strong>pandamus.</strong></span> 
     </span>
    </p>

    <p class='ocr_par' dir='ltr' id='par_1_5' title="bbox 80 2331 1441 4857">
     <span class='ocr_line' id='line_1_23' title="bbox 183 2331 1441 2412; baseline 0.003 -21"><span class='ocrx_word' id='word_1_208' title='bbox 183 2332 314 2392; x_wconf 81' lang='lat' dir='ltr'><strong>Rursum</strong></span> <span class='ocrx_word' id='word_1_209' title='bbox 341 2334 434 2407; x_wconf 87' lang='lat' dir='ltr'><strong>enlm,</strong></span> <span class='ocrx_word' id='word_1_210' title='bbox 469 2334 548 2412; x_wconf 86' lang='lat' dir='ltr'><strong>quod</strong></span> <span class='ocrx_word' id='word_1_211' title='bbox 570 2333 773 2396; x_wconf 80' lang='lat' dir='ltr'><strong>Fsrdlnandus</strong></span> <span class='ocrx_word' id='word_1_212' title='bbox 801 2337 831 2392; x_wconf 88' lang='lat' dir='ltr'><strong>in</strong></span> <span class='ocrx_word' id='word_1_213' title='bbox 854 2331 985 2412; x_wconf 76' lang='lat' dir='ltr'><strong>Ungaria</strong></span> <span class='ocrx_word' id='word_1_214' title='bbox 1005 2341 1035 2394; x_wconf 92' lang='lat' dir='ltr'><strong>et</strong></span> <span class='ocrx_word' id='word_1_215' title='bbox 1057 2334 1200 2394; x_wconf 89' lang='lat' dir='ltr'><strong>Bohemia</strong></span> <span class='ocrx_word' id='word_1_216' title='bbox 1222 2334 1441 2411; x_wconf 87' lang='lat' dir='ltr'><strong>provinciisque</strong></span> 
     </span>
     <span class='ocr_line' id='line_1_24' title="bbox 83 2419 1441 2497; baseline 0.001 -18"><span class='ocrx_word' id='word_1_217' title='bbox 83 2421 223 2493; x_wconf 74' lang='lat' dir='ltr'><strong>annuis,</strong></span> <span class='ocrx_word' id='word_1_218' title='bbox 256 2419 337 2497; x_wconf 87' lang='lat' dir='ltr'><strong>quod</strong></span> <span class='ocrx_word' id='word_1_219' title='bbox 359 2421 501 2482; x_wconf 74' lang='lat' dir='ltr'><strong>tilbertus</strong></span> <span class='ocrx_word' id='word_1_220' title='bbox 527 2424 560 2480; x_wconf 90' lang='lat' dir='ltr'><strong>in</strong></span> <span class='ocrx_word' id='word_1_221' title='bbox 582 2423 702 2483; x_wconf 77' lang='lat' dir='ltr'><strong>Austris</strong></span> <span class='ocrx_word' id='word_1_222' title='bbox 732 2421 877 2492; x_wconf 85' lang='lat' dir='ltr'><strong>succedit,</strong></span> <span class='ocrx_word' id='word_1_223' title='bbox 910 2420 940 2480; x_wconf 94' lang='lat' dir='ltr'><strong>id</strong></span> <span class='ocrx_word' id='word_1_224' title='bbox 969 2421 1008 2481; x_wconf 89' lang='lat' dir='ltr'><strong>ed</strong></span> <span class='ocrx_word' id='word_1_225' title='bbox 1038 2430 1172 2482; x_wconf 87' lang='lat' dir='ltr'><strong>cometae</strong></span> <span class='ocrx_word' id='word_1_226' title='bbox 1193 2421 1359 2497; x_wconf 76' lang='lat' dir='ltr'><strong>significata</strong></span> <span class='ocrx_word' id='word_1_227' title='bbox 1381 2438 1441 2481; x_wconf 89' lang='lat' dir='ltr'><strong>non</strong></span> 
     </span>
     <span class='ocr_line' id='line_1_25' title="bbox 82 2508 1440 2586; baseline 0.001 -19"><span class='ocrx_word' id='word_1_228' title='bbox 82 2510 217 2585; x_wconf 75' lang='lat' dir='ltr'><strong>pertinet,</strong></span> <span class='ocrx_word' id='word_1_229' title='bbox 240 2510 314 2584; x_wconf 85' lang='lat' dir='ltr'><strong>quin</strong></span> <span class='ocrx_word' id='word_1_230' title='bbox 328 2510 427 2585; x_wconf 85' lang='lat' dir='ltr'><strong>potius</strong></span> <span class='ocrx_word' id='word_1_231' title='bbox 448 2509 489 2569; x_wconf 88' lang='lat' dir='ltr'><strong>ad</strong></span> <span class='ocrx_word' id='word_1_232' title='bbox 504 2509 735 2571; x_wconf 66' lang='lat' dir='ltr'><strong>incolumitatem</strong></span> <span class='ocrx_word' id='word_1_233' title='bbox 758 2510 848 2586; x_wconf 81' lang='lat' dir='ltr'><strong>hujus</strong></span> <span class='ocrx_word' id='word_1_234' title='bbox 869 2516 1014 2585; x_wconf 80' lang='lat' dir='ltr'><strong>angustae</strong></span> <span class='ocrx_word' id='word_1_235' title='bbox 1037 2508 1142 2568; x_wconf 63' lang='lat' dir='ltr'><strong>murus</strong></span> <span class='ocrx_word' id='word_1_236' title='bbox 1163 2510 1440 2585; x_wconf 84' lang='lat' dir='ltr'><strong>provinciarumque</strong></span> 
     </span>
     <span class='ocr_line' id='line_1_26' title="bbox 83 2594 1441 2674; baseline 0.001 -20"><span class='ocrx_word' id='word_1_237' title='bbox 83 2596 228 2669; x_wconf 66' lang='lat' dir='ltr'><strong>muru,</strong></span> <span class='ocrx_word' id='word_1_238' title='bbox 261 2606 358 2671; x_wconf 85' lang='lat' dir='ltr'><strong>eoque</strong></span> <span class='ocrx_word' id='word_1_239' title='bbox 382 2610 442 2655; x_wconf 91' lang='lat' dir='ltr'><strong>nou</strong></span> <span class='ocrx_word' id='word_1_240' title='bbox 469 2595 509 2657; x_wconf 82' lang='lat' dir='ltr'><strong>ad</strong></span> <span class='ocrx_word' id='word_1_241' title='bbox 535 2597 665 2674; x_wconf 83' lang='lat' dir='ltr'><strong>aliquam</strong></span> <span class='ocrx_word' id='word_1_242' title='bbox 692 2605 788 2658; x_wconf 77' lang='lat' dir='ltr'><strong>stabas</strong></span> <span class='ocrx_word' id='word_1_243' title='bbox 815 2598 1007 2656; x_wconf 85' lang='lat' dir='ltr'><strong>mutationem</strong></span> <span class='ocrx_word' id='word_1_244' title='bbox 1030 2603 1075 2656; x_wconf 89' lang='lat' dir='ltr'><strong>est</strong></span> <span class='ocrx_word' id='word_1_245' title='bbox 1097 2594 1280 2656; x_wconf 79' lang='lat' dir='ltr'><strong>referendum</strong></span> <span class='ocrx_word' id='word_1_246' title='bbox 1303 2598 1441 2673; x_wconf 83' lang='lat' dir='ltr'><strong>votisqrm</strong></span> 
     </span>
     <span class='ocr_line' id='line_1_27' title="bbox 83 2676 1439 2761; baseline 0.001 -19"><span class='ocrx_word' id='word_1_247' title='bbox 83 2685 179 2760; x_wconf 83' lang='lat' dir='ltr'><strong>pilea</strong></span> <span class='ocrx_word' id='word_1_248' title='bbox 201 2676 269 2742; x_wconf 87' lang='lat' dir='ltr'><strong>Deo</strong></span> <span class='ocrx_word' id='word_1_249' title='bbox 291 2681 459 2759; x_wconf 87' lang='lat' dir='ltr'><strong>petendum.</strong></span> <span class='ocrx_word' id='word_1_250' title='bbox 505 2683 546 2744; x_wconf 73' lang='lat' dir='ltr'><strong>At</strong></span> <span class='ocrx_word' id='word_1_251' title='bbox 567 2684 640 2745; x_wconf 91' lang='lat' dir='ltr'><strong>illud</strong></span> <span class='ocrx_word' id='word_1_252' title='bbox 662 2688 861 2761; x_wconf 80' lang='lat' dir='ltr'><strong>maximopere</strong></span> <span class='ocrx_word' id='word_1_253' title='bbox 883 2682 1058 2757; x_wconf 75' lang='lat' dir='ltr'><strong>emendum,</strong></span> <span class='ocrx_word' id='word_1_254' title='bbox 1088 2689 1204 2743; x_wconf 90' lang='lat' dir='ltr'><strong>cometa</strong></span> <span class='ocrx_word' id='word_1_255' title='bbox 1225 2690 1378 2757; x_wconf 88' lang='lat' dir='ltr'><strong>monente,</strong></span> <span class='ocrx_word' id='word_1_256' title='bbox 1401 2699 1439 2744; x_wconf 89' lang='lat' dir='ltr'><strong>ne</strong></span> 
     </span>
     <span class='ocr_line' id='line_1_28' title="bbox 83 2771 1441 2849; baseline 0 -18"><span class='ocrx_word' id='word_1_257' title='bbox 83 2771 284 2831; x_wconf 75' lang='lat' dir='ltr'><strong>noeessiones</strong></span> <span class='ocrx_word' id='word_1_258' title='bbox 313 2771 406 2844; x_wconf 85' lang='lat' dir='ltr'><strong>istae,</strong></span> <span class='ocrx_word' id='word_1_259' title='bbox 437 2784 561 2847; x_wconf 85' lang='lat' dir='ltr'><strong>quarum</strong></span> <span class='ocrx_word' id='word_1_260' title='bbox 595 2771 661 2832; x_wconf 86' lang='lat' dir='ltr'><strong>sola</strong></span> <span class='ocrx_word' id='word_1_261' title='bbox 692 2772 874 2848; x_wconf 86' lang='lat' dir='ltr'><strong>exspectatio</strong></span> <span class='ocrx_word' id='word_1_262' title='bbox 907 2787 1105 2849; x_wconf 88' lang='lat' dir='ltr'><strong>praepropera</strong></span> <span class='ocrx_word' id='word_1_263' title='bbox 1135 2771 1238 2829; x_wconf 86' lang='lat' dir='ltr'><strong>turbas</strong></span> <span class='ocrx_word' id='word_1_264' title='bbox 1271 2778 1441 2847; x_wconf 83' lang='lat' dir='ltr'><strong>praesentes</strong></span> 
     </span>
     <span class='ocr_line' id='line_1_29' title="bbox 83 2857 1440 2936; baseline -0.001 -18"><span class='ocrx_word' id='word_1_265' title='bbox 83 2857 206 2918; x_wconf 79' lang='lat' dir='ltr'><strong>diversis</strong></span> <span class='ocrx_word' id='word_1_266' title='bbox 228 2857 288 2916; x_wconf 81' lang='lat' dir='ltr'><strong>viis</strong></span> <span class='ocrx_word' id='word_1_267' title='bbox 308 2859 454 2918; x_wconf 79' lang='lat' dir='ltr'><strong>excitasse</strong></span> <span class='ocrx_word' id='word_1_268' title='bbox 470 2857 594 2933; x_wconf 86' lang='lat' dir='ltr'><strong>ridetur,</strong></span> <span class='ocrx_word' id='word_1_269' title='bbox 617 2875 683 2919; x_wconf 89' lang='lat' dir='ltr'><strong>cum</strong></span> <span class='ocrx_word' id='word_1_270' title='bbox 706 2859 792 2920; x_wconf 90' lang='lat' dir='ltr'><strong>bellis</strong></span> <span class='ocrx_word' id='word_1_271' title='bbox 815 2858 986 2936; x_wconf 88' lang='lat' dir='ltr'><strong>perniciosis</strong></span> <span class='ocrx_word' id='word_1_272' title='bbox 1008 2867 1038 2919; x_wconf 92' lang='lat' dir='ltr'><strong>et</strong></span> <span class='ocrx_word' id='word_1_273' title='bbox 1059 2859 1276 2935; x_wconf 81' lang='lat' dir='ltr'><strong>provinciarum</strong></span> <span class='ocrx_word' id='word_1_274' title='bbox 1300 2860 1440 2917; x_wconf 85' lang='lat' dir='ltr'><strong>restitute</strong></span> 
     </span>
     <span class='ocr_line' id='line_1_30' title="bbox 82 2943 1441 3023; baseline 0 -19"><span class='ocrx_word' id='word_1_275' title='bbox 82 2944 192 3021; x_wconf 83' lang='lat' dir='ltr'><strong>majore</strong></span> <span class='ocrx_word' id='word_1_276' title='bbox 215 2960 306 3021; x_wconf 81' lang='lat' dir='ltr'><strong>quam</strong></span> <span class='ocrx_word' id='word_1_277' title='bbox 328 2944 470 3005; x_wconf 89' lang='lat' dir='ltr'><strong>bactenus</strong></span> <span class='ocrx_word' id='word_1_278' title='bbox 492 2947 717 3023; x_wconf 81' lang='lat' dir='ltr'><strong>conjungantur.</strong></span> <span class='ocrx_word' id='word_1_279' title='bbox 757 2946 831 3006; x_wconf 83' lang='lat' dir='ltr'><strong>Cum</strong></span> <span class='ocrx_word' id='word_1_280' title='bbox 852 2963 931 3006; x_wconf 87' lang='lat' dir='ltr'><strong>anno</strong></span> <span class='ocrx_word' id='word_1_281' title='bbox 957 2946 1049 3005; x_wconf 78' lang='lat'>1585.</span> <span class='ocrx_word' id='word_1_282' title='bbox 1074 2954 1189 3005; x_wconf 88' lang='lat' dir='ltr'><strong>cometa</strong></span> <span class='ocrx_word' id='word_1_283' title='bbox 1212 2943 1338 3005; x_wconf 85' lang='lat' dir='ltr'><strong>directus</strong></span> <span class='ocrx_word' id='word_1_284' title='bbox 1362 2948 1441 3004; x_wconf 85' lang='lat' dir='ltr'><strong>circa</strong></span> 
     </span>
     <span class='ocr_line' id='line_1_31' title="bbox 82 3031 1440 3110; baseline -0.001 -17"><span class='ocrx_word' id='word_1_285' title='bbox 82 3031 158 3093; x_wconf 78' lang='lat' dir='ltr'><strong>eota</strong></span> <span class='ocrx_word' id='word_1_286' title='bbox 179 3032 350 3109; x_wconf 87' lang='lat' dir='ltr'><strong>oppositum</strong></span> <span class='ocrx_word' id='word_1_287' title='bbox 372 3032 403 3089; x_wconf 90' lang='lat' dir='ltr'><strong>iu</strong></span> <span class='ocrx_word' id='word_1_288' title='bbox 425 3035 518 3109; x_wconf 78' lang='lat' dir='ltr'><strong>siguis</strong></span> <span class='ocrx_word' id='word_1_289' title='bbox 531 3032 671 3108; x_wconf 85' lang='lat' dir='ltr'><strong>Piscium,</strong></span> <span class='ocrx_word' id='word_1_290' title='bbox 695 3034 803 3093; x_wconf 81' lang='lat' dir='ltr'><strong>Arietis</strong></span> <span class='ocrx_word' id='word_1_291' title='bbox 826 3041 856 3093; x_wconf 89' lang='lat' dir='ltr'><strong>et</strong></span> <span class='ocrx_word' id='word_1_292' title='bbox 874 3033 966 3093; x_wconf 79' lang='lat' dir='ltr'><strong>Tauri</strong></span> <span class='ocrx_word' id='word_1_293' title='bbox 988 3041 1162 3110; x_wconf 85' lang='lat' dir='ltr'><strong>conspectus</strong></span> <span class='ocrx_word' id='word_1_294' title='bbox 1184 3041 1271 3104; x_wconf 86' lang='lat' dir='ltr'><strong>esset,</strong></span> <span class='ocrx_word' id='word_1_295' title='bbox 1295 3034 1325 3090; x_wconf 92' lang='lat' dir='ltr'><strong>in</strong></span> <span class='ocrx_word' id='word_1_296' title='bbox 1347 3048 1440 3108; x_wconf 78' lang='lat' dir='ltr'><strong>regno</strong></span> 
     </span>
     <span class='ocr_line' id='line_1_32' title="bbox 83 3116 1440 3198; baseline -0.001 -19"><span class='ocrx_word' id='word_1_297' title='bbox 83 3116 200 3179; x_wconf 76' lang='lat' dir='ltr'><strong>Galliac</strong></span> <span class='ocrx_word' id='word_1_298' title='bbox 226 3116 453 3194; x_wconf 74' lang='lat' dir='ltr'><strong>Gubianorum,</strong></span> <span class='ocrx_word' id='word_1_299' title='bbox 487 3121 516 3179; x_wconf 94' lang='lat' dir='ltr'><strong>ln</strong></span> <span class='ocrx_word' id='word_1_300' title='bbox 544 3120 670 3181; x_wconf 87' lang='lat' dir='ltr'><strong>Polonia</strong></span> <span class='ocrx_word' id='word_1_301' title='bbox 699 3120 911 3198; x_wconf 84' lang='lat' dir='ltr'><strong>Sporovionnn</strong></span> <span class='ocrx_word' id='word_1_302' title='bbox 938 3122 1082 3180; x_wconf 89' lang='lat' dir='ltr'><strong>iactioues</strong></span> <span class='ocrx_word' id='word_1_303' title='bbox 1111 3120 1301 3193; x_wconf 88' lang='lat' dir='ltr'><strong>coaluerunt,</strong></span> <span class='ocrx_word' id='word_1_304' title='bbox 1333 3126 1363 3179; x_wconf 88' lang='lat' dir='ltr'><strong>et</strong></span> <span class='ocrx_word' id='word_1_305' title='bbox 1396 3118 1440 3177; x_wconf 93' lang='lat' dir='ltr'><strong>ilii</strong></span> 
     </span>
     <span class='ocr_line' id='line_1_33' title="bbox 82 3204 1439 3284; baseline -0.001 -18"><span class='ocrx_word' id='word_1_306' title='bbox 82 3205 201 3283; x_wconf 73' lang='lat' dir='ltr'><strong>quidem</strong></span> <span class='ocrx_word' id='word_1_307' title='bbox 233 3204 352 3266; x_wconf 61' lang='lat' dir='ltr'><strong>{umere</strong></span> <span class='ocrx_word' id='word_1_308' title='bbox 379 3206 458 3267; x_wconf 89' lang='lat' dir='ltr'><strong>iacto</strong></span> <span class='ocrx_word' id='word_1_309' title='bbox 489 3222 572 3267; x_wconf 84' lang='lat' dir='ltr'><strong>arma</strong></span> <span class='ocrx_word' id='word_1_310' title='bbox 597 3216 781 3280; x_wconf 87' lang='lat' dir='ltr'><strong>sumserunt,</strong></span> <span class='ocrx_word' id='word_1_311' title='bbox 816 3209 925 3283; x_wconf 79' lang='lat' dir='ltr'><strong>quibus</strong></span> <span class='ocrx_word' id='word_1_312' title='bbox 955 3208 1058 3284; x_wconf 82' lang='lat' dir='ltr'><strong>religio</strong></span> <span class='ocrx_word' id='word_1_313' title='bbox 1088 3209 1211 3283; x_wconf 87' lang='lat' dir='ltr'><strong>antiqua</strong></span> <span class='ocrx_word' id='word_1_314' title='bbox 1240 3208 1269 3264; x_wconf 89' lang='lat' dir='ltr'><strong>in</strong></span> <span class='ocrx_word' id='word_1_315' title='bbox 1300 3213 1439 3266; x_wconf 85' lang='lat' dir='ltr'><strong>eventurn</strong></span> 
     </span>
     <span class='ocr_line' id='line_1_34' title="bbox 82 3293 1438 3371; baseline 0 -19"><span class='ocrx_word' id='word_1_316' title='bbox 82 3295 279 3353; x_wconf 84' lang='lat' dir='ltr'><strong>successionis</strong></span> <span class='ocrx_word' id='word_1_317' title='bbox 299 3293 414 3354; x_wconf 86' lang='lat' dir='ltr'><strong>iutnrae</strong></span> <span class='ocrx_word' id='word_1_318' title='bbox 429 3295 616 3367; x_wconf 84' lang='lat' dir='ltr'><strong>stabiliretur,</strong></span> <span class='ocrx_word' id='word_1_319' title='bbox 640 3296 747 3355; x_wconf 88' lang='lat' dir='ltr'><strong>cumei</strong></span> <span class='ocrx_word' id='word_1_320' title='bbox 767 3298 831 3371; x_wconf 85' lang='lat' dir='ltr'><strong>spei</strong></span> <span class='ocrx_word' id='word_1_321' title='bbox 847 3295 980 3355; x_wconf 88' lang='lat' dir='ltr'><strong>viderent</strong></span> <span class='ocrx_word' id='word_1_322' title='bbox 994 3295 1143 3353; x_wconf 89' lang='lat' dir='ltr'><strong>imminere</strong></span> <span class='ocrx_word' id='word_1_323' title='bbox 1158 3294 1308 3352; x_wconf 83' lang='lat' dir='ltr'><strong>Navarrae</strong></span> <span class='ocrx_word' id='word_1_324' title='bbox 1329 3310 1438 3368; x_wconf 85' lang='lat' dir='ltr'><strong>regem,</strong></span> 
     </span>
     <span class='ocr_line' id='line_1_35' title="bbox 82 3381 1438 3458; baseline 0 -18"><span class='ocrx_word' id='word_1_325' title='bbox 82 3381 211 3441; x_wconf 74' lang='lat' dir='ltr'><strong>morceis</strong></span> <span class='ocrx_word' id='word_1_326' title='bbox 238 3388 424 3455; x_wconf 69' lang='lat' dir='ltr'><strong>menmium,</strong></span> <span class='ocrx_word' id='word_1_327' title='bbox 458 3385 557 3458; x_wconf 81' lang='lat' dir='ltr'><strong>itaque</strong></span> <span class='ocrx_word' id='word_1_328' title='bbox 581 3381 691 3442; x_wconf 90' lang='lat' dir='ltr'><strong>bellum</strong></span> <span class='ocrx_word' id='word_1_329' title='bbox 713 3383 862 3441; x_wconf 77' lang='lat' dir='ltr'><strong>funestum</strong></span> <span class='ocrx_word' id='word_1_330' title='bbox 883 3384 983 3441; x_wconf 89' lang='lat' dir='ltr'><strong>statim</strong></span> <span class='ocrx_word' id='word_1_331' title='bbox 1006 3389 1101 3442; x_wconf 88' lang='lat' dir='ltr'><strong>ortum</strong></span> <span class='ocrx_word' id='word_1_332' title='bbox 1125 3389 1188 3453; x_wconf 89' lang='lat' dir='ltr'><strong>cst,</strong></span> <span class='ocrx_word' id='word_1_333' title='bbox 1219 3382 1438 3455; x_wconf 82' lang='lat' dir='ltr'><strong>exspectatione</strong></span> 
     </span>
     <span class='ocr_line' id='line_1_36' title="bbox 82 3466 1438 3546; baseline 0 -20"><span class='ocrx_word' id='word_1_334' title='bbox 82 3471 182 3527; x_wconf 83' lang='lat' dir='ltr'><strong>monis</strong></span> <span class='ocrx_word' id='word_1_335' title='bbox 204 3467 325 3528; x_wconf 80' lang='lat' dir='ltr'><strong>Hsurlcl</strong></span> <span class='ocrx_word' id='word_1_336' title='bbox 348 3466 462 3529; x_wconf 86' lang='lat' dir='ltr'><strong>Valesll</strong></span> <span class='ocrx_word' id='word_1_337' title='bbox 484 3471 571 3545; x_wconf 77' lang='lat' dir='ltr'><strong>regis,</strong></span> <span class='ocrx_word' id='word_1_338' title='bbox 595 3485 672 3545; x_wconf 86' lang='lat' dir='ltr'><strong>quae</strong></span> <span class='ocrx_word' id='word_1_339' title='bbox 696 3476 794 3529; x_wconf 88' lang='lat' dir='ltr'><strong>tamen</strong></span> <span class='ocrx_word' id='word_1_340' title='bbox 817 3469 1011 3546; x_wconf 79' lang='lat' dir='ltr'><strong>quadriennio</strong></span> <span class='ocrx_word' id='word_1_341' title='bbox 1034 3468 1149 3528; x_wconf 86' lang='lat' dir='ltr'><strong>demum</strong></span> <span class='ocrx_word' id='word_1_342' title='bbox 1171 3476 1286 3544; x_wconf 84' lang='lat' dir='ltr'><strong>postea,</strong></span> <span class='ocrx_word' id='word_1_343' title='bbox 1305 3483 1359 3527; x_wconf 91' lang='lat' dir='ltr'><strong>nec</strong></span> <span class='ocrx_word' id='word_1_344' title='bbox 1381 3469 1438 3528; x_wconf 90' lang='lat' dir='ltr'><strong>nisi</strong></span> 
     </span>
     <span class='ocr_line' id='line_1_37' title="bbox 81 3553 1438 3633; baseline 0 -20"><span class='ocrx_word' id='word_1_345' title='bbox 81 3554 211 3614; x_wconf 87' lang='lat' dir='ltr'><strong>dissidiis</strong></span> <span class='ocrx_word' id='word_1_346' title='bbox 238 3555 285 3614; x_wconf 86' lang='lat' dir='ltr'><strong>bis</strong></span> <span class='ocrx_word' id='word_1_347' title='bbox 314 3557 388 3632; x_wconf 89' lang='lat' dir='ltr'><strong>ipsis</strong></span> <span class='ocrx_word' id='word_1_348' title='bbox 416 3563 446 3615; x_wconf 91' lang='lat' dir='ltr'><strong>et</strong></span> <span class='ocrx_word' id='word_1_349' title='bbox 467 3556 577 3616; x_wconf 88' lang='lat' dir='ltr'><strong>scelere</strong></span> <span class='ocrx_word' id='word_1_350' title='bbox 599 3562 746 3616; x_wconf 86' lang='lat' dir='ltr'><strong>maturata</strong></span> <span class='ocrx_word' id='word_1_351' title='bbox 769 3558 899 3633; x_wconf 79' lang='lat' dir='ltr'><strong>contigit.</strong></span> <span class='ocrx_word' id='word_1_352' title='bbox 944 3556 979 3614; x_wconf 91' lang='lat' dir='ltr'><strong>In</strong></span> <span class='ocrx_word' id='word_1_353' title='bbox 1002 3555 1127 3615; x_wconf 91' lang='lat' dir='ltr'><strong>Polonia</strong></span> <span class='ocrx_word' id='word_1_354' title='bbox 1158 3570 1228 3615; x_wconf 84' lang='lat' dir='ltr'><strong>vero</strong></span> <span class='ocrx_word' id='word_1_355' title='bbox 1251 3553 1438 3630; x_wconf 85' lang='lat' dir='ltr'><strong>Sporoviana</strong></span> 
     </span>
     <span class='ocr_line' id='line_1_38' title="bbox 82 3641 1437 3719; baseline 0.001 -19"><span class='ocrx_word' id='word_1_356' title='bbox 82 3643 182 3717; x_wconf 81' lang='lat' dir='ltr'><strong>lartio,</strong></span> <span class='ocrx_word' id='word_1_357' title='bbox 205 3643 311 3701; x_wconf 90' lang='lat' dir='ltr'><strong>irritati</strong></span> <span class='ocrx_word' id='word_1_358' title='bbox 333 3641 424 3702; x_wconf 88' lang='lat' dir='ltr'><strong>caede</strong></span> <span class='ocrx_word' id='word_1_359' title='bbox 446 3646 547 3717; x_wconf 87' lang='lat' dir='ltr'><strong>nnius,</strong></span> <span class='ocrx_word' id='word_1_360' title='bbox 570 3647 782 3719; x_wconf 86' lang='lat' dir='ltr'><strong>protestatione</strong></span> <span class='ocrx_word' id='word_1_361' title='bbox 803 3645 881 3704; x_wconf 90' lang='lat' dir='ltr'><strong>iacta</strong></span> <span class='ocrx_word' id='word_1_362' title='bbox 902 3645 1099 3703; x_wconf 87' lang='lat' dir='ltr'><strong>secessionem</strong></span> <span class='ocrx_word' id='word_1_363' title='bbox 1120 3643 1252 3702; x_wconf 87' lang='lat' dir='ltr'><strong>iecerunt</strong></span> <span class='ocrx_word' id='word_1_364' title='bbox 1273 3659 1292 3700; x_wconf 88' lang='lat' dir='ltr'><strong>e</strong></span> <span class='ocrx_word' id='word_1_365' title='bbox 1315 3658 1437 3718; x_wconf 89' lang='lat' dir='ltr'><strong>corpore</strong></span> 
     </span>
     <span class='ocr_line' id='line_1_39' title="bbox 80 3729 1436 3807; baseline -0.002 -18"><span class='ocrx_word' id='word_1_366' title='bbox 80 3732 169 3806; x_wconf 74' lang='lat' dir='ltr'><strong>regni,</strong></span> <span class='ocrx_word' id='word_1_367' title='bbox 193 3739 224 3789; x_wconf 85' lang='lat' dir='ltr'><strong>st</strong></span> <span class='ocrx_word' id='word_1_368' title='bbox 238 3738 330 3789; x_wconf 91' lang='lat' dir='ltr'><strong>morte</strong></span> <span class='ocrx_word' id='word_1_369' title='bbox 345 3732 425 3806; x_wconf 75' lang='lat' dir='ltr'><strong>regis</strong></span> <span class='ocrx_word' id='word_1_370' title='bbox 438 3730 580 3807; x_wconf 83' lang='lat' dir='ltr'><strong>Stephani</strong></span> <span class='ocrx_word' id='word_1_371' title='bbox 595 3747 672 3790; x_wconf 89' lang='lat' dir='ltr'><strong>anno</strong></span> <span class='ocrx_word' id='word_1_372' title='bbox 688 3731 781 3792; x_wconf 88' lang='lat' dir='ltr'><strong>altero</strong></span> <span class='ocrx_word' id='word_1_373' title='bbox 795 3738 908 3805; x_wconf 85' lang='lat' dir='ltr'><strong>secuta,</strong></span> <span class='ocrx_word' id='word_1_374' title='bbox 931 3729 1094 3790; x_wconf 87' lang='lat' dir='ltr'><strong>discordem</strong></span> <span class='ocrx_word' id='word_1_375' title='bbox 1109 3729 1281 3790; x_wconf 84' lang='lat' dir='ltr'><strong>electionem</strong></span> <span class='ocrx_word' id='word_1_376' title='bbox 1296 3729 1436 3804; x_wconf 86' lang='lat' dir='ltr'><strong>iecerunt,</strong></span> 
     </span>
     <span class='ocr_line' id='line_1_40' title="bbox 80 3815 1437 3893; baseline 0.001 -18"><span class='ocrx_word' id='word_1_377' title='bbox 80 3832 137 3891; x_wconf 78' lang='lat' dir='ltr'><strong>uua</strong></span> <span class='ocrx_word' id='word_1_378' title='bbox 157 3815 303 3892; x_wconf 87' lang='lat' dir='ltr'><strong>Polouia,</strong></span> <span class='ocrx_word' id='word_1_379' title='bbox 336 3815 445 3877; x_wconf 70' lang='lat' dir='ltr'><strong>silesia</strong></span> <span class='ocrx_word' id='word_1_380' title='bbox 473 3826 504 3877; x_wconf 90' lang='lat' dir='ltr'><strong>et</strong></span> <span class='ocrx_word' id='word_1_381' title='bbox 534 3816 638 3877; x_wconf 88' lang='lat' dir='ltr'><strong>domus</strong></span> <span class='ocrx_word' id='word_1_382' title='bbox 661 3819 818 3878; x_wconf 84' lang='lat' dir='ltr'><strong>Austriaea</strong></span> <span class='ocrx_word' id='word_1_383' title='bbox 845 3817 987 3877; x_wconf 87' lang='lat' dir='ltr'><strong>damnoso</strong></span> <span class='ocrx_word' id='word_1_384' title='bbox 1015 3816 1093 3877; x_wconf 92' lang='lat' dir='ltr'><strong>bello</strong></span> <span class='ocrx_word' id='word_1_385' title='bbox 1122 3817 1239 3876; x_wconf 86' lang='lat' dir='ltr'><strong>luerunt</strong></span> <span class='ocrx_word' id='word_1_386' title='bbox 1267 3816 1437 3893; x_wconf 86' lang='lat' dir='ltr'><strong>implicitae.</strong></span> 
     </span>
     <span class='ocr_line' id='line_1_41' title="bbox 81 3902 1436 3983; baseline -0.001 -20"><span class='ocrx_word' id='word_1_387' title='bbox 81 3903 124 3963; x_wconf 83' lang='lat' dir='ltr'><strong>Dc</strong></span> <span class='ocrx_word' id='word_1_388' title='bbox 152 3904 277 3982; x_wconf 73' lang='lat' dir='ltr'><strong>imperio</strong></span> <span class='ocrx_word' id='word_1_389' title='bbox 298 3902 513 3979; x_wconf 78' lang='lat' dir='ltr'><strong>Rumanomm,</strong></span> <span class='ocrx_word' id='word_1_390' title='bbox 545 3905 624 3981; x_wconf 84' lang='lat' dir='ltr'><strong>quod</strong></span> <span class='ocrx_word' id='word_1_391' title='bbox 647 3922 739 3983; x_wconf 88' lang='lat' dir='ltr'><strong>pones</strong></span> <span class='ocrx_word' id='word_1_392' title='bbox 761 3904 925 3965; x_wconf 85' lang='lat' dir='ltr'><strong>Germanos</strong></span> <span class='ocrx_word' id='word_1_393' title='bbox 952 3911 1012 3978; x_wconf 82' lang='lat' dir='ltr'><strong>cst,</strong></span> <span class='ocrx_word' id='word_1_394' title='bbox 1044 3904 1140 3980; x_wconf 77' lang='lat' dir='ltr'><strong>majus</strong></span> <span class='ocrx_word' id='word_1_395' title='bbox 1163 3905 1252 3964; x_wconf 87' lang='lat' dir='ltr'><strong>etiam</strong></span> <span class='ocrx_word' id='word_1_396' title='bbox 1275 3903 1436 3980; x_wconf 84' lang='lat' dir='ltr'><strong>periculum</strong></span> 
     </span>
     <span class='ocr_line' id='line_1_42' title="bbox 81 3989 1435 4069; baseline 0.002 -22"><span class='ocrx_word' id='word_1_397' title='bbox 81 3990 195 4050; x_wconf 85' lang='lat' dir='ltr'><strong>videtur</strong></span> <span class='ocrx_word' id='word_1_398' title='bbox 221 3989 419 4050; x_wconf 80' lang='lat' dir='ltr'><strong>metuendum.</strong></span> <span class='ocrx_word' id='word_1_399' title='bbox 465 3991 541 4052; x_wconf 80' lang='lat' dir='ltr'><strong>Sunt</strong></span> <span class='ocrx_word' id='word_1_400' title='bbox 567 3992 599 4050; x_wconf 86' lang='lat' dir='ltr'><strong>in</strong></span> <span class='ocrx_word' id='word_1_401' title='bbox 628 4000 786 4069; x_wconf 79' lang='lat' dir='ltr'><strong>conspectu</strong></span> <span class='ocrx_word' id='word_1_402' title='bbox 815 3993 959 4052; x_wconf 84' lang='lat' dir='ltr'><strong>lectiones</strong></span> <span class='ocrx_word' id='word_1_403' title='bbox 986 4006 1037 4068; x_wconf 88' lang='lat' dir='ltr'><strong>per</strong></span> <span class='ocrx_word' id='word_1_404' title='bbox 1060 3990 1249 4050; x_wconf 85' lang='lat' dir='ltr'><strong>Germaniam</strong></span> <span class='ocrx_word' id='word_1_405' title='bbox 1271 3994 1435 4050; x_wconf 87' lang='lat' dir='ltr'><strong>contrariae</strong></span> 
     </span>
     <span class='ocr_line' id='line_1_43' title="bbox 81 4077 1436 4157; baseline 0.001 -22"><span class='ocrx_word' id='word_1_406' title='bbox 81 4077 288 4151; x_wconf 73' lang='lat' dir='ltr'><strong>salidlsabnae,</strong></span> <span class='ocrx_word' id='word_1_407' title='bbox 303 4094 380 4154; x_wconf 81' lang='lat' dir='ltr'><strong>quae</strong></span> <span class='ocrx_word' id='word_1_408' title='bbox 394 4078 532 4157; x_wconf 84' lang='lat' dir='ltr'><strong>politicas</strong></span> <span class='ocrx_word' id='word_1_409' title='bbox 546 4081 674 4140; x_wconf 85' lang='lat' dir='ltr'><strong>rationes</strong></span> <span class='ocrx_word' id='word_1_410' title='bbox 691 4096 757 4139; x_wconf 90' lang='lat' dir='ltr'><strong>cum</strong></span> <span class='ocrx_word' id='word_1_411' title='bbox 772 4082 900 4156; x_wconf 86' lang='lat' dir='ltr'><strong>negotiis</strong></span> <span class='ocrx_word' id='word_1_412' title='bbox 915 4079 1090 4155; x_wconf 72' lang='lat' dir='ltr'><strong>religionum</strong></span> <span class='ocrx_word' id='word_1_413' title='bbox 1103 4079 1178 4138; x_wconf 88' lang='lat' dir='ltr'><strong>inter</strong></span> <span class='ocrx_word' id='word_1_414' title='bbox 1194 4096 1227 4139; x_wconf 90' lang='lat' dir='ltr'><strong>sc</strong></span> <span class='ocrx_word' id='word_1_415' title='bbox 1242 4080 1436 4155; x_wconf 81' lang='lat' dir='ltr'><strong>pugnantium</strong></span> 
     </span>
     <span class='ocr_line' id='line_1_44' title="bbox 81 4164 1435 4244; baseline 0.001 -20"><span class='ocrx_word' id='word_1_416' title='bbox 81 4172 272 4239; x_wconf 59' lang='lat' dir='ltr'><strong>mouent-u</strong></span> <span class='ocrx_word' id='word_1_417' title='bbox 302 4171 390 4225; x_wconf 90' lang='lat' dir='ltr'><strong>notae</strong></span> <span class='ocrx_word' id='word_1_418' title='bbox 412 4174 481 4226; x_wconf 88' lang='lat' dir='ltr'><strong>suut</strong></span> <span class='ocrx_word' id='word_1_419' title='bbox 502 4168 629 4244; x_wconf 88' lang='lat' dir='ltr'><strong>partium</strong></span> <span class='ocrx_word' id='word_1_420' title='bbox 651 4169 743 4241; x_wconf 71' lang='lat' dir='ltr'><strong>unes,</strong></span> <span class='ocrx_word' id='word_1_421' title='bbox 770 4175 843 4227; x_wconf 89' lang='lat' dir='ltr'><strong>nota</strong></span> <span class='ocrx_word' id='word_1_422' title='bbox 864 4166 977 4226; x_wconf 85' lang='lat' dir='ltr'><strong>auxilia</strong></span> <span class='ocrx_word' id='word_1_423' title='bbox 997 4174 1112 4238; x_wconf 85' lang='lat' dir='ltr'><strong>extera,</strong></span> <span class='ocrx_word' id='word_1_424' title='bbox 1136 4167 1197 4225; x_wconf 89' lang='lat' dir='ltr'><strong>noti</strong></span> <span class='ocrx_word' id='word_1_425' title='bbox 1216 4165 1290 4241; x_wconf 86' lang='lat' dir='ltr'><strong>justi</strong></span> <span class='ocrx_word' id='word_1_426' title='bbox 1313 4164 1381 4223; x_wconf 87' lang='lat' dir='ltr'><strong>hine</strong></span> <span class='ocrx_word' id='word_1_427' title='bbox 1405 4173 1435 4225; x_wconf 91' lang='lat' dir='ltr'><strong>et</strong></span> 
     </span>
     <span class='ocr_line' id='line_1_45' title="bbox 82 4252 1432 4330; baseline -0.001 -17"><span class='ocrx_word' id='word_1_428' title='bbox 82 4252 145 4313; x_wconf 83' lang='lat' dir='ltr'><strong>lude</strong></span> <span class='ocrx_word' id='word_1_429' title='bbox 176 4260 293 4325; x_wconf 79' lang='lat' dir='ltr'><strong>metas3</strong></span> <span class='ocrx_word' id='word_1_430' title='bbox 324 4261 415 4312; x_wconf 88' lang='lat' dir='ltr'><strong>notus</strong></span> <span class='ocrx_word' id='word_1_431' title='bbox 442 4253 546 4326; x_wconf 87' lang='lat' dir='ltr'><strong>ardor,</strong></span> <span class='ocrx_word' id='word_1_432' title='bbox 580 4256 631 4330; x_wconf 84' lang='lat' dir='ltr'><strong>qui</strong></span> <span class='ocrx_word' id='word_1_433' title='bbox 662 4254 805 4314; x_wconf 84' lang='lat' dir='ltr'><strong>hactenus</strong></span> <span class='ocrx_word' id='word_1_434' title='bbox 834 4253 900 4313; x_wconf 83' lang='lat' dir='ltr'><strong>sola</strong></span> <span class='ocrx_word' id='word_1_435' title='bbox 927 4252 1128 4313; x_wconf 86' lang='lat' dir='ltr'><strong>moderatione</strong></span> <span class='ocrx_word' id='word_1_436' title='bbox 1158 4260 1188 4311; x_wconf 89' lang='lat' dir='ltr'><strong>et</strong></span> <span class='ocrx_word' id='word_1_437' title='bbox 1217 4254 1280 4310; x_wconf 88' lang='lat' dir='ltr'><strong>miti</strong></span> <span class='ocrx_word' id='word_1_438' title='bbox 1312 4254 1432 4327; x_wconf 86' lang='lat' dir='ltr'><strong>ingenio</strong></span> 
     </span>
     <span class='ocr_line' id='line_1_46' title="bbox 81 4338 1432 4417; baseline 0.001 -20"><span class='ocrx_word' id='word_1_439' title='bbox 81 4338 269 4417; x_wconf 81' lang='lat' dir='ltr'><strong>imperatoris</strong></span> <span class='ocrx_word' id='word_1_440' title='bbox 298 4339 447 4399; x_wconf 79' lang='lat' dir='ltr'><strong>cohibitus</strong></span> <span class='ocrx_word' id='word_1_441' title='bbox 476 4341 570 4400; x_wconf 80' lang='lat' dir='ltr'><strong>videri</strong></span> <span class='ocrx_word' id='word_1_442' title='bbox 599 4348 712 4416; x_wconf 88' lang='lat' dir='ltr'><strong>potest,</strong></span> <span class='ocrx_word' id='word_1_443' title='bbox 745 4342 813 4400; x_wconf 88' lang='lat' dir='ltr'><strong>dum</strong></span> <span class='ocrx_word' id='word_1_444' title='bbox 845 4341 895 4401; x_wconf 89' lang='lat' dir='ltr'><strong>ille</strong></span> <span class='ocrx_word' id='word_1_445' title='bbox 916 4342 1011 4400; x_wconf 86' lang='lat' dir='ltr'><strong>neutri</strong></span> <span class='ocrx_word' id='word_1_446' title='bbox 1033 4358 1065 4400; x_wconf 91' lang='lat' dir='ltr'><strong>se</strong></span> <span class='ocrx_word' id='word_1_447' title='bbox 1088 4342 1163 4417; x_wconf 90' lang='lat' dir='ltr'><strong>parti</strong></span> <span class='ocrx_word' id='word_1_448' title='bbox 1183 4339 1282 4415; x_wconf 85' lang='lat' dir='ltr'><strong>jungit</strong></span> <span class='ocrx_word' id='word_1_449' title='bbox 1303 4342 1432 4414; x_wconf 83' lang='lat' dir='ltr'><strong>penitus.</strong></span> 
     </span>
     <span class='ocr_line' id='line_1_47' title="bbox 82 4426 1435 4504; baseline 0.001 -21"><span class='ocrx_word' id='word_1_450' title='bbox 82 4426 186 4504; x_wconf 71' lang='lat' dir='ltr'><strong>legem</strong></span> <span class='ocrx_word' id='word_1_451' title='bbox 207 4435 387 4485; x_wconf 85' lang='lat' dir='ltr'><strong>momentum</strong></span> <span class='ocrx_word' id='word_1_452' title='bbox 410 4427 440 4485; x_wconf 92' lang='lat' dir='ltr'><strong>iu</strong></span> <span class='ocrx_word' id='word_1_453' title='bbox 461 4428 583 4500; x_wconf 89' lang='lat' dir='ltr'><strong>studiis,</strong></span> <span class='ocrx_word' id='word_1_454' title='bbox 606 4430 724 4504; x_wconf 77' lang='lat' dir='ltr'><strong>ingenio</strong></span> <span class='ocrx_word' id='word_1_455' title='bbox 746 4429 892 4504; x_wconf 88' lang='lat' dir='ltr'><strong>rebusque</strong></span> <span class='ocrx_word' id='word_1_456' title='bbox 915 4429 1006 4504; x_wconf 77' lang='lat' dir='ltr'><strong>gestis</strong></span> <span class='ocrx_word' id='word_1_457' title='bbox 1028 4428 1117 4486; x_wconf 83' lang='lat' dir='ltr'><strong>icturi</strong></span> <span class='ocrx_word' id='word_1_458' title='bbox 1139 4428 1326 4497; x_wconf 86' lang='lat' dir='ltr'><strong>successoris,</strong></span> <span class='ocrx_word' id='word_1_459' title='bbox 1349 4426 1435 4500; x_wconf 87' lang='lat' dir='ltr'><strong>eujus</strong></span> 
     </span>
     <span class='ocr_line' id='line_1_48' title="bbox 82 4512 1433 4591; baseline 0 -19"><span class='ocrx_word' id='word_1_460' title='bbox 82 4515 259 4591; x_wconf 77' lang='lat' dir='ltr'><strong>exspectatio</strong></span> <span class='ocrx_word' id='word_1_461' title='bbox 281 4523 312 4573; x_wconf 88' lang='lat' dir='ltr'><strong>ot</strong></span> <span class='ocrx_word' id='word_1_462' title='bbox 332 4514 371 4573; x_wconf 87' lang='lat' dir='ltr'><strong>ad</strong></span> <span class='ocrx_word' id='word_1_463' title='bbox 392 4522 498 4574; x_wconf 89' lang='lat' dir='ltr'><strong>nutum</strong></span> <span class='ocrx_word' id='word_1_464' title='bbox 519 4514 663 4591; x_wconf 87' lang='lat' dir='ltr'><strong>cujusquo</strong></span> <span class='ocrx_word' id='word_1_465' title='bbox 686 4533 773 4575; x_wconf 85' lang='lat' dir='ltr'><strong>suum</strong></span> <span class='ocrx_word' id='word_1_466' title='bbox 796 4516 954 4591; x_wconf 74' lang='lat' dir='ltr'><strong>effigiatio,</strong></span> <span class='ocrx_word' id='word_1_467' title='bbox 988 4517 1054 4590; x_wconf 84' lang='lat' dir='ltr'><strong>quis</strong></span> <span class='ocrx_word' id='word_1_468' title='bbox 1078 4531 1136 4573; x_wconf 93' lang='lat' dir='ltr'><strong>non</strong></span> <span class='ocrx_word' id='word_1_469' title='bbox 1159 4512 1256 4586; x_wconf 88' lang='lat' dir='ltr'><strong>videt,</strong></span> <span class='ocrx_word' id='word_1_470' title='bbox 1290 4521 1433 4588; x_wconf 89' lang='lat' dir='ltr'><strong>quantum</strong></span> 
     </span>
     <span class='ocr_line' id='line_1_49' title="bbox 84 4600 1432 4678; baseline 0.002 -21"><span class='ocrx_word' id='word_1_471' title='bbox 84 4601 126 4660; x_wconf 85' lang='lat' dir='ltr'><strong>rsl</strong></span> <span class='ocrx_word' id='word_1_472' title='bbox 135 4602 201 4678; x_wconf 76' lang='lat' dir='ltr'><strong>jam</strong></span> <span class='ocrx_word' id='word_1_473' title='bbox 223 4616 302 4659; x_wconf 87' lang='lat' dir='ltr'><strong>nune</strong></span> <span class='ocrx_word' id='word_1_474' title='bbox 316 4603 423 4661; x_wconf 79' lang='lat' dir='ltr'><strong>excitet</strong></span> <span class='ocrx_word' id='word_1_475' title='bbox 445 4610 475 4662; x_wconf 88' lang='lat' dir='ltr'><strong>st</strong></span> <span class='ocrx_word' id='word_1_476' title='bbox 498 4601 657 4662; x_wconf 78' lang='lat' dir='ltr'><strong>inilsmmct</strong></span> <span class='ocrx_word' id='word_1_477' title='bbox 671 4602 779 4675; x_wconf 83' lang='lat' dir='ltr'><strong>studia,</strong></span> <span class='ocrx_word' id='word_1_478' title='bbox 802 4621 879 4678; x_wconf 82' lang='lat' dir='ltr'><strong>quae</strong></span> <span class='ocrx_word' id='word_1_479' title='bbox 901 4620 962 4677; x_wconf 89' lang='lat' dir='ltr'><strong>qua</strong></span> <span class='ocrx_word' id='word_1_480' title='bbox 983 4600 1052 4662; x_wconf 80' lang='lat' dir='ltr'><strong>data</strong></span> <span class='ocrx_word' id='word_1_481' title='bbox 1074 4609 1159 4677; x_wconf 86' lang='lat' dir='ltr'><strong>porta</strong></span> <span class='ocrx_word' id='word_1_482' title='bbox 1181 4608 1267 4659; x_wconf 88' lang='lat' dir='ltr'><strong>ruent</strong></span> <span class='ocrx_word' id='word_1_483' title='bbox 1289 4608 1317 4659; x_wconf 89' lang='lat' dir='ltr'><strong>et</strong></span> <span class='ocrx_word' id='word_1_484' title='bbox 1341 4607 1432 4660; x_wconf 86' lang='lat' dir='ltr'><strong>terras</strong></span> 
     </span>
     <span class='ocr_line' id='line_1_50' title="bbox 83 4687 1432 4767; baseline -0.001 -19"><span class='ocrx_word' id='word_1_485' title='bbox 83 4688 192 4748; x_wconf 86' lang='lat' dir='ltr'><strong>tmbtne</strong></span> <span class='ocrx_word' id='word_1_486' title='bbox 220 4696 354 4748; x_wconf 79' lang='lat' dir='ltr'><strong>verrent:</strong></span> <span class='ocrx_word' id='word_1_487' title='bbox 387 4705 456 4749; x_wconf 88' lang='lat' dir='ltr'><strong>nam</strong></span> <span class='ocrx_word' id='word_1_488' title='bbox 484 4697 556 4766; x_wconf 79' lang='lat' dir='ltr'><strong>quot</strong></span> <span class='ocrx_word' id='word_1_489' title='bbox 584 4694 675 4767; x_wconf 85' lang='lat' dir='ltr'><strong>quive</strong></span> <span class='ocrx_word' id='word_1_490' title='bbox 703 4691 762 4749; x_wconf 90' lang='lat' dir='ltr'><strong>sint</strong></span> <span class='ocrx_word' id='word_1_491' title='bbox 783 4691 847 4766; x_wconf 90' lang='lat' dir='ltr'><strong>spei</strong></span> <span class='ocrx_word' id='word_1_492' title='bbox 870 4691 1011 4766; x_wconf 79' lang='lat' dir='ltr'><strong>proximi,</strong></span> <span class='ocrx_word' id='word_1_493' title='bbox 1042 4705 1094 4747; x_wconf 91' lang='lat' dir='ltr'><strong>seu</strong></span> <span class='ocrx_word' id='word_1_494' title='bbox 1113 4687 1180 4764; x_wconf 87' lang='lat' dir='ltr'><strong>jure</strong></span> <span class='ocrx_word' id='word_1_495' title='bbox 1203 4705 1255 4747; x_wconf 90' lang='lat' dir='ltr'><strong>seu</strong></span> <span class='ocrx_word' id='word_1_496' title='bbox 1279 4687 1432 4747; x_wconf 81' lang='lat' dir='ltr'><strong>voluntate</strong></span> 
     </span>
     <span class='ocr_line' id='line_1_51' title="bbox 83 4774 1433 4857; baseline -0.004 -15"><span class='ocrx_word' id='word_1_497' title='bbox 83 4790 145 4855; x_wconf 70' lang='lat' dir='ltr'><strong>m,</strong></span> <span class='ocrx_word' id='word_1_498' title='bbox 173 4776 324 4841; x_wconf 63' lang='lat' dir='ltr'><strong>neme!</strong></span> <span class='ocrx_word' id='word_1_499' title='bbox 342 4774 429 4855; x_wconf 79' lang='lat' dir='ltr'><strong>torst,</strong></span> <span class='ocrx_word' id='word_1_500' title='bbox 461 4785 644 4857; x_wconf 79' lang='lat' dir='ltr'><strong>utracunque</strong></span> <span class='ocrx_word' id='word_1_501' title='bbox 666 4792 735 4855; x_wconf 87' lang='lat' dir='ltr'><strong>pars</strong></span> <span class='ocrx_word' id='word_1_502' title='bbox 756 4777 882 4840; x_wconf 84' lang='lat' dir='ltr'><strong>laetetur</strong></span> <span class='ocrx_word' id='word_1_503' title='bbox 904 4777 1026 4843; x_wconf 83' lang='lat' dir='ltr'><strong>instanti</strong></span> <span class='ocrx_word' id='word_1_504' title='bbox 1047 4777 1249 4851; x_wconf 84' lang='lat' dir='ltr'><strong>successione,</strong></span> <span class='ocrx_word' id='word_1_505' title='bbox 1273 4775 1433 4837; x_wconf 80' lang='lat' dir='ltr'><strong>irritebltrrr</strong></span> 
     </span>
    </p>
   </div>
   <div class='ocr_carea' id='block_1_4' title="bbox 0 0 1646 5520">
    <p class='ocr_par' dir='ltr' id='par_1_6' title="bbox 0 0 1646 5520">
     <span class='ocr_line' id='line_1_52' title="bbox 0 0 1646 5520; baseline 0 2"><span class='ocrx_word' id='word_1_506' title='bbox 0 0 1646 5520; x_wconf 95' lang='lat' dir='ltr'><strong> </strong></span> 
     </span>
    </p>
   </div>
  </div>
 </body>
</html>
