3284 5520
141 308 206 381 852
615 309 744 368 deiadis
762 310 996 383 Supplementum.

245 482 451 553 Exemplum.
487 484 645 540 Promotum
670 483 890 554 deprehendatur
916 486 990 544 sidus
1015 488 1124 559 aliquod
1148 492 1176 546 in
1196 490 1271 547 horis
1289 491 1319 547 l.
1336 492 1381 549 27⁴
1399 492 1491 562 medus

141 564 173 619 1⁰
191 562 242 631 53⁴,
262 569 380 631 quantus
399 563 451 619 erit
469 563 603 621 diurnus?

508 655 607 705 Gradus
626 655 656 707 1⁰
673 654 716 707 ⁶3⁴
752 657 841 718 Logar.
858 651 963 705 204000
982 657 1079 707 circitor

507 724 589 774 llorae
619 728 645 778 1.
668 728 712 778 st.
785 762 797 788 „
859 726 962 776 188400
1015 760 1027 787 „

702 812 838 863 Rsslduum
874 817 961 867 88100
980 800 1025 865 dat
1040 830 1076 878 gr.
1097 815 1143 869 10ο
1161 816 1187 869 8’
1205 819 1331 869 diurnum

246 917 328 978 Intra
349 935 415 996 cap.
440 924 469 979 9.
492 919 547 979 erit
567 918 643 979 alius
665 918 770 979 modus
793 937 845 998 pro
869 920 979 982 diurnis
1000 924 1109 998 parvis.

244 1004 297 1065 IV.
327 1005 413 1066 Datis
441 1006 533 1066 tribus
562 1006 654 1067 stellis
683 1009 713 1065 iu
736 1024 796 1069 una
817 1016 898 1068 recta
922 1008 1055 1086 datisque
1078 1011 1258 1086 singularum
1280 1010 1491 1085 latitudinibus

140 1094 264 1155 duarum
286 1109 356 1152 sero
378 1092 505 1153 solarum
526 1091 772 1171 longitudinibus,
806 1095 945 1172 indagare
969 1104 998 1156 et
1020 1100 1122 1158 tertiae
1145 1098 1368 1175 longitudinem.
1415 1097 1491 1171 Item,

139 1184 165 1241 si
191 1199 242 1260 pro
269 1179 474 1241 latitudinibus
496 1193 584 1242 notae
606 1182 713 1243 luerint
734 1181 960 1257 declinationes,
991 1202 1043 1261 pro
1066 1184 1248 1262 longitndine
1272 1204 1342 1247 vcro
1366 1194 1491 1246 sumatm

140 1270 272 1331 ascensio
294 1276 383 1329 recta.

244 1355 319 1415 (lum
341 1354 398 1417 bae
420 1363 516 1417 rectae
538 1355 710 1434 plerumque
733 1358 791 1417 sint
814 1357 917 1417 breves
940 1368 968 1417 et
993 1359 1067 1418 inira
1085 1356 1150 1433 24⁰,
1174 1358 1247 1419 nibil
1269 1360 1358 1421 nobis
1380 1359 1491 1420 nocebit

139 1443 250 1505 abusus
277 1438 396 1522 ἀτεχεος
423 1442 650 1505 curviliucorum
679 1453 711 1505 ut
736 1444 950 1504 rectilineorum
973 1446 1193 1522 triangulorum.
1236 1446 1319 1507 Pone
1342 1449 1374 1505 in
1397 1444 1491 1523 regula

139 1530 214 1592 detti
227 1530 267 1591 ad
288 1532 436 1591 sinistram
451 1529 643 1592 differentiam
664 1530 852 1592 latitudinum
867 1531 998 1605 duarum,
1023 1535 1051 1590 iu
1068 1534 1166 1593 medio
1189 1533 1385 1595 differentiam
1399 1533 1491 1610 longi·

139 1617 274 1679 tudinum
303 1617 478 1691 earundem,
511 1616 551 1677 ad
580 1617 711 1679 dextram
743 1619 933 1679 differentiam
956 1621 1059 1679 iterum
1081 1620 1242 1681 latitudiuis
1265 1621 1371 1682 stellae
1396 1622 1491 1680 tertias

140 1713 170 1767 et
197 1708 327 1782 priorum
356 1708 459 1778 unius,
492 1708 694 1782 quaesitisque
720 1705 766 1765 bis
795 1707 921 1766 arcubus
944 1709 972 1764 in
994 1707 1261 1784 quadriviceuaria,
1295 1709 1491 1769 exscribamus

140 1792 335 1871 Logaritbmi,
367 1791 535 1869 additisque
557 1792 686 1854 secundo
709 1803 739 1853 et
760 1794 846 1853 tertio
869 1792 905 1854 de
927 1810 1041 1854 summa
1063 1794 1195 1855 dematur
1216 1798 1343 1873 primus,
1375 1795 1491 1855 restabit

139 1878 348 1959 Logaritbmus
370 1879 550 1941 differentiae
571 1880 763 1959 longitudinis
785 1879 890 1941 stellae
912 1883 1024 1942 tertiae.

244 1964 323 2028 Usus
353 1966 441 2043 bajus
476 1971 624 2044 praecepti
653 1976 886 2046 peropportunus
917 1975 960 2029 est
991 1970 1020 2028 in
1050 1973 1224 2032 tractatione
1255 1970 1491 2031 observationum

139 2070 191 2132 per
212 2051 306 2116 lineas
327 2062 422 2115 rectas
444 2057 531 2114 trium
553 2054 713 2117 stellarum.

689 2236 868 2309 CAPUT
896 2237 945 2308 Vl.

394 2367 441 2450 lle
467 2369 685 2473 sexagenaria
710 2393 780 2450 cunr
808 2369 1023 2474 Logarithuis
1051 2367 1239 2472 compositu.

243 2507 377 2569 Tabulae
393 2508 615 2570 hexecontadon
638 2528 710 2571 usus
724 2518 768 2571 est
791 2512 819 2569 iu
834 2508 969 2586 logistica
991 2508 1153 2586 multiplex,
1176 2509 1353 2586 praecipuus
1377 2506 1491 2585 quidem

139 2594 177 2654 ad
207 2595 464 2672 multiplicationes
494 2604 524 2657 et
552 2596 711 2661 divisiones
741 2597 904 2674 logistieas,
939 2595 1173 2673 scrupulositatis
1203 2595 1348 2669 infinitae,
1384 2596 1437 2656 ubi
1463 2588 1491 2657 Ι

139 2686 304 2759 progressio
319 2685 356 2743 ad
377 2687 471 2758 tertia,
496 2693 611 2761 quarta,
634 2687 747 2762 quinta,
769 2696 853 2744 sexta
868 2692 897 2744 et
918 2687 961 2743 sic
976 2683 1122 2761 deinceps.
1159 2682 1284 2742 Tantam
1300 2681 1491 2743 subtilitatem

139 2786 198 2829 non
229 2770 380 2847 profitetur
414 2789 484 2831 usus
513 2771 657 2832 chiliadis
687 2779 816 2833 nostrae.
861 2771 983 2832 Maneat
1014 2773 1101 2850 igitur
1129 2770 1203 2832 baeu
1232 2770 1345 2830 utilitas
1377 2770 1491 2848 propris

138 2857 257 2919 tabulae
279 2858 510 2922 hexecontadon.

243 2943 303 3006 Sed
326 2948 396 3023 quis
418 2945 492 3008 baec
515 2945 617 3007 tabula
638 2945 760 3024 praefigi
782 2945 856 3006 solet
879 2946 966 3006 etiam
989 2945 1098 3005 tabulis
1120 2944 1323 3005 astronomicis
1352 2954 1384 3004 et
1405 2942 1491 3021 cpbc·

139 3031 308 3105 meridibus,
332 3035 488 3110 inquibus
509 3051 568 3094 non
590 3033 623 3093 iit
645 3035 809 3111 progressio
833 3032 908 3093 ultra
930 3032 1067 3107 secunda,
1093 3031 1141 3092 vel
1164 3031 1201 3092 ad
1224 3048 1371 3091 summum
1395 3032 1491 3091 tertia:

139 3119 216 3179 hunc
234 3120 298 3196 ejus
322 3138 407 3180 usum
423 3121 525 3180 tabula
546 3129 646 3181 nostra
663 3123 854 3198 sexagenaria
875 3119 1043 3196 plenissime
1066 3127 1195 3196 praestat
1218 3118 1341 3196 ejusque
1364 3120 1491 3180 necessi·

139 3215 230 3268 tatem
252 3209 368 3284 penitus
391 3208 477 3281 tollit,
503 3208 581 3285 quod
605 3209 716 3270 docebo
739 3210 903 3285 praeceptis
926 3208 1124 3284 sequentibus.

250 3364 273 3428 I.
309 3367 618 3437 stmciptioaciones
641 3366 818 3436 logisticas
839 3367 1002 3436 perticere
1025 3365 1379 3437 compendiosissime.

243 3478 373 3538 Primum
389 3481 506 3555 capiant
517 3479 637 3552 numeri,
655 3480 785 3554 quisunt
800 3481 828 3535 iu
844 3495 876 3537 se
891 3485 991 3537 mutuo
1003 3475 1224 3552 multiplicandi,
1242 3475 1491 3537 denominationes

140 3582 191 3625 sen
220 3568 321 3642 apices
351 3566 509 3625 familiares
536 3564 656 3624 tabulae
680 3564 829 3625 chiliadis.
874 3564 948 3624 Nam
977 3567 1046 3640 quia
1077 3565 1105 3621 iu
1128 3562 1265 3640 logistica
1286 3566 1387 3639 apices
1410 3571 1491 3623 ante·

140 3651 276 3712 cedentes
299 3651 462 3730 intcgra1⁰
484 3669 587 3712 uersus
609 3654 755 3712 sinistram
777 3660 846 3712 suut
867 3651 978 3711 indices
1000 3667 1220 3726 sexagenarum,
1243 3660 1401 3726 sequentes
1426 3666 1491 3711 vert

140 3741 253 3815 integra
287 3737 320 3798 1⁰
352 3749 419 3800 sunt
453 3739 563 3799 indices
591 3741 839 3816 sexagesimorum
870 3738 1088 3816 scrupulorum,
1120 3755 1172 3798 seu
1202 3739 1375 3798 fractionum
1409 3739 1491 3796 unius

139 3829 258 3903 integri:
288 3827 438 3887 sciendum
461 3829 561 3903 igitur,
591 3820 725 3886 numeros
748 3829 777 3885 in
801 3827 936 3886 columna
958 3828 1150 3902 sexagenaria
1171 3827 1287 3901 proprie
1311 3824 1436 3900 intelligi
1459 3822 1491 3883 ds

139 3915 330 3990 sexagesimis
359 3913 504 3991 scrupulis
531 3916 632 3990 primis
660 3925 689 3974 et
711 3913 861 3986 secundis,
897 3923 1034 3990 tanquam
1057 3913 1247 3972 tractionibus
1269 3914 1356 3971 unius
1380 3913 1491 3988 integri.

139 4001 218 4077 Ergo
240 4003 265 4060 si
288 4002 445 4062 offerantur
466 4002 574 4078 gradun
597 4009 627 4063 et
649 4003 761 4061 minuta
782 4003 811 4059 in
835 4001 969 4060 datorum
991 4000 1148 4078 alterutro,
1182 4016 1234 4075 pro
1257 3998 1399 4076 gradibus
1420 3999 1491 4058 scri·

139 4089 246 4149 bantur
267 4091 396 4165 minuta,
424 4105 477 4167 pro
506 4092 625 4148 minutis
656 4088 795 4150 secunda.
839 4088 923 4147 'l'unc
944 4090 980 4146 ils
1002 4089 1031 4145 iu
1054 4088 1245 4162 sexagenaria
1267 4088 1410 4163 quaesitis
1441 4102 1491 4145 ex·

139 4183 293 4253 cerpentur
316 4176 496 4253 Logarltltmi
518 4175 721 4252 addentesque
744 4178 772 4234 iu
795 4192 885 4235 unam
907 4191 1066 4248 summam,
1090 4191 1166 4250 quac
1191 4176 1264 4233 inter
1287 4171 1491 4251 Logarithmot

139 4266 274 4341 quaesita
306 4264 456 4324 exhibebit
486 4264 542 4324 sub
572 4265 764 4340 sexagenaria
795 4264 903 4323 iactum
932 4264 960 4319 in
991 4263 1091 4338 primis
1120 4271 1150 4319 et
1178 4260 1322 4321 secundis.
1378 4259 1439 4320 Sed
1468 4258 1491 4319 sl

138 4352 219 4428 prius
247 4352 346 4428 apices
377 4349 663 4427 multiplicandorum
693 4352 808 4411 inerunt
836 4352 953 4420 mutati,
986 4365 1062 4406 nunc
1085 4350 1173 4407 etiarn
1196 4348 1265 4407 iacti
1288 4349 1389 4424 apices
1410 4356 1491 4409 erunt

138 4438 270 4499 mutandi
293 4440 323 4498 iu
346 4441 536 4512 contrarium,
560 4456 628 4498 natu
651 4447 724 4514 quot
746 4441 844 4514 apices
867 4439 981 4512 utrique
1000 4436 1125 4511 junctim
1147 4435 1238 4494 additi
1263 4444 1345 4509 sunt,
1369 4434 1491 4497 totidem

136 4526 198 4603 jam
222 4529 272 4585 uni
295 4525 351 4587 soll
374 4527 517 4604 quatienti
538 4533 608 4584 suut
629 4524 776 4585 adimendi
799 4533 829 4585 et
851 4526 987 4584 vicissim.

242 4635 458 4706 Exemplum.
502 4638 559 4688 Sint
576 4636 763 4703 multiplicandi
780 4637 823 4688 25⁴
841 4636 902 4688 85⁴¹.
939 4635 1001 4699 Lug.
1021 4637 1107 4685 80240

739 4712 765 4756 et
781 4706 826 4760 dtl'
844 4706 906 4759 00”.
942 4706 1109 4770 nogueres

869 4776 1174 4847 efflasu'e‘au
1188 4792 1233 4845 au
1252 4791 1305 4845 ιν·
1320 4792 1431 4849 norm
