3284 5520
727 931 873 1014 vuso

476 1108 661 1209 NOBILI
691 1109 761 1208 ΕΤ
792 1106 1118 1209 uocrlsslnro

420 1324 485 1436 D.
535 1320 775 1437 JOANNI
822 1321 1166 1468 KEPLERO,

252 1494 549 1556 caesareae
586 1496 905 1565 Maiestatis
940 1493 1340 1553 Mathematioo.

402 1882 490 1938 Altius
509 1882 629 1937 erexisse
647 1881 760 1950 animoa,
779 1881 826 1951 qui
843 1880 935 1936 sidera
951 1881 1067 1951 primam

402 1969 473 2026 Sunt
490 1969 584 2036 mensi¹
603 1976 705 2024 temere
724 1984 778 2023 nou
797 1967 912 2024 credidit
929 1969 991 2039 ipse
1007 1973 1139 2035 sanetas,

402 2057 602 2125 flauentiaque
619 2054 694 2124 globi
711 2055 808 2111 Lause
827 2055 952 2124 Solisque
969 2053 1094 2110 laborum

402 2142 508 2197 Emere
526 2149 554 2198 et
572 2152 670 2199 causas
689 2143 788 2212 eonati,
806 2158 838 2199 ae
856 2141 917 2214 lege
935 2142 1106 2213 planetarum

399 2228 531 2285 Errantes
549 2237 625 2287 certa
643 2244 739 2287 cursus
756 2237 908 2286 monstrare
925 2229 1021 2305 tepori.

400 2404 461 2473 His,
479 2405 651 2476 Keplere‚
670 2404 761 2461 animo
779 2407 875 2476 mmor,
895 2404 1010 2461 divinior
1026 2403 1100 2460 intus

398 2482 478 2549 Kena
495 2490 581 2562 meat
598 2492 707 2563 genium
724 2493 918 2564 ingeniumque
935 2498 1013 2546 tunm
1031 2491 1140 2562 motat,
1158 2490 1209 2547 alis

395 2579 433 2635 Ut
451 2596 506 2635 non
524 2579 669 2636 Daedaleis
687 2579 830 2651 perquiras
850 2578 959 2649 singula
976 2579 1058 2635 coeli:

398 2666 439 2720 Te
456 2667 564 2736 superis
581 2667 716 2723 immisces
735 2667 834 2722 entheo
853 2667 988 2736 acumine,
1009 2666 1101 2723 coelos

397 2755 470 2810 Dum
488 2753 605 2824 scandis,
624 2753 706 2809 scalis
724 2753 808 2810 illatis
827 2759 898 2824 aere,
917 2755 997 2810 firmo

397 2840 496 2896 Innixa
514 2840 648 2910 manuum
666 2840 837 2910 perlustrans
856 2841 952 2897 ordine
970 2841 1111 2911 sphaerae.

398 2928 436 2984 Iit
453 2932 530 2983 tatus
548 2942 654 2982 remees
672 2927 788 2983 emensis
807 2925 929 2994 orbibus,
947 2926 1011 2982 inde

396 3013 540 3070 immundo
557 3012 658 3071 mundo
677 3011 788 3068 miraola
806 3020 835 3071 et
852 3014 911 3070 fata
929 3013 1081 3085 recludens,

397 3102 492 3172 Ipsum
511 3107 625 3157 naturae
642 3100 790 3156 miraelum.
827 3101 899 3157 Hine
916 3117 982 3172 ergo
1000 3124 1105 3169 μαιαιοι

397 3187 510 3257 Cedant,
529 3189 576 3258 qui
594 3204 733 3257 nunqnam
752 3189 867 3259 eupiunt
886 3191 1031 3247 exsolvere
1048 3196 1167 3247 mensem

394 3277 517 3332 Immerai
535 3291 619 3332 eoeno
638 3292 768 3342 errorum,
786 3277 863 3345 queis
881 3277 984 3334 suffieit
1000 3295 1085 3334 unum

396 3363 523 3420 Polluere
540 3364 680 3434 ingenium
697 3365 750 3419 heo
767 3380 889 3421 annosae
907 3365 1050 3435 aspergine
1068 3363 1148 3420 labis.

396 3452 498 3519 Magno
515 3458 604 3506 maere
622 3452 713 3507 animo
731 3452 780 3519 vir,
798 3469 853 3508 nou
872 3453 989 3509 mortale
1008 3452 1082 3522 quod
1101 3458 1189 3523 optas,

397 3540 463 3595 Cum
482 3538 613 3611 chymieis
631 3541 734 3610 pariter
752 3541 864 3597 coelesti
882 3540 983 3597 lumine
1002 3541 1092 3610 digne.

982 3700 1170 3784 isachimus
1198 3703 1360 3784 Taneiius
1388 3701 1425 3782 o.
