3284 5520
229 311 294 383 156
775 315 807 370 ln
825 312 1040 386 Hyperaspistsn

228 493 375 554 verseniur
404 500 583 555 commotus:
615 495 713 554 timuit
741 500 830 570 atque
852 495 937 554 timet
958 493 996 554 ab
1018 496 1240 571 impugnatione
1261 508 1329 554 mea
1349 504 1442 569 regno
1465 488 1586 551 cuidam

228 599 292 656 suo,
316 596 420 657 nempe
442 584 582 659 antiquae
604 588 633 642 et
656 588 745 655 tutae,
769 590 803 641 ut
825 581 1037 651 arbitrabatur,
1058 582 1120 658 jam
1144 581 1324 662 possessioni
1344 579 1435 657 hujus
1460 578 1582 655 opinio·

226 670 282 744 ais,
306 677 434 729 cometas
455 672 485 728 in
509 671 592 730 coelo
615 671 706 744 nasci,
730 670 777 728 cui
800 667 850 729 ille
874 686 927 729 ceu
950 668 1128 730 solidissimo
1151 669 1340 731 fundamento
1357 682 1495 745 magram
1510 683 1584 745 par·

228 763 287 816 tem
309 774 428 816 suorum
452 758 622 835 dogmatum
645 763 674 818 et
696 773 816 833 operum
839 764 1081 834 superstruxerat.
1130 758 1189 817 Arx
1214 774 1314 819 eoram
1337 761 1400 816 erat
1422 770 1585 830 argumen-

186 902 191 912 ,
227 852 289 904 tum
313 861 347 903 ex
370 845 525 921 parallaxi,
549 863 607 922 quo
632 851 771 921 tanquam
794 846 905 905 invicto
928 845 1094 909 utebantur,
1138 845 1205 906 Hoc
1227 847 1324 923 ipsum
1347 859 1423 903 nanc
1448 839 1585 903 imbecil-

226 930 287 991 lum
311 940 414 992 centra
436 933 588 994 veritatem
611 934 751 1007 autiquae
773 934 936 993 sententiae
959 929 1113 1009 detegitur,
1137 939 1168 992 at
1191 940 1293 993 contra
1307 929 1469 992 falsitatem
1483 945 1584 990 novas

227 1021 332 1079 summi
364 1019 477 1079 roboris
508 1037 572 1081 esse
602 1017 765 1081 ostenditur
795 1018 931 1096 adeoque
959 1026 994 1079 ut
1021 1026 1224 1095 argumentum
1248 1016 1439 1080 ineluctabile
1461 1018 1492 1079 ln
1516 1033 1584 1079 eam

227 1113 419 1183 retorquetur.
464 1109 530 1168 Nou
553 1110 653 1184 itaque
675 1109 795 1180 mirum,
828 1124 895 1166 cum
924 1110 999 1165 iutra
1021 1107 1185 1183 penetralia
1206 1106 1394 1168 munitissimi
1416 1120 1454 1163 ac
1475 1105 1583 1163 summi

227 1211 327 1254 eorum
350 1194 562 1273 propugnaculi
584 1197 712 1255 rationes
735 1211 818 1254 meae
840 1196 1066 1272 penetraverint,
1090 1196 1116 1254 si
1139 1196 1177 1254 sit
1198 1194 1274 1256 adeo
1292 1191 1481 1271 perturbatus
1495 1189 1583 1268 Kep-

93 1358 102 1370 ο
226 1280 321 1355 lerus3
345 1300 435 1343 causa
457 1285 568 1343 timoris
591 1281 762 1360 praevalida
786 1289 839 1357 est,
863 1288 992 1343 attamen
1015 1283 1101 1342 timor
1123 1281 1312 1344 illaudabilis.
1350 1280 1416 1340 Non
1440 1279 1521 1338 enim
1544 1276 1583 1337 ad

228 1375 344 1429 nostras
374 1372 534 1448 positiones
563 1369 704 1444 tuendas,
736 1368 789 1430 sed
816 1369 854 1430 ad
883 1371 1036 1430 veritatem
1057 1368 1256 1447 indagandam
1280 1385 1380 1429 omnes
1403 1368 1497 1427 uoshi
1519 1372 1585 1426 stu-

229 1456 341 1516 diorum
366 1465 488 1519 conatus
510 1457 629 1518 tendere
653 1458 789 1517 debeat.“
835 1457 901 1517 Hac
925 1458 1038 1518 ratione
1062 1456 1277 1519 Claramontias
1300 1462 1402 1517 contra
1424 1470 1585 1531 oppugna·

227 1551 320 1604 torem
349 1545 588 1606 mathematicum
621 1550 650 1604 ct
677 1555 877 1605 astronomum
899 1563 959 1604 rem
982 1562 1067 1605 suam
1089 1543 1244 1607 defendere
1266 1543 1385 1622 studet,
1413 1548 1585 1620 perfetum

226 1631 332 1691 librum
363 1634 525 1694 rationibus
548 1630 710 1693 dialecticis
733 1640 762 1692 et
785 1634 969 1710 paucissimis
999 1635 1202 1694 astronomicis
1225 1634 1320 1709 iisque
1343 1628 1419 1691 male
1442 1626 1585 1689 adhibitis

227 1717 348 1796 Kepleri
372 1724 500 1780 rationes
525 1728 656 1781 evertere
679 1726 810 1779 conatus.
858 1717 904 1777 Ad
930 1719 987 1779 hoc
1008 1722 1149 1797 scriptum
1170 1719 1318 1798 Keplerus
1340 1735 1400 1778 non
1420 1715 1584 1793 respoudit.

201 1842 206 1851 -
227 1806 262 1864 Iu
284 1804 376 1867 literis
399 1807 437 1867 ad
455 1807 616 1885 Criigeram
639 1806 716 1867 datis
731 1805 758 1865 d.
779 1809 804 1865 1.
822 1806 894 1866 Maii
914 1808 1007 1866 1626.
1029 1806 1172 1884 legimus:
1198 1807 1325 1883 „Scribit
1346 1805 1385 1865 ad
1403 1820 1451 1863 me
1465 1801 1586 1865 Jesutta

227 1893 403 1954 Viennensis
426 1893 537 1955 Paulus
562 1893 687 1967 Gnidin,
717 1893 950 1954 claramontium
971 1894 1085 1956 Romae
1116 1893 1270 1956 extrudere
1297 1892 1504 1953 refutationem
1527 1892 1586 1951 mei

227 1980 465 2059 Hyperaspistis,
496 1980 547 2042 sed
570 1983 719 2042 censuisse
741 1983 840 2042 socios
861 1998 945 2056 snos,
969 1984 1019 2056 qai
1041 1989 1111 2041 snut
1131 1981 1259 2056 Romae,
1284 1997 1330 2041 me
1353 1978 1584 2040 confirmandum

227 2086 265 2129 ne
289 2069 387 2127 auimo
411 2068 582 2142 defetiscar,
614 2086 732 2129 causam
756 2072 833 2139 enim
858 2068 997 2128 Germani
1020 2087 1073 2146 pro
1097 2067 1244 2130 Germane
1267 2070 1377 2130 bonam
1399 2082 1475 2127 esse
1521 2064 1585 2125 Nisi

227 2154 327 2230 fallor,
357 2155 473 2216 Sarsius
503 2156 552 2216 ille
578 2158 607 2215 in
631 2155 793 2233 appendice
815 2156 933 2216 Jesaita
956 2163 985 2217 nt
1007 2160 1072 2234 ipse
1094 2164 1139 2218 est
1162 2158 1291 2235 mihique
1314 2154 1371 2216 hec
1392 2153 1493 2214 nescio
1518 2154 1587 2231 quis

226 2242 334 2303 retulit.
379 2242 449 2316 ille,
479 2245 503 2302 si
526 2261 585 2303 nou
608 2244 711 2302 Davus
735 2254 792 2317 est,
816 2247 923 2305 sentiet
945 2253 1080 2322 punctus.
1126 2245 1241 2306 Doceat
1262 2262 1346 2305 suam
1368 2239 1495 2303 Perillae
1518 2238 1587 2319 (ille

226 2328 406 2403 Phalaridis)
430 2333 542 2409 mugire
565 2332 689 2405 bovem,
722 2332 864 2392 aheneum
887 2329 1012 2405 seilicet,
1043 2333 1106 2410 ipse
1129 2350 1184 2392 suo
1207 2334 1338 2393 cruciatu
1361 2348 1425 2391 eam
1449 2328 1587 2391 vocalem

226 2415 344 2490 reddat,
369 2435 420 2479 cur
442 2421 519 2479 euim
543 2437 608 2480 eant
630 2420 737 2479 struxit
759 2422 788 2477 in
811 2421 968 2497 perniciem
991 2419 1158 2496 hominum
1187 2428 1220 2479 ut
1240 2420 1284 2479 illi
1306 2416 1454 2495 pontificis
1476 2414 1587 2476 adula-

226 2515 304 2564 tores
335 2522 370 2565 eo
402 2506 524 2566 efferunt
553 2508 617 2584 ejus
646 2509 869 2580 auctoritatem,
901 2515 934 2566 ut
963 2506 1081 2569 tandem
1108 2524 1146 2568 ne
1175 2509 1248 2584 ipsis
1271 2506 1389 2583 quidem
1410 2504 1526 2565 hiscere
1550 2503 1587 2565 de

226 2592 313 2652 rebus
341 2594 430 2653 etiam
460 2594 643 2654 naturalibus
671 2594 768 2655 liceat.
815 2594 879 2653 Etsi
900 2593 1039 2654 formidat
1061 2593 1154 2655 Sileni
1177 2594 1302 2655 frontem
1325 2591 1418 2669 Aegle
1442 2598 1508 2665 ete,
1539 2592 1588 2651 ln·

226 2689 311 2757 aptus
334 2698 369 2740 eo
394 2681 525 2741 extendit
547 2699 684 2742 censuras
700 2682 766 2741 illas
781 2682 931 2741 Romanas
948 2680 1204 2759 Ceperuiceorum,
1230 2698 1369 2759 quorsum
1384 2679 1512 2739 fortasse
1527 2695 1586 2738 nou

226 2767 358 2828 extendit
380 2767 447 2828 illas
471 2771 533 2846 ipse
555 2769 703 2848 pontifex,
735 2787 809 2844 quas
837 2777 938 2847 posset
960 2768 1078 2830 Jesuita
1100 2768 1256 2830 commoda
1277 2768 1520 2846 interpretatione
1542 2768 1587 2826 sic

223 2854 328 2929 lenire,
353 2863 385 2914 ut
408 2856 456 2915 vel
480 2858 576 2933 ipsum
598 2856 765 2933 pontificem
788 2857 910 2917 haberet
933 2856 1103 2916 secundum.
1128 2863 1181 2923 (ctu.
1200 2877 1225 2925 p.
1248 2859 1314 2924 ret.)

329 2957 376 3017 Ad
400 2963 527 3020 amicum
543 2962 759 3038 Berueggerum
783 2962 858 3023 baec
876 2961 957 3023 dedit
972 2963 1135 3040 Keplerus:
1159 2963 1252 3021 Erunt
1266 2962 1387 3021 forsitan
1403 2959 1587 3035 Argeutiuae

224 3044 339 3107 nobiles
355 3047 442 3118 Daui,
468 3050 525 3106 nisi
548 3056 646 3108 tamen
670 3050 756 3109 bodie
780 3066 880 3109 omnes
902 3051 1030 3109 militant
1051 3052 1112 3122 regi
1128 3066 1200 3109 sao.
1239 3044 1271 3107 st
1290 3064 1413 3125 qaorum
1429 3045 1483 3105 tibi
1500 3047 1589 3123 eopia

226 3140 286 3204 cst,
315 3150 387 3209 rogo
417 3137 596 3211 perconteris
626 3136 662 3196 de
685 3136 855 3197 Braheanis.
901 3137 1047 3197 Dedicavi
1078 3139 1150 3213 ipsis
1173 3136 1422 3213 Hyperaspisten,
1453 3133 1588 3193 nondum

227 3224 448 3297 repraesentavi
472 3224 664 3299 exemplaria3
690 3241 824 3301 cuperem
847 3242 913 3285 esse
927 3225 1023 3284 civilis
1039 3231 1068 3284 et
1082 3225 1255 3285 civilitatem
1269 3222 1427 3282 sollicitare
1441 3229 1587 3295 mutuam,

227 3306 278 3367 sed
303 3310 508 3369 occasionibus
532 3309 683 3370 destituor.

330 3414 364 3472 Ia
395 3431 429 3474 eo
459 3412 535 3475 libro
566 3434 633 3476 acer
662 3416 704 3477 fui
727 3424 756 3477 et
778 3416 901 3477 acerbus
924 3419 953 3474 in
978 3414 1226 3485 Claramontium,
1258 3412 1348 3472 uelim
1372 3411 1426 3470 tibi
1450 3408 1588 3487 exemplo

227 3517 291 3560 csse
315 3506 644 3575 (ctr.v01.vi.p.e‘.>1t.
687 3503 784 3564 Sumsi
807 3504 877 3562 mihi
901 3504 1106 3564 auctoritatem
1130 3501 1258 3562 doctoris
1282 3502 1309 3558 in
1334 3500 1404 3559 artis
1427 3496 1589 3557 cavillato-

226 3604 286 3647 rem
309 3591 484 3666 imperitum.
530 3589 599 3649 Jam
622 3589 671 3648 ille
694 3591 833 3667 apologia
856 3590 935 3650 edita
958 3607 1011 3667 pro
1029 3591 1140 3666 juvene
1163 3590 1336 3659 temerario,
1363 3586 1471 3645 famam
1495 3584 1589 3644 atlec·

228 3681 316 3747 tante,
339 3677 437 3752 prodit
458 3678 529 3736 mihi
552 3676 677 3737 Senator
694 3679 878 3753 Caesennas,
905 3684 1024 3737 senecta
1047 3676 1241 3749 venerandus,
1266 3676 1382 3751 legatus
1404 3670 1589 3748 reipublicae

227 3780 298 3823 suae
321 3763 359 3822 ad
382 3781 512 3825 summos
535 3763 696 3841 pontifices,
722 3767 819 3841 legum
843 3764 1022 3825 emendator.
1061 3764 1165 3824 'l'alem
1189 3780 1225 3823 ex
1247 3762 1316 3822 stilo
1339 3770 1369 3821 et
1383 3757 1481 3819 stadio
1498 3775 1589 3836 prae-

227 3858 345 3927 postero
370 3851 486 3911 odorari
509 3870 567 3913 nen
592 3856 683 3928 potui.
730 3854 809 3929 Ego,
837 3856 862 3910 si
886 3852 957 3928 quid
980 3858 1098 3922 contra,
1132 3849 1226 3910 selum
1250 3848 1306 3909 hec
1329 3864 1432 3924 agam,
1464 3846 1591 3905 dimissa

228 3940 408 4014 quaestione,
433 3942 463 3996 in
487 3958 546 4016 qua
569 3955 657 3999 senex
682 3941 804 4012 delirat,
828 3940 951 3998 moralia
975 3939 1125 4013 tractabo,
1148 3956 1195 3997 me
1219 3954 1372 4009 excusans,
1396 3933 1590 4010 expostulans

227 4043 293 4085 curn
322 4024 388 4099 illo,
419 4034 595 4104 protestans.
640 4026 700 4087 Sed
728 4027 831 4087 desino
855 4044 920 4086 cum
943 4043 1071 4103 papyro,
1103 4043 1180 4101 qaae
1203 4032 1248 4083 est
1271 4025 1335 4099 ejus
1357 4022 1499 4098 paginae,
1530 4038 1591 4098 qua

228 4112 361 4173 Tabulae
391 4131 475 4174 meae
505 4114 720 4192 imprimantur,
751 4123 856 4190 quarta
879 4130 956 4191 pars.
1002 4112 1088 4173 Vale.
1127 4110 1427 4206 lllmaejaQ
1456 4161 1551 4221 1627·

1269 4218 1297 4275 9.
1321 4213 1392 4275 Mai.

333 4337 380 4397 nd
409 4336 554 4413 quaedam
576 4337 698 4415 Kepleri
727 4337 792 4396 loca
820 4341 849 4394 in
872 4335 1086 4412 Hyperaspiste
1115 4353 1169 4397 nos
1199 4335 1406 4395 annotavimus
1428 4350 1479 4408 ea,
1511 4352 1591 4411 quae

229 4425 442 4485 Claramontius
465 4427 495 4483 in
512 4426 709 4504 Antitychonc
732 4424 844 4483 dixerat
868 4423 915 4484 vel
942 4426 970 4480 in
995 4424 1143 4500 Apologia
1164 4422 1364 4498 responderat.
1402 4421 1461 4481 Hic
1482 4435 1591 4484 mone·

228 4531 302 4587 mus,
327 4512 557 4573 Claramoutium
581 4512 744 4591 Apologiae
767 4529 839 4572 suae
863 4528 939 4569 anno
966 4512 1047 4570 1636
1072 4510 1281 4587 („approbatio
1304 4507 1416 4586 proeli“
1441 4508 1473 4570 S.
1489 4507 1590 4569 Officii

230 4601 300 4658 data
321 4610 366 4660 cst
387 4617 464 4659 auno
491 4603 584 4680 1632)
612 4600 782 4677 adjunxisse
813 4599 935 4670 librum,
968 4616 1055 4673 quem
1079 4600 1238 4674 inscripsit:
1270 4598 1316 4657 De
1338 4596 1409 4657 sede
1431 4594 1589 4659 sublunari

230 4696 407 4747 cometarum
429 4689 572 4766 opuscula
594 4691 659 4762 tria,
685 4690 713 4745 iu
737 4686 973 4764 supplementum
996 4685 1203 4763 Antitycbonis
1226 4683 1373 4745 cedentia:
1402 4678 1433 4765 1)
1449 4682 1591 4745 conside-

230 4776 304 4836 ratio
328 4776 566 4839 observatioaum
588 4774 728 4839 Iudaram
752 4780 884 4837 cometae
906 4775 977 4833 anni
1003 4773 1103 4847 1618,
1134 4771 1167 4850 2)
1197 4771 1393 4835 consideratio
1419 4787 1456 4833 ac
1477 4770 1591 4836 solatio
