3284 5520
56 330 63 342 .
138 286 204 357 296
549 290 584 346 iu
600 288 699 347 bbrum
716 288 829 361 Kepieri
846 288 880 346 de
896 288 1080 360 Logaritburis
1170 242 1176 253 ⁹

144 484 330 529 numerorum
362 476 415 529 aut
448 469 646 553 quantitatum
676 467 931 545 aequidilierentes
963 477 1031 529 sunt
1061 468 1237 547 legaritbmi.
1282 470 1313 529 2.
1342 474 1373 530 et
1395 470 1426 530 3.
1454 468 1500 529 Ex

144 560 230 617 trium
253 556 514 632 proportionalium
536 555 720 633 legaritbmis
744 554 865 633 duplum
888 556 1009 618 secundi
1031 574 1083 618 seu
1107 556 1204 631 medii,
1228 558 1373 618 minutum
1396 557 1500 637 primo,

18 644 21 649 ’
144 652 288 721 aequatur
310 646 405 718 tertio,
429 654 458 704 et
481 643 602 721 duplum
626 644 746 705 secundi
770 650 915 720 aequatur
934 653 1093 721 aggregato
1118 651 1321 706 extremorum.
1359 647 1392 705 4.
1417 652 1448 706 et
1471 645 1499 703 5.

145 733 190 791 Ex
206 734 226 791 4
245 731 508 809 proportionalium
523 732 705 808 legaritbmis
729 737 920 808 aggregatum
936 732 1058 791 secundi
1080 740 1110 793 et
1125 734 1213 805 tertii,
1235 734 1380 792 minutum
1396 734 1502 812 primo,

141 827 284 896 aequatur
315 828 435 894 quarto,
471 828 500 877 ct
528 829 719 895 aggregatum
748 818 909 878 mediorum
937 826 1082 896 aequatur
1108 827 1269 896 aggregato
1293 826 1499 881 extremorum.

143 908 171 965 6.
192 907 235 965 Ex
251 913 377 981 quatuor
391 909 529 965 continue
544 906 806 985 proportionalium
821 905 1004 981 logaritbmis
1019 906 1136 984 triplum
1152 906 1321 968 alterutrius
1335 906 1500 968 mediorum

141 999 286 1071 aequatur
307 1000 467 1070 aggregato
491 996 611 1053 extremi
634 997 736 1053 remoti
760 1003 789 1054 et
812 992 893 1070 dupli
916 995 1014 1053 vicini.

246 1078 329 1139 Haeo
352 1083 454 1159 paucis
476 1080 622 1140 illustrata
643 1083 775 1158 sequitur
799 1080 1019 1157 ,Admonitio“,
1043 1084 1073 1140 in
1097 1099 1156 1157 qua
1179 1078 1249 1141 dicit
1265 1080 1408 1160 Neperus,
1432 1079 1500 1141 ideo

141 1185 174 1228 se
207 1169 256 1244 ,iu
285 1173 401 1245 tempus
430 1171 523 1244 magis
547 1167 685 1227 idoneum
707 1168 868 1228 doctrinam
891 1171 1116 1228 constructionis
1137 1168 1380 1246 legaritbmorum
1402 1175 1501 1228 traus-

141 1254 287 1315 silientem
318 1254 356 1315 ad
385 1273 485 1315 eorum
515 1273 599 1314 usum
624 1274 792 1335 properare,
824 1263 857 1315 ut
877 1256 1049 1331 praelibatis
1071 1258 1153 1333 prius
1175 1272 1230 1316 usu
1254 1264 1284 1316 et
1305 1259 1348 1316 rei
1371 1255 1501 1315 utilitato

143 1350 241 1403 cetera
270 1350 322 1401 ant
352 1346 446 1420 magis
480 1343 616 1422 placeant
649 1343 773 1421 posthac
805 1342 935 1422 edenda,
968 1352 1021 1403 aut
1051 1346 1146 1402 minus
1176 1344 1281 1403 saltem
1312 1342 1500 1420 displiceant,

142 1429 259 1489 silentio
288 1430 413 1506 sepulta.
458 1430 636 1490 Praestolari
667 1433 744 1490 enirn
773 1430 951 1490 eruditorum
981 1431 1016 1490 de
1044 1430 1090 1490 bis
1114 1430 1259 1507 judicium
1282 1439 1311 1490 et
1334 1447 1500 1504 censuram,

143 1519 314 1597 priusquam
337 1527 443 1591 cetera,
467 1514 495 1575 in
519 1518 615 1579 lucem
638 1526 747 1579 temere
760 1520 887 1598 prolata,
908 1517 1065 1578 lividorum
1089 1518 1261 1578 detractioni
1284 1521 1498 1594 exponantur.“

143 1603 227 1680 Quae
259 1603 305 1664 bis
336 1606 489 1682 subjungit
510 1605 660 1681 Neperus,
694 1606 782 1684 plane
810 1605 848 1666 ad
876 1622 962 1664 nsum
984 1604 1224 1682 legaritbmorum
1247 1615 1276 1665 et
1299 1608 1422 1666 canonis
1446 1606 1502 1665 de·

140 1693 327 1768 scriptionem
358 1696 519 1770 pertinent,
552 1695 594 1753 ita
626 1700 659 1753 ut
691 1696 785 1753 omnis
817 1693 1057 1770 legaritbmorum
1090 1693 1203 1754 theoria
1232 1710 1285 1753 sex
1313 1694 1431 1770 paginis
1463 1695 1504 1753 sit

142 1778 289 1841 absoluta.

246 1866 281 1925 In
312 1867 369 1927 fine
400 1867 488 1943 hujus
518 1866 741 1927 introductionis
768 1866 842 1927 baec
872 1866 1047 1927 concludens
1076 1866 1146 1926 dicit
1173 1866 1320 1945 Neperus,
1352 1865 1391 1926 ad
1422 1884 1503 1943 quae

140 1951 288 2029 Keplerus
318 1956 348 2012 in
373 1953 607 2031 „Dedicatione“
633 1952 835 2033 premeridis
864 1953 902 2013 ad
924 1971 1033 2014 annum
1059 1956 1151 2014 1620.
1182 1954 1224 2032 (v.
1248 1953 1333 2029 inira)
1364 1955 1502 2033 respicit:

141 2041 221 2102 Satis
244 2057 313 2117 ergo
325 2040 389 2118 jam
404 2049 553 2101 ostensum
570 2049 623 2114 est,
647 2043 726 2117 quod
743 2043 810 2116 sint,
834 2041 905 2118 quid
920 2045 978 2100 sint
1000 2051 1030 2101 et
1046 2043 1129 2118 cujus
1153 2058 1223 2101 usus
1237 2044 1296 2101 sint
1317 2041 1501 2117 logatitbmi.

50 2162 57 2177 ·
140 2129 250 2188 Eorum
267 2131 343 2187 enim
359 2128 500 2189 beneficio
516 2130 628 2204 absque
644 2128 904 2207 multiplicationis,
925 2129 1079 2188 divisionis
1096 2135 1148 2189 aut
1162 2128 1292 2188 radicum
1308 2130 1502 2188 extractionis

140 2215 278 2275 molestie
316 2219 410 2275 omnis
444 2219 638 2293 geometricae
676 2218 858 2293 quaestionis
894 2216 1069 2277 solutionem
1104 2216 1270 2291 logisticam
1302 2218 1502 2295 promtissime

141 2303 282 2374 exbiberi,
306 2311 367 2363 tum
383 2303 546 2383 apodictica
561 2304 833 2377 demonstravimus,
858 2312 919 2364 tum
934 2305 1076 2383 exemplis
1092 2306 1245 2386 utriusque
1261 2306 1503 2380 trigouometriae

143 2389 306 2450 docuimus.
345 2392 525 2451 Promissum
540 2394 640 2468 itaque
656 2392 807 2451 mirificum
823 2391 1062 2468 legaritbmorum
1078 2408 1219 2451 canonem
1242 2389 1358 2450 habetis
1375 2392 1503 2468 ejusque

141 2478 352 2555 amplissimum
368 2497 468 2539 usum:
493 2496 569 2555 quae
592 2481 617 2537 si
640 2480 725 2539 vobis
749 2478 953 2539 eruditioribus
975 2487 1060 2555 grata
1081 2480 1143 2539 lore
1166 2496 1202 2538 ex
1225 2479 1372 2557 rescriptis
1392 2481 1504 2538 vestris

140 2565 329 2640 intellexero,
363 2570 478 2626 animus
506 2566 576 2625 mibi
605 2566 728 2626 addetur
756 2567 793 2627 ad
824 2566 942 2626 tabulae
965 2565 1134 2628 condendae
1157 2565 1327 2626 methodum
1349 2567 1380 2623 iu
1402 2565 1502 2627 lucem

142 2655 230 2714 etiam
252 2654 465 2730 proferendam.

249 2740 625 2818 Ann01619.Edinburgi
649 2749 679 2802 et
701 2758 778 2801 anuo
796 2741 888 2800 1620.
907 2740 1044 2818 Lugduni
1067 2739 1190 2821 prodiit:
1214 2738 1331 2799 Miriflci
1353 2738 1502 2817 legaritb-

141 2844 255 2887 morum
278 2829 408 2890 Cononis
431 2830 669 2890 Constructio
693 2838 844 2890 eteorum
867 2827 905 2887 ad
928 2828 1077 2889 naturales
1099 2830 1229 2908 ipsorum
1250 2843 1387 2887 numeros
1411 2827 1503 2888 babi-

143 2915 271 2997 todines,
294 2935 353 2976 una
375 2934 440 2977 cum
463 2916 625 2996 appendice
649 2916 684 2976 de
708 2915 767 2975 alia
789 2933 883 2992 eaque
906 2917 1116 2995 praestantiore
1138 2915 1378 2993 logaritbmorum
1400 2917 1503 2993 specie

142 3002 305 3066 condenda.
357 3004 471 3080 Quibus
505 3021 655 3063 accessere
688 3006 902 3082 propositiones
934 3002 972 3062 ad
1004 3003 1151 3080 triangula
1183 3002 1336 3082 sphaerica
1367 3001 1503 3063 faciliore

143 3090 256 3150 calculo
286 3091 469 3151 resolvenda.
515 3090 581 3152 Una
605 3109 670 3151 cum
693 3090 932 3150 annotationibus
956 3090 1070 3168 aliquot
1092 3090 1252 3151 doctissimi
1275 3090 1313 3149 D.
1336 3087 1503 3150 Henrici

141 3177 205 3236 Bri
213 3179 297 3255 ggii
320 3181 350 3237 in
373 3196 432 3240 eas.
473 3178 565 3238 Filius
580 3177 706 3238 Joannis
721 3178 838 3258 Nepesi,
862 3177 1018 3248 Robertus,
1042 3180 1072 3236 in
1094 3178 1277 3256 praelatione
1300 3175 1379 3250 dicit,
1403 3179 1503 3256 ipsum

143 3272 292 3325 auctorem
316 3266 386 3327 huic
408 3266 549 3344 opusculo
575 3275 733 3326 extremam
756 3284 873 3325 manum
896 3282 953 3324 non
977 3268 1169 3344 imposuisse,
1191 3265 1330 3325 babuisse
1353 3280 1426 3325 vero
1450 3282 1503 3344 per

42 3356 45 3361 '
141 3352 257 3429 aliquot
279 3371 373 3414 annos
397 3357 607 3433 conscriptum,
642 3371 697 3413 nec
726 3370 758 3412 se
790 3353 940 3425 dubitare,
978 3355 1066 3429 „quin
1098 3360 1182 3431 pater
1214 3352 1271 3411 boo
1301 3368 1375 3428 opus
1405 3350 1501 3411 multo

143 3440 299 3518 perfectius
329 3453 359 3501 et
387 3442 515 3501 limatius
545 3443 575 3499 in
605 3441 698 3501 lucem
729 3440 886 3512 edidisset,
920 3442 943 3497 si
968 3440 1048 3500 Deus
1079 3439 1239 3516 longiorem
1269 3440 1348 3498 vitae
1379 3456 1502 3499 usuram

142 3530 365 3587 concessisset.“
418 3529 574 3588 Addidisse
604 3547 635 3588 se
661 3529 897 3603 „lucubrationes
920 3526 1053 3604 aliquot“
1078 3527 1197 3586 Henrici
1221 3527 1330 3604 Briggii
1353 3526 1383 3582 in
1406 3526 1504 3604 patris

141 3617 355 3692 propositiones
378 3616 417 3677 ad
439 3618 686 3692 trigonometriam
709 3616 889 3692 sphaericam
912 3617 1105 3693 pertinentes,
1141 3631 1194 3674 neo
1224 3631 1282 3673 non
1306 3612 1343 3671 ed
1370 3629 1502 3686 „novem

140 3700 381 3777 legaritbmorum
412 3706 575 3781 speciem“,
608 3721 626 3762 a
653 3712 734 3782 patre
762 3704 927 3776 inventam,
962 3705 990 3761 iu
1022 3720 1082 3779 qua
1111 3703 1277 3761 unitatis
1306 3699 1503 3776 legaritb-

141 3806 222 3848 mus
245 3791 283 3848 sit
306 3807 332 3848 o.

247 3877 281 3935 ln
312 3877 368 3937 boc
396 3878 472 3937 libro
502 3896 551 3949 ca,
588 3894 663 3953 quae
693 3878 786 3954 prima
815 3874 905 3935 editio
934 3874 970 3935 de
999 3875 1256 3954 proportionaliter
1284 3871 1442 3933 crescendo
1471 3882 1504 3935 et

142 3960 336 4024 decrescendo
362 3972 391 4025 et
416 3964 534 4038 „fluxn“
560 3967 660 4043 puncti
684 3967 786 4042 paucis
808 3965 906 4022 verbis
929 3966 1037 4039 tangit,
1073 3963 1205 4042 pluribus
1227 3965 1256 4020 in
1280 3961 1356 4020 bunc
1378 3960 1502 4021 modum

141 4049 332 4129 explicantur.
377 4052 506 4110 Primum
536 4051 755 4127 distinguuntur
781 4050 886 4109 modus
909 4050 1056 4110 crescendi
1086 4049 1307 4127 ,arithmetice“
1340 4056 1371 4107 et
1392 4048 1502 4109 modus

141 4136 326 4199 decrescendi
352 4142 578 4216 ,geometrice“
626 4138 837 4214 „Aritbmetica
867 4154 994 4197 crescere
1025 4144 1087 4212 est,
1118 4136 1293 4214 aequalibus
1315 4135 1501 4212 temporibus

139 4225 257 4311 aequali
277 4244 392 4305 semper
406 4229 570 4329 quantitate
586 4227 696 4303 augeri,
720 4227 896 4302 geometrice
910 4224 1077 4285 decrescere
1090 4232 1143 4298 est,
1166 4222 1341 4300 aequalibus
1355 4224 1501 4299 tempori·

140 4312 197 4370 bus
213 4316 406 4389 quantitatem
430 4316 523 4389 primo
539 4322 640 4386 totam,
664 4312 732 4373 inde
754 4312 842 4372 aliam
865 4320 954 4387 atque
977 4310 1064 4370 eliam
1087 4312 1152 4388 ejus
1174 4320 1285 4389 partem
1309 4311 1499 4385 superstitem

140 4400 229 4457 simili
260 4419 376 4477 semper
405 4401 616 4477 proportionali
646 4408 729 4476 parte
756 4399 906 4458 diminui.“
954 4398 988 4456 In
1018 4398 1096 4459 linea
1116 4398 1156 4458 bd
1186 4396 1326 4475 procedat
1355 4402 1499 4472 puuctum

141 4488 361 4560 ,arithmetice“
388 4507 407 4548 a
439 4487 642 4560 bversusd,
678 4494 706 4546 et
736 4490 764 4544 in
795 4488 873 4546 linea
900 4486 948 4546 'lS
978 4487 1045 4563 (sin.
1071 4488 1140 4560 tot.)
1174 4493 1326 4544 moveatur
1354 4492 1498 4558 punctum

140 4572 290 4633 (ΜΤ
281 4593 311 4633 ιιι
340 4583 354 4635 1
381 4593 483 4636 versus
510 4575 531 4635 S
557 4575 794 4652 ,geometrice“‚
824 4580 994 4651 quantoque
1023 4580 1151 4651 tempore
1175 4572 1302 4633 defertur
1323 4569 1383 4631 s'l‘
1414 4570 1445 4628 in
1480 4575 1495 4629 l

139 4658 180 4741 (v.
206 4678 230 4721 c.
258 4658 312 4745 7„
336 4661 408 4742 TS),
444 4671 526 4723 tanto
553 4664 629 4722 idem
654 4660 681 4720 G
710 4671 840 4738 tempore
867 4670 1021 4721 moveatur
1042 4661 1081 4720 ab
1108 4664 1121 4719 l
1154 4662 1183 4717 in
1208 4666 1225 4719 2
1251 4664 1260 4735 (
1267 4638 1324 4740 'lm
1347 4656 1382 4716 de
1408 4660 1424 4717 1
1449 4656 1496 4731 S),

139 4750 254 4809 siin
278 4752 297 4810 6
320 4746 391 4837 Os„
421 4749 458 4811 de
481 4749 560 4826 28)
583 4759 638 4811 ete.
669 4746 795 4833 (Liueae
818 4748 882 4825 ΤΒ,
909 4748 966 4823 iS,
991 4747 1050 4824 is,
1072 4756 1128 4810 etc.
1152 4747 1287 4809 dicuntur
1309 4738 1417 4829 sinus).
1463 4744 1498 4806 Si
