3284 5520
498 367 655 429 admonitio
673 374 706 427 ad
724 370 912 429 amnena.
950 369 1027 430 ¹631.
1375 372 1438 442 593

111 554 148 609 itu
169 551 258 610 ctiam
281 549 446 628 acronycbo
470 556 583 610 tantum
606 570 625 611 a
647 550 744 613 Terris
768 551 913 625 dimovet,
943 557 977 611 ut
999 550 1198 628 apparentiam
1221 566 1279 610 non
1301 551 1440 628 majorem

111 638 179 697 relat
202 656 246 712 ea,
270 637 307 698 de
329 654 389 713 qua
411 644 536 698 testatur
557 639 655 698 tubus.
693 640 790 716 Atque
812 639 857 698 bis
880 638 930 700 ille
952 639 1100 717 principiis
1123 636 1274 710 sllicitat
1297 656 1361 698 cum
1385 655 1439 714 ego

110 732 176 784 atne
198 724 385 785 intervallum
408 724 486 785 Solis
503 734 531 785 ct
546 725 653 786 Tamne
676 725 784 785 dudum
808 725 1008 805 triplicassem,
1030 726 1092 802 jam
1115 742 1211 785 mcum
1233 724 1289 784 boc
1312 728 1441 786 vicissim

111 813 179 872 tiam
201 811 485 890 quadruplicandnm
505 818 596 889 atque
618 815 660 873 ita
682 821 768 874 vetus
789 813 1001 874 Ptolemaicum
1025 812 1325 891 duodecuplicandum
1348 815 1395 872 sit.

194 901 268 960 Cum
290 908 388 960 antem
410 901 559 978 quantitas
579 900 704 962 aedificii
718 901 857 961 mundani
873 919 924 980 per
938 901 1014 962 hanc
1029 903 1233 979 principiorum
1250 904 1441 960 variationem

111 1004 215 1064 amque
237 988 302 1047 tubi
324 988 500 1049 testimoniis
520 990 730 1049 connexionem
751 996 814 1050 tota
828 991 857 1046 in
873 990 993 1048 dubium
1009 997 1137 1060 vocetur,
1161 1004 1216 1065 ego
1231 988 1441 1067 respiciendum

111 1074 129 1135 d
150 1083 282 1136 manmta
304 1090 409 1136 censeo
432 1074 648 1152 videndumque
671 1077 761 1135 etiam
781 1084 870 1152 atque
894 1078 996 1147 etiam,
1025 1093 1063 1136 ne
1090 1076 1163 1135 torta
1190 1074 1269 1134 aliud
1292 1077 1442 1154 quippiam

111 1162 194 1223 abia
215 1164 303 1224 rebne
326 1180 436 1236 verum,
460 1154 612 1241 pulchrum
636 1163 803 1238 bonumque
825 1166 872 1235 sit,
896 1162 977 1223 alind
998 1161 1149 1242 probabile
1172 1163 1258 1222 nobis
1277 1166 1317 1222 ait
1337 1166 1441 1222 visum.

111 1249 170 1322 laid
193 1253 220 1308 si
241 1266 369 1327 namque
392 1250 556 1327 aequalitas
579 1249 648 1323 illa,
672 1267 760 1327 qnam
782 1266 836 1311 nos
859 1258 892 1309 ut
914 1250 1007 1310 solam
1031 1251 1180 1329 pulchram
1203 1249 1250 1309 vel
1274 1253 1304 1308 in
1319 1267 1442 1328 propor-

111 1352 171 1397 oue
192 1339 279 1415 spatii
302 1335 418 1414 globosi
441 1335 479 1396 ad
501 1335 666 1411 intervalla,
691 1338 737 1397 vel
761 1340 790 1396 in
813 1337 961 1397 diametris
986 1336 1056 1417 ipsis
1071 1338 1304 1413 requirebamus,
1328 1340 1353 1396 si
1369 1338 1443 1397 baec

111 1419 244 1507 inquam)
275 1424 323 1485 vel
351 1424 416 1485 sola
442 1423 565 1503 pulchra
592 1423 728 1484 habenda
750 1442 808 1484 non
831 1426 878 1499 sit,
902 1424 951 1485 vel
973 1425 1002 1483 in
1025 1427 1148 1484 materia
1170 1426 1266 1504 potius
1289 1423 1442 1503 globorum

111 1528 189 1589 rqna„
208 1528 308 1572 eorum
337 1511 429 1572 veluti
457 1511 585 1589 pondere
608 1514 690 1585 insit,
722 1511 894 1573 diametrum
918 1529 987 1573 vero
1010 1511 1113 1572 Martia
1137 1512 1290 1572 contrabat
1312 1511 1443 1572 densitas

111 1599 172 1660 lobi
194 1599 297 1677 major,
321 1606 354 1659 ut
376 1616 444 1659 rere
468 1599 519 1659 illa
542 1598 695 1659 dimetiens
719 1599 799 1676 globi
819 1599 963 1660 Martialis
987 1602 1081 1660 minor
1102 1602 1139 1658 sit
1162 1616 1249 1676 quarn
1272 1598 1352 1676 globi
1368 1600 1442 1659 Ter·

111 1703 140 1748 ia
170 1704 266 1764 caque
293 1688 405 1747 ratione
436 1689 637 1765 apparentiam
666 1686 755 1746 iaciat
785 1680 854 1746 tubi
877 1689 1053 1747 testimoniis
1080 1703 1248 1750 consonam.
1293 1688 1342 1746 Sic
1365 1688 1443 1746 enim

111 1773 198 1835 lobna
220 1773 354 1851 glacialis
375 1792 412 1835 ex
434 1791 520 1851 aqua,
545 1775 805 1850 aequeponderana
828 1773 917 1850 globo
938 1792 1037 1849 aureo,
1061 1773 1283 1853 octodecuplum
1297 1774 1357 1834 iere
1372 1792 1443 1852 spa-

113 1879 165 1921 um
189 1861 286 1939 explet
307 1863 412 1940 spatii,
436 1861 515 1938 quod
538 1869 663 1938 occupat
685 1878 806 1933 aureus,
831 1861 979 1922 diametrie
1002 1864 1031 1921 in
1054 1865 1240 1941 proportione
1263 1879 1299 1922 ca
1323 1879 1443 1922 versan-

113 1948 183 2024 bus,
207 1966 283 2025 quae
306 1958 350 2008 est
371 1952 447 2008 inter
468 1965 604 2008 numeros
628 1953 666 2008 21
692 1957 722 2009 at
745 1954 763 2010 8
788 1951 909 2012 circiter.

198 2035 250 2095 Sin
278 2043 376 2096 autem
404 2052 440 2096 ex
469 2038 647 2112 argumentis
670 2036 751 2109 aliis,
781 2054 799 2095 a
822 2043 951 2114 tempore
975 2036 1117 2112 cujusque
1139 2035 1274 2114 planetae
1297 2034 1444 2113 periodico

111 2120 227 2183 eductis
249 2119 418 2205 (Epitomes
433 2124 551 2183 Astron.
574 2122 625 2184 lib.
640 2113 694 2183 IV.
710 2141 739 2201 p.
756 2128 829 2183 486.
846 2120 935 2205 487),
958 2130 1070 2181 tantum
1093 2126 1216 2183 accessit
1238 2123 1350 2183 roboris
1365 2123 1446 2183 bisce

111 2211 235 2288 pectoris
256 2210 463 2284 fundamentis,
487 2217 519 2270 ut
541 2209 695 2270 dilficulter
717 2213 746 2268 in
769 2212 873 2270 animis
896 2210 1163 2288 philosophantium
1184 2228 1220 2269 ea
1235 2210 1359 2269 convelli
1375 2227 1445 2289 pos·

111 2299 169 2372 tut,
200 2315 236 2357 ex
267 2297 392 2358 adverso
421 2299 481 2374 jam
505 2296 613 2356 dudum
637 2315 672 2356 ex
696 2296 832 2357 Galilaao
855 2306 1075 2375 percontaturus
1097 2314 1190 2370 eram,
1219 2300 1244 2355 si
1267 2301 1352 2376 copia
1374 2298 1445 2357 mibi

111 2390 172 2444 tcta
194 2392 274 2450 esset
296 2386 360 2461 ejas
383 2384 567 2461 alloquendi,
595 2402 665 2443 num
692 2388 780 2446 etiam
803 2402 839 2444 ex
863 2387 940 2443 omni
962 2395 1044 2463 parte
1067 2391 1253 2463 prospectum
1275 2386 1314 2443 sit
1336 2394 1445 2444 tracta·

114 2473 167 2531 oni
197 2473 275 2546 tubi,
306 2482 339 2532 ut
357 2471 470 2531 nullum
493 2473 578 2531 uobis
600 2472 648 2531 bic
670 2481 814 2551 spectrum
837 2475 965 2549 opticum
989 2469 1109 2531 illudere
1132 2474 1234 2551 possit.
1281 2471 1327 2531 De
1349 2471 1445 2532 Marte

112 2557 214 2618 uldam
236 2561 354 2619 memlui
377 2562 458 2637 queri
481 2559 599 2619 solitum
623 2562 697 2619 inter
719 2561 803 2619 initia
826 2557 1005 2632 Galilaeum,
1030 2559 1128 2618 orbem
1152 2559 1216 2635 ejus
1238 2558 1446 2619 indetermina-

111 2664 156 2707 am
181 2654 211 2707 et
231 2658 360 2708 retusum
385 2648 489 2726 quasi,
512 2663 566 2707 nec
588 2646 625 2706 ad
649 2664 757 2708 meram
779 2648 872 2707 aciem
895 2647 1054 2725 expolitum
1076 2649 1296 2724 repraesentari.
1342 2648 1388 2705 An
1411 2664 1446 2706 ex

111 2750 130 2795 o
163 2734 317 2812 profecerit
345 2732 544 2810 observando,
576 2734 654 2794 band
685 2737 756 2795 acic.
801 2732 876 2793 Mihi
899 2735 1016 2811 quidem
1039 2734 1180 2794 rotundus
1202 2736 1274 2794 satis
1297 2736 1378 2794 visus
1402 2742 1447 2794 est

113 2838 248 2901 pparere.
294 2822 340 2881 De
363 2822 477 2882 Venere
506 2838 589 2895 vero,
622 2839 687 2881 cum
718 2830 762 2882 est
789 2823 843 2880 sub
866 2820 952 2897 Sole,
981 2822 1048 2899 plus
1069 2821 1184 2881 laborat
1207 2822 1446 2881 observationum

113 2907 176 2983 dea,
199 2908 288 2985 bajus
311 2910 389 2969 enirn
411 2910 501 2969 iacies
525 2911 601 2968 circa
624 2912 813 2968 maximarum
838 2907 1055 2985 elongationum
1075 2912 1214 2968 terminos
1230 2910 1258 2966 in
1275 2912 1445 2969 semicircu-

111 3014 173 3068 rm,
197 2997 316 3056 interius
339 3000 368 3054 in
391 3013 479 3056 corun
504 3004 680 3056 attenuatur.
719 2994 759 3057 Ut
780 2993 852 3054 nibil
872 2997 936 3072 Jam
958 2994 1053 3055 dicam
1074 2996 1110 3055 de
1125 3000 1330 3056 aestimatione
1345 2998 1444 3073 spatii,

113 3101 131 3143 e
152 3083 380 3161 hemisphaerio,
404 3083 482 3160 quod
505 3084 593 3142 tubus
617 3090 742 3160 occupat
764 3099 822 3141 uno
845 3084 961 3154 intuitu,
987 3082 1059 3141 nibil
1083 3082 1118 3142 de
1141 3087 1357 3161 comparatione
1381 3084 1445 3160 ejus

111 3168 134 3230 d
157 3171 295 3249 planetae
319 3171 507 3244 diametrum,
532 3171 603 3230 nibil
627 3170 664 3231 de
686 3169 882 3248 applicatione
904 3178 934 3231 et
956 3171 1124 3231 reductione
1147 3172 1240 3247 oculi,
1265 3171 1301 3231 de
1325 3171 1446 3248 obliqua

111 3260 286 3337 repectione,
309 3258 346 3319 de
369 3259 552 3318 titubatione.

200 3345 236 3404 In
259 3354 354 3405 utram
376 3348 464 3423 igitur
486 3353 598 3422 partem
620 3343 821 3420 propendeant
843 3344 1024 3421 suspiciones
1046 3352 1177 3419 nostrae,
1208 3348 1325 3406 omnino
1352 3344 1446 3422 pinri-

111 3448 176 3491 nnm
199 3432 237 3491 ad
261 3450 312 3493 eas
335 3433 382 3493 rel
404 3432 583 3493 roborandas
607 3431 654 3491 rel
678 3430 875 3491 discutiendas
898 3431 1007 3491 iaceret
1028 3432 1195 3491 observatio
1217 3435 1289 3507 ista,
1312 3435 1337 3492 sl
1360 3435 1446 3492 nobis

111 3520 280 3596 :ontingeret
303 3521 426 3581 Veneris
448 3520 569 3597 globum
592 3521 649 3596 ipsi
672 3518 751 3578 disco
768 3518 846 3578 Solis
869 3520 1034 3578 immersum
1057 3518 1253 3595 applicatione
1276 3521 1338 3579 tubi
1359 3537 1446 3596 super

111 3622 210 3685 apyro
233 3606 389 3685 depingere
411 3609 534 3685 ejusque
556 3606 688 3667 diametri
703 3608 920 3683 proportionem
934 3605 973 3666 ad
988 3606 1065 3666 Solis
1081 3606 1252 3666 diametrum
1266 3609 1338 3685 ipsis
1353 3608 1446 3667 oculis

111 3693 310 3755 aetimundam
339 3698 453 3756 sistere.
497 3694 573 3753 Nam
601 3696 672 3771 quia
699 3695 802 3753 crescit
822 3693 931 3754 lumine
954 3693 1055 3754 Venus
1077 3693 1275 3772 decrescitque
1298 3703 1330 3753 ut
1352 3694 1445 3771 Luna,

111 3789 208 3841 artum
238 3790 297 3858 eat,
328 3799 452 3860 opacum
482 3798 586 3858 corpus
617 3798 681 3841 esse
704 3797 798 3855 eoque
821 3781 919 3840 radios
942 3779 1032 3853 Solia,
1063 3798 1122 3857 qna
1144 3791 1226 3859 parte
1248 3783 1445 3856 subtercurrlt,
1511 3852 1517 3862 ¹

111 3868 241 3945 mpedire
270 3872 456 3947 speciemque
484 3868 617 3928 maculae
645 3867 787 3927 rotundae
817 3867 969 3940 exhibere,
1001 3867 1085 3943 cujus
1108 3868 1262 3943 diameter,
1294 3878 1326 3929 ut
1349 3877 1393 3930 est
1414 3872 1446 3928 irr

111 3954 233 4033 xamplo
248 3960 396 4036 praecepti
413 3962 482 4016 110.
502 3973 590 4033 supra
606 3954 734 4031 allegati,
758 3955 904 4015 continere
920 3955 1006 4015 debet
1020 3956 1221 4032 scrupulorum
1238 3964 1254 4015 7
1270 3954 1398 4017 secunda
1416 3962 1445 4029 6,

111 4042 188 4103 aulo
210 4046 306 4104 miuus
330 4062 417 4120 quam
439 4051 551 4120 partem
574 4049 707 4119 quartam
730 4040 766 4101 de
789 4040 931 4102 diametro
952 4040 1039 4117 Solis,
1063 4044 1207 4120 siqnidem
1228 4052 1289 4104 tam
1303 4060 1374 4104 vera
1388 4045 1446 4103 sint

111 4138 233 4191 resumta
255 4131 307 4191 illa
329 4140 437 4204 nostra,
462 4148 550 4207 quarn
573 4130 659 4189 nobis
681 4130 748 4188 risa
770 4136 839 4187 sunt
860 4127 1033 4206 probabilia

202 4216 267 4278 Etsi
294 4235 364 4279 vero
394 4217 523 4279 calculus
552 4216 662 4277 indicat
691 4215 904 4293 conjunctionis
926 4216 1081 4277 articulum
1103 4215 1230 4276 medium
1252 4216 1313 4277 bor.
1338 4223 1367 4276 9.
1393 4218 1446 4277 41‘

111 4310 257 4382 netqnm
280 4304 333 4367 Sol
355 4322 445 4383 penes
468 4321 522 4365 noe
541 4306 604 4381 jam
627 4311 645 4364 6
669 4302 756 4363 boras
778 4303 833 4363 sub
855 4303 1005 4364 horizonte
1027 4306 1181 4381 transegit,
1211 4320 1304 4381 eoque
1327 4305 1446 4383 appari-

111 4392 211 4453 lonem
232 4392 308 4454 banc
331 4392 482 4471 adjudicat
496 4392 664 4453 American:
688 4398 718 4450 at
741 4392 806 4467 quis
828 4391 858 4448 in
881 4390 938 4451 boc
958 4394 1016 4450 situ
1031 4390 1154 4452 Veneris
1176 4391 1281 4452 calcmi
1302 4390 1389 4451 fidem
1408 4388 1446 4451 ad

111 4476 215 4540 limidii
235 4479 343 4558 gradna
367 4478 527 4542 exilitatem
548 4479 716 4557 praestabit,
740 4479 790 4553 qni
807 4482 825 4537 6
842 4477 890 4539 vel
907 4486 923 4537 7
939 4480 1141 4555 scrupulorum
1164 4496 1257 4540 errore
1271 4480 1302 4537 in
1317 4479 1447 4558 longitu-

111 4563 170 4629 lina
191 4571 354 4630 accentrica
375 4569 414 4628 ab
436 4569 620 4644 aequinoctio
644 4564 746 4626 confici
767 4565 886 4641 potest?

205 4654 286 4716 Satis
301 4656 357 4717 lroc
372 4663 546 4729 eetcaasae,
570 4663 602 4713 ut
624 4651 795 4714 adberter
817 4668 936 4713 ornnes
959 4659 995 4714 et
1016 4652 1196 4730 singulos,
1220 4670 1278 4713 non
1293 4652 1446 4714 naucleros

111 4748 226 4817 autum,
249 4745 301 4820 qui
323 4760 465 4804 oceanum
487 4742 678 4817 navigabunt,
702 4738 842 4800 doctosve
867 4742 954 4815 viros,
978 4743 1029 4817 qul
1043 4741 1216 4815 Amerinam,
1240 4743 1292 4818 qui
1312 4740 1447 4801 Mexica·

111 4844 171 4891 ram
193 4836 225 4891 et
245 4832 358 4892 meinai
379 4831 545 4909 provincias
567 4828 710 4905 habitant,
732 4825 785 4889 sed
799 4826 970 4907 Europaeos
992 4844 1110 4905 qnoque
1131 4829 1309 4907 professores
1331 4827 1447 4891 matha·

179 4944 275 4999 mna
286 4944 369 5001 opas.
396 4945 448 4991 vu.
1197 4935 1238 4995 tt
