3284 5520
137 344 205 415 490
599 347 642 403 ex
662 346 1027 420 cptmmctsusaeprm.

140 543 227 603 qnam
251 526 339 586 habet
354 526 465 605 Tycha.
512 526 589 586 Hine
610 528 775 605 parallaxes
799 528 868 587 mihi
891 546 910 587 a
927 531 979 587 54‘
996 530 1059 586 41”
1073 525 1110 585 ad
1128 528 1181 585 ω’
1199 526 1263 585 20⁰
1288 524 1480 584 varlautarla

140 615 263 690 copulis,
287 617 343 691 ipsi
367 633 385 673 a
409 619 461 675 ὅθ’
478 618 519 674 9”
542 618 569 672 in
592 619 644 674 62⁴
660 619 732 686 39¹2
758 624 788 674 ut
811 618 840 673 in
863 618 999 691 perigaeo
1022 616 1153 692 proxima
1168 612 1345 690 Tyehonem
1367 620 1481 669 tensam.

244 708 294 761 29.
332 700 402 761 bem
424 702 640 761 semidiametri
662 702 790 761 umbrae
811 702 850 762 ad
872 703 1120 762 semidiametrum
1135 699 1213 761 Solis
1235 697 1482 775 paraliaalumqas

141 786 217 848 Solis
241 798 270 848 et
294 788 394 848 letinae
418 792 654 849 constitutionem
678 793 842 849 necessario
865 798 1034 866 sequuntur,
1060 799 1088 847 ut
1105 791 1130 845 sl
1145 789 1212 863 quis
1227 787 1277 845 hie
1288 785 1404 862 aliquid
1424 800 1481 845 rua·

143 884 204 934 tare
230 875 300 935 velit
323 876 512 935 consideratis
537 878 710 954 eclipsibus,
743 880 767 936 is
790 880 955 936 necessario
979 879 1066 934 etiam
1097 876 1211 934 illorum
1240 872 1359 950 aliquid
1381 879 1480 931 mutare

143 973 272 1037 cogatur.
318 963 363 1023 Ne
386 966 505 1022 miretur
528 967 627 1040 itaquo
648 965 797 1023 studiosus
819 967 1030 1033 astronomiae,
1054 966 1078 1021 si
1104 962 1221 1035 viderit,
1256 962 1382 1021 sambrae
1402 962 1480 1017 setal-

139 1051 296 1109 ‹liamctros
314 1068 393 1109 meas
410 1069 429 1109 a
444 1050 621 1127 'l'ychenieis
636 1052 758 1122 differre,
781 1054 818 1109 ils
833 1052 960 1127 quidem,
984 1068 1061 1125 quae
1084 1058 1246 1124 sequuntur
1268 1066 1305 1107 ex
1330 1048 1393 1106 suis
1415 1042 1480 1123 epod

138 1137 309 1215 Tychouem
332 1140 490 1216 principiis.
522 1139 597 1197 Nam
613 1140 692 1215 quod
716 1138 782 1197 illas
806 1143 911 1198 attinet
932 1138 1162 1198 semidiametros
1185 1136 1318 1207 umbrae,
1344 1150 1418 1211 quas
1437 1148 1479 1191 ea·

137 1226 218 1283 hibet.
241 1225 343 1302 Tycha
367 1226 462 1285 Bruhe
486 1228 514 1283 in
537 1226 639 1284 ultima
664 1227 773 1285 tabella
796 1226 1018 1295 diametrorum,
1050 1242 1125 1300 quas
1152 1240 1208 1299 ego
1237 1239 1331 1298 quatu
1362 1222 1479 1297 proxime

138 1315 283 1387 exprimo,
308 1323 449 1389 quantum
472 1330 522 1388 per
546 1315 769 1373 eecentricitntis
793 1331 876 1373 meae
900 1312 1090 1371 differentiam
1113 1328 1131 1369 a
1154 1310 1331 1388 Tyehoniea
1352 1308 1415 1368 11011
1433 1322 1478 1384 po·

138 1402 209 1471 tuit,
240 1398 309 1459 illae
332 1417 390 1458 uon
413 1400 569 1459 cohaerent
592 1401 670 1477 apud
696 1401 839 1459 Brabeum
864 1402 1041 1475 geometrico
1064 1398 1183 1456 vinculo
1212 1414 1279 1455 cum
1302 1395 1477 1455 luminariuar

27 1536 31 1543 .
139 1485 479 1565 diametrisTyebonieis
503 1498 531 1545 et
555 1488 695 1563 parallaxi
719 1487 806 1548 Solis.
844 1486 929 1562 Quod
953 1488 1089 1562 quamvls
1112 1486 1273 1545 astronomi
1297 1483 1379 1541 limis
1401 1480 1476 1541 oeulis

139 1576 316 1650 inspexerint
340 1582 369 1633 01
392 1577 502 1652 passim
527 1575 564 1633 ad
588 1593 633 1634 rne
656 1578 889 1652 provocaverint,
914 1576 1060 1650 etiamque
1079 1573 1232 1632 Fabricius
1255 1573 1285 1628 iu
1307 1570 1474 1647 praefatione

139 1661 322 1737 Prognostiei
354 1661 506 1737 eujusdam
539 1662 671 1721 rideatur
699 1664 908 1740 perstringere,
941 1678 999 1720 non
1032 1670 1128 1721 tamen
1158 1666 1269 1719 temere
1301 1660 1472 1718 commissura

138 1748 362 1807 existimandum
386 1757 440 1821 est,
464 1749 531 1807 ‹lurn
557 1749 596 1806 illi
623 1753 684 1807 siro
707 1750 839 1809 haereret
861 1754 890 1808 in
910 1750 1007 1807 animo
1027 1751 1179 1823 negotium
1201 1746 1386 1805 reiraetionis
1405 1744 1471 1803 iass-

138 1844 239 1912 reique
256 1835 411 1895 difficultas
428 1838 603 1912 agnoscendi
630 1840 688 1895 veri
712 1840 844 1913 principii
869 1839 898 1895 ln
926 1836 1077 1895 lunaribus
1100 1834 1237 1909 deliquiis
1259 1833 1387 1908 finisque
1407 1830 1469 1889 meti

138 1922 215 1981 Vide
239 1940 326 1998 super
348 1933 471 1998 utroque
495 1924 701 1999 impedimento
725 1942 820 1983 meam
844 1924 1048 1982 astronomiae
1071 1930 1184 1999 partem
1207 1917 1348 1996 Optiearu
1370 1920 1469 1995 passltu¹

138 2013 304 2086 praesertim
327 2009 398 2068 solio
423 2018 494 2071 304.
539 2011 612 2069 Nem
637 2013 676 2069 ibi
700 2012 863 2088 explicatur
890 2010 1055 2080 schemate,
1088 2008 1158 2085 quid
1188 2008 1278 2067 iaciat
1306 2005 1469 2065 retractionis

139 2098 302 2172 negotium:
326 2098 439 2157 scilieet
461 2109 597 2157 causatur
620 2098 737 2173 quidem
760 2100 894 2157 ruborem
916 2101 945 2154 in
970 2097 1055 2156 launa
1077 2094 1244 2167 deficiente,
1275 2102 1308 2153 at
1331 2092 1468 2169 geometri·
1514 2090 1516 2135 ἰ

140 2202 202 2243 eam
228 2185 346 2244 umbrae
370 2184 501 2243 terrenae.
524 2186 646 2261 ingeram
668 2186 739 2243 nihil
764 2187 871 2244 turbat.
904 2184 979 2259 Ergo
995 2184 1073 2259 quod
1098 2184 1257 2241 astronomi
1281 2200 1301 2239 a
1323 2198 1371 2243 me
1392 2179 1467 2256 petir-

138 2281 213 2343 rnnt,
237 2272 347 2331 habent
369 2271 494 2345 tetidem,
526 2283 643 2348 aptatas
667 2276 741 2332 inter
763 2290 795 2333 sc
817 2290 868 2349 per
894 2272 1130 2331 commoditatem
1153 2268 1365 2349 hypothesium
1386 2264 1468 2344 physi-

139 2376 236 2417 carum
260 2359 417 2419 diaerctros
440 2359 624 2419 luminarium
649 2370 677 2419 et
700 2362 828 2432 umbrae,
851 2377 960 2435 easque
976 2378 1041 2418 eum
1065 2359 1226 2434 eclipsibus
1248 2372 1392 2417 annorum
1410 2366 1467 2429 qua·

138 2446 282 2521 draginta,
306 2458 446 2523 quantum
461 2464 550 2523 passe
571 2448 624 2506 hrit
642 2449 878 2507 observationum
894 2450 1021 2523 ipsarum
1037 2444 1219 2515 incertitudo,
1242 2446 1287 2503 sic
1308 2442 1466 2507 eorreiliatat.

141 2544 172 2591 ut
195 2551 263 2609 spes
285 2536 339 2603 sit,
363 2551 420 2592 nou
444 2534 529 2593 lacile
553 2534 622 2610 quid
647 2538 674 2592 in
698 2536 826 2593 suturam
850 2534 1045 2593 desideratum
1067 2535 1112 2593 iri.

244 2627 295 2679 30.
342 2622 491 2697 Aeqeeiio
513 2626 665 2696 tenrporis,
690 2622 865 2699 a‘l'yehone
888 2622 984 2680 Brnhe
1007 2624 1035 2679 in
1060 2620 1161 2679 itunae
1184 2618 1316 2677 motibus
1339 2620 1467 2691 usurpatis

140 2706 288 2782 displicuit
311 2710 494 2779 astronomis,
519 2709 597 2783 quoti
613 2726 733 2768 causam
748 2710 869 2769 alteram
887 2712 1041 2780 omitteret,
1065 2708 1259 2782 aequationes
1274 2703 1364 2763 Solis.
1397 2696 1466 2774 htqai

140 2804 252 2851 tautum
276 2796 369 2868 abest,
392 2805 424 2853 ut
448 2798 604 2871 quicquam
628 2797 675 2854 hie
697 2799 825 2872 peccarit
847 2796 988 2868 llrahcus,
1013 2806 1045 2854 ut
1067 2797 1166 2871 potius
1189 2792 1288 2851 adhue
1310 2789 1429 2866 ampliat
1444 2786 1466 2840 il

142 2881 220 2940 illam
245 2891 356 2957 partem
380 2885 418 2942 sit
441 2882 626 2942 tendendum.
671 2882 779 2942 Scribit
794 2882 894 2942 Simon
912 2882 1023 2941 Marias
1045 2885 1073 2940 in
1091 2881 1285 2957 Prognostieo
1309 2880 1379 2936 anai
1396 2876 1466 2935 1111.

140 2970 299 3028 notabilem
322 2968 450 3045 aliquem
474 2971 617 3029 deiectum
640 2987 793 3045 superesse
817 2973 845 3026 in
869 2970 1019 3029 lunaribus
1042 2968 1205 3047 Tyehonis,
1235 2982 1296 3025 non
1326 2961 1467 3024 tantnnh

139 3065 277 3132 tempore,
302 3056 353 3115 sed
377 3060 464 3116 etiarn
490 3059 516 3112 iu
542 3060 705 3133 quantitate
728 3057 889 3133 eclipsium.
926 3057 998 3115 llum
1022 3060 1118 3129 arguit
1140 3056 1350 3115 observatione
1373 3048 1468 3124 eclipsis

139 3143 257 3216 solaris,
288 3162 364 3219 quac
395 3146 449 3202 iuit
472 3152 500 3203 3.
526 3144 723 3205 0010110111ιί
752 3151 848 3214 ltili,
872 3161 950 3220 quae
974 3154 1003 3201 et
1026 3146 1167 3202 rrraturius
1188 3141 1324 3200 inciderit
1348 3148 1378 3199 et
1398 3134 1470 3211 maja

140 3232 217 3289 iacta
251 3234 298 3288 sit.
343 3230 425 3289 Idem
457 3250 474 3291 a
504 3250 550 3291 me
575 3232 682 3301 bineli,
716 3230 792 3290 idem
816 3232 949 3290 Venetiis
980 3241 1009 3291 et
1038 3230 1185 3289 Monaehii
1218 3231 1407 3286 observatam
1431 3228 1470 3282 esi

140 3317 232 3392 Spero
255 3321 353 3394 igitur,
379 3319 493 3378 detecta
516 3323 602 3377 tertia
625 3337 714 3377 carrea
735 3322 930 3393 aequationis,
954 3335 1030 3393 quac
1046 3336 1078 3375 se
1094 3317 1132 3375 ad
1149 3320 1200 3374 ‘et‘
1218 3312 1280 3374 41¹¹
1299 3317 1387 3372 unius
1401 3312 1472 3371 horae

141 3406 278 3469 enteudit.
302 3406 475 3465 medicinam
499 3407 544 3464 his
567 3406 728 3464 defectibus
752 3409 775 3464 si
800 3424 856 3463 uon
880 3405 1006 3480 plenam,
1032 3414 1063 3462 at
1085 3403 1189 3462 saitem
1212 3402 1345 3476 aliquam
1369 3400 1473 3459 allatae

141 3494 183 3552 irl.
232 3494 284 3551 Est
307 3504 404 3551 autern
432 3492 484 3550 illa
511 3496 696 3567 recreationis
726 3511 794 3567 pars
823 3493 984 3551 allectionis
1015 3494 1176 3550 contrariae
1206 3507 1271 3548 cum
1300 3488 1370 3559 illa,
1403 3500 1474 3564 quur

141 3582 239 3637 onrisit
262 3580 364 3656 'l'yeho
390 3579 494 3652 lirnhe,
518 3580 641 3654 ejusque
664 3579 783 3654 duplum
807 3588 836 3638 et
857 3580 992 3656 nnrplins.
1041 3580 1145 3652 ltaque
1168 3594 1239 3651 ego,
1269 3583 1401 3635 resumta
1421 3572 1476 3631 aul·

140 3670 201 3741 gari
225 3669 413 3741 aequatione,
437 3684 513 3742 quae
536 3675 651 3725 constat
675 3684 708 3723 ex
726 3671 823 3726 caricis
845 3667 959 3724 ‹litabus
975 3669 1064 3743 notis,
1086 3668 1128 3724 sie
1145 3674 1240 3723 tamen
1258 3661 1477 3727 accommodate,

141 3762 172 3810 nt
195 3750 465 3833 111οΘ1101ρί01,
490 3752 610 3830 adjunxi
634 3752 709 3812 hane
733 3757 856 3825 tertiam,
880 3756 1065 3829 incipientem
1088 3753 1127 3811 ab
1149 3768 1284 3828 apogaeo
1306 3750 1412 3809 itidem
1432 3748 1480 3808 So·

140 3841 189 3911 lis,
213 3841 297 3916 eujus
322 3845 516 3915 quantitatem
539 3858 597 3900 non
621 3858 692 3901 sane
716 3860 750 3900 ex
774 3843 1030 3900 observationibus
1050 3841 1198 3911 constitui,
1226 3838 1279 3896 sed
1295 3835 1482 3897 deductama

139 3930 225 4004 priori
248 3945 300 4004 per
323 3929 544 3988 observationes
566 3928 740 3999 redarguere
763 3929 891 3987 nondum
914 3931 1006 4003 potui.
1038 3926 1137 3986 Oritur
1159 3936 1256 3985 autem
1280 3927 1329 3999 (ut
1352 3922 1482 3993 variatio)

138 4034 157 4074 a
180 4018 438 4091 supernumerariis
462 4016 610 4090 aliquibus
627 4016 814 4091 temporibus,
838 4015 951 4073 seilicet
973 4033 992 4073 a
1014 4014 1154 4074 diebusb
1179 4013 1294 4072 heristi
1318 4008 1484 4088 supradict

140 4109 219 4169 360,
252 4103 376 4161 residuis
405 4103 442 4161 ad
466 4103 552 4161 finem
575 4105 642 4160 utini
667 4102 786 4169 sciaris,
819 4111 920 4177 estque
954 4102 1068 4162 affectio
1091 4120 1142 4159 seu
1176 4098 1377 4175 inaequalitas
1401 4104 1486 4158 meiat

139 4192 223 4266 primi
247 4190 372 4261 mobilia,
396 4190 474 4265 quod
498 4190 659 4264 Copernico
684 4189 774 4247 Terra
798 4197 851 4247 est.

244 4279 288 4336 lle
312 4277 368 4335 hec
392 4280 419 4333 in
443 4295 509 4337 mea
532 4277 667 4352 Epitome
689 4276 783 4349 plena,
807 4279 829 4333 si
856 4276 936 4334 licus
964 4274 1084 4333 volucrit
1112 4280 1295 4335 l'ctr.vol.l'l.
1315 4278 1431 4347 psas).

245 4372 294 4423 31.
341 4366 475 4440 lienique
498 4366 664 4438 computavi
690 4381 744 4433 epo
767 4364 843 4421 hane
866 4362 1060 4439 Ephemcrida
1090 4361 1127 4421 ad
1158 4360 1355 4419 meridianum
1380 4358 1487 4421 Urano-

140 4453 300 4525 burgieum,
324 4454 373 4527 qul
397 4470 450 4528 per
472 4451 643 4509 latissimam
661 4452 794 4526 littropes
811 4458 921 4526 partem
937 4460 965 4507 et
989 4449 1184 4508 meditullium
1201 4447 1366 4509 Bohemlae
1389 4448 1489 4508 totius·

140 4556 196 4613 que
225 4538 299 4597 adeo
324 4538 500 4598 Germaniae
527 4540 659 4614 proxime
683 4538 808 4611 Pragam
832 4538 1020 4612 Imperatoris
1048 4545 1077 4595 01
1105 4537 1229 4594 Romam
1259 4538 1369 4594 summi
1393 4532 1491 4595 Ponti·

141 4625 202 4683 heis
226 4627 325 4685 sedem
350 4625 523 4699 traducitur3
553 4623 700 4697 Oripnnns
724 4641 794 4683 vero
818 4626 1000 4700 computavit
1023 4640 1093 4682 suas
1113 4622 1321 4699 ilphemerides
1345 4624 1385 4681 ad
1409 4622 1491 4681 meri·

141 4712 268 4781 bianum,
290 4716 342 4788 qul
370 4721 408 4772 te
432 4716 550 4771 minutis
572 4715 659 4770 rrnirrs
682 4713 771 4770 horae
795 4712 964 4771 orientallor
987 4718 1031 4770 est
1053 4708 1275 4781 Uraniburpieo.

246 4800 349 4877 Tycha
364 4798 580 4877 Urauiburgum
604 4801 707 4859 statuit
729 4816 769 4859 se
788 4806 805 4858 4
830 4799 876 4858 rel
899 4805 917 4858 b
941 4798 1111 4858 orientallus
1127 4796 1299 4871 Rosteebio,
1324 4798 1402 4861 bae.
1418 4796 1493 4859 aeci-
