3284 5520
662 315 705 370 De
723 312 833 383 Origine
851 313 986 371 Gentium.
1430 316 1494 389 799

139 492 271 571 dapheto
294 492 381 555 datas
403 495 539 571 regiones
563 492 692 566 chetim,
717 495 875 570 interprete
896 491 1045 571 Josepho,
1068 494 1227 566 maritime,
1251 493 1373 568 insulae,
1397 504 1494 555 trans-

140 583 270 641 marinae
292 585 437 658 regiones.
476 580 554 640 Olim
577 597 642 640 mos
665 589 735 655 erat,
759 592 792 641 ut
810 581 903 656 major
918 583 1041 640 serviret
1055 581 1168 653 minori,
1192 579 1243 640 scd
1260 580 1323 641 Noe
1339 583 1494 664 Clramum,

140 668 283 742 medium,
307 670 503 743 maledictum,
528 686 644 729 servum
669 671 771 729 ceteris
794 671 961 737 constituit,
985 670 1141 745 praecipue
1164 667 1301 743 Canaan,
1324 670 1401 729 unde
1424 670 1510 731 huic·

141 756 287 833 populoso
309 774 373 816 sors
395 759 523 829 minima,
548 758 651 816 ceteris
674 765 758 816 aestu
776 756 913 832 flagrans.
952 755 1020 815 Sem
1036 758 1136 832 itaque
1152 758 1291 833 optimam
1307 765 1418 835 partem
1433 767 1494 818 ter·

140 862 237 903 rarum
260 845 394 919 obtinuit,
419 844 511 904 Cinam
534 847 628 902 minor
650 850 679 902 et
694 842 866 903 maledictus
882 851 965 903 aestu
982 843 1119 920 adustas;
1140 841 1253 918 Japhet
1268 855 1340 904 natu
1355 847 1502 905 minimus¹

140 933 286 991 maritime
309 931 494 991 commodato
517 930 635 1002 habuit,
661 948 718 1006 quc
742 947 835 1006 nsque
856 949 909 1008 per
931 938 1073 1005 aetatem,
1097 940 1244 991 crescente
1266 932 1387 1010 populo,
1410 932 1494 1016 sulti·

140 1026 219 1078 caret
241 1021 478 1095 navigationibus
501 1018 678 1096 longinquis.
724 1018 846 1092 Dilatet,
871 1020 966 1095 inquit
987 1016 1060 1092 Noc,
1087 1017 1170 1080 Deus
1192 1017 1305 1095 Japhet
1328 1029 1358 1081 et
1379 1020 1494 1082 habitet

139 1108 169 1165 in
193 1107 389 1166 tabernaculis
412 1106 488 1166 Sem.
1072 1126 1074 1131 ·

246 1192 348 1253 chami
371 1195 449 1253 iilius
472 1193 552 1253 curn
575 1192 703 1250 obtinuit
724 1192 874 1265 Arabiam,
899 1192 983 1268 cujus
1005 1208 1096 1268 nepos
1112 1190 1200 1266 Saba,
1226 1211 1260 1252 ex
1285 1192 1345 1254 filio
1367 1193 1491 1270 Regma,

141 1282 170 1337 ln
193 1279 270 1339 felici
294 1280 405 1340 Arabia
427 1283 508 1357 gerrti
530 1281 584 1338 toti
607 1295 712 1339 nomen
736 1277 829 1352 dedit,
854 1281 942 1339 irater
964 1279 1068 1338 Dedan
1093 1278 1214 1340 Aderrae
1238 1297 1358 1357 regnum
1382 1284 1492 1342 consti·

142 1369 196 1426 tuit
219 1366 257 1426 ad
280 1367 367 1428 litora
389 1366 600 1437 meridionalia,
624 1368 712 1426 ceteri
735 1365 896 1439 Sabbatha,
920 1366 1090 1439 Sabethma,
1115 1366 1223 1426 Herila
1243 1368 1364 1429 attilius
1380 1387 1491 1447 coguo-

141 1456 228 1513 minis
251 1459 351 1532 nepoti
374 1465 522 1515 extrusene
544 1454 632 1523 Saba,
656 1463 781 1513 ceteram
806 1455 945 1514 Arabiam
969 1453 1110 1530 paulatim
1134 1455 1289 1531 implerunt
1311 1465 1341 1516 et
1363 1474 1491 1535 sequen·

142 1542 222 1601 tibus
245 1543 353 1601 seculis
375 1545 403 1600 in
429 1544 557 1602 Africam
580 1540 617 1600 ad
640 1540 746 1600 fretum
767 1540 981 1602 Babelmundel
1004 1541 1189 1616 traiecerunt.
1228 1542 1342 1602 Puthus
1364 1543 1491 1605 mediam

142 1627 266 1704 replevit
290 1630 433 1703 Africam,
458 1629 577 1688 Canaan
601 1627 670 1687 litus
692 1630 780 1687 maris
803 1630 841 1689 ed
864 1630 1042 1688 Damascum
1066 1646 1158 1705 usque
1181 1636 1211 1689 et
1233 1631 1369 1705 interius,
1393 1634 1436 1691 ita
1459 1639 1490 1691 ut

85 1724 87 1728 ’
143 1715 271 1791 undique
293 1716 379 1776 tratre
404 1717 502 1777 Chusa
526 1715 726 1800 ethlisraimo
750 1717 926 1791 cingeretur,
950 1733 1005 1776 nec
1026 1719 1130 1793 potnit,
1155 1725 1187 1776 ut
1209 1720 1306 1792 cotem,
1329 1736 1399 1779 suos
1421 1735 1491 1796 pro·

142 1805 234 1863 latare
265 1805 420 1877 terminos,
455 1806 511 1862 nisi
534 1810 586 1862 aut
608 1812 719 1863 ceteros
741 1812 818 1863 sorte
842 1804 1014 1880 expelleret,
1037 1810 1089 1862 aut
1111 1813 1191 1862 hans
1213 1822 1291 1864 mare
1314 1807 1381 1880 iret,
1412 1805 1491 1882 quod

144 1889 262 1967 quidem
286 1892 379 1951 lecese
394 1890 567 1963 Phoenices,
591 1898 782 1950 mercatorum
805 1894 899 1967 primi,
923 1899 952 1949 et
966 1888 1054 1965 Dido,
1078 1890 1120 1950 illi
1142 1909 1219 1950 anno
1237 1898 1299 1952 000
1323 1902 1391 1970 post
1414 1892 1492 1952 dilu-

142 1981 232 2051 vium,
256 1978 329 2038 haec
351 1981 435 2038 annis
462 1984 544 2038 1100
568 1987 643 2055 post,
668 1976 826 2037 secundum
848 1978 1012 2055 Virgilium,
1036 1991 1068 2038 et
1088 1978 1248 2039 seeundum
1272 1988 1383 2040 ceteros
1408 1986 1490 2042 1000

141 2068 226 2124 annis
249 2073 324 2143 post.
362 2065 434 2125 Inde
450 2065 693 2142 Carthaginenses
715 2067 963 2142 circumnavigata
986 2065 1106 2126 Atlante
1130 2067 1331 2127 veneruntad
1356 2068 1492 2129 occiden-

142 2152 215 2212 talia
235 2151 322 2213 litora
345 2153 469 2212 Airieee.

246 2240 378 2299 blisraim
407 2258 476 2300 vero
504 2247 565 2299 tum
589 2239 741 2298 obtinebat
764 2238 930 2315 Aegyptum
954 2248 984 2297 et
1005 2236 1145 2314 paulatim
1169 2239 1301 2316 implevit
1324 2245 1492 2301 universum

143 2326 213 2385 litus
236 2328 371 2400 Africae,
398 2326 540 2387 Numidas
564 2328 651 2402 igitur
673 2325 804 2411 condidit
828 2327 977 2397 Anemim,
1008 2325 1119 2403 Libyas
1143 2326 1302 2402 Lahabim,
1327 2328 1440 2389 Nabios
1463 2338 1493 2390 et

140 2414 309 2475 Tunetenos
331 2415 543 2491 Nepbthalim,
575 2412 772 2473 Palaestinam
796 2412 994 2489 caphthorim.
1033 2413 1071 2472 Et
1100 2423 1212 2475 ceterae
1244 2426 1382 2492 gentes,·
1396 2415 1492 2477 Gara-

142 2510 265 2576 mantes,
290 2501 449 2577 Tingitani,
472 2499 588 2561 Mandri
605 2509 658 2561 etc.
684 2501 721 2561 ab
744 2499 800 2559 hac
821 2500 941 2560 iamilia
978 2500 1171 2561 Nominsntur
1193 2504 1270 2563 enim
1285 2502 1381 2564 adhue
1396 2504 1492 2565 Chas-

139 2588 241 2663 lubim,
266 2588 379 2663 Ludim‚
402 2589 562 2664 Petruaim;
584 2589 684 2647 nescio
708 2605 745 2646 00
769 2607 786 2646 0
809 2586 980 2648 Chasluhim
1004 2586 1259 2649 Getuli·Gesuli.

248 2675 401 2752 Quaedam
423 2675 525 2735 harum
548 2678 689 2751 gentium,
711 2674 808 2733 Plinio
832 2684 914 2749 teste,
938 2675 1099 2735 visceribus
1122 2693 1258 2754 pecorum
1285 2690 1442 2740 vescuntur
1464 2689 1493 2739 et

142 2771 287 2839 vagantur
309 2781 388 2823 more
412 2781 558 2840 pecorum.
604 2762 650 2821 Ab
674 2764 709 2820 iis
732 2761 904 2823 descendere
928 2761 993 2821 illos
1017 2764 1174 2824 verisimile
1197 2772 1256 2838 est,
1287 2768 1340 2843 qui
1363 2766 1491 2827 suntad

142 2859 231 2926 caput
254 2852 349 2910 bonae
372 2854 444 2928 spei,
468 2852 576 2926 quibus
599 2850 675 2909 idem
697 2866 769 2911 mos.
808 2850 884 2909 Tota
907 2849 1032 2926 denique
1055 2849 1156 2912 Africa
1179 2851 1368 2914 occidentalis
1382 2872 1401 2914 a
1416 2854 1492 2915 ldis·

138 2940 241 3012 raimo,
266 2937 415 2998 orientalis
438 2956 456 2998 0
479 2939 588 3009 00000,
610 2937 824 2996 mediterranea
847 2956 865 2996 a
887 2936 983 2996 Pulho
1007 2937 1067 3014 (oui
1088 2937 1161 2997 nulli
1184 2943 1369 3000 nominantur
1390 2942 1490 3018 liberi)

139 3025 253 3101 repleta
274 3026 337 3085 luit.
382 3026 434 3084 Est
455 3033 554 3086 autern
577 3023 743 3096 verisimile,
767 3023 945 3102 nigredinem
969 3023 1048 3084 illam
1070 3029 1164 3102 prime
1187 3026 1299 3088 Chamo
1322 3027 1491 3090 adhaesisse

142 3112 268 3189 indeque
300 3114 434 3172 omnibns
462 3114 526 3188 ejus
553 3114 677 3189 posteris
708 3110 745 3169 ad
772 3121 975 3187 argumentum
998 3112 1220 3173 meledictionis.
1265 3115 1299 3175 In
1323 3116 1379 3175 bac
1400 3119 1490 3194 stirpe

138 3203 263 3276 primurn
287 3201 341 3259 luit
362 3203 533 3276 imperatum
560 3197 588 3277 1)
610 3216 629 3257 a
651 3198 789 3258 Nimrodo
813 3201 897 3257 annis
922 3205 983 3258 250
1006 3217 1034 3276 p.
1056 3199 1215 3276 diluvium,
1240 3204 1290 3278 qui
1313 3204 1490 3278 aedificavit,

142 3296 286 3364 occupata
309 3288 471 3365 Babylone,
494 3287 614 3361 Ninum,
639 3283 669 3364 ⁶2)
693 3288 721 3342 in
745 3287 882 3364 Aegypto
905 3304 924 3345 a
946 3285 1087 3348 Misraim.

247 3374 375 3434 Semitas
398 3377 440 3434 sie
463 3374 671 3434 distribuerunt
686 3376 836 3449 regiones:
861 3373 1020 3450 Arphaxad
1035 3376 1179 3434 maximus
1194 3379 1301 3435 mansit
1315 3376 1381 3437 loco
1397 3379 1492 3455 patrio

142 3462 171 3520 in
188 3460 348 3536 Chaldaea,
368 3461 483 3539 Lydum
500 3465 528 3519 in
545 3460 723 3522 occidentem
737 3460 932 3534 solstitialem,
949 3463 1088 3521 Aramum
1104 3464 1134 3520 in
1149 3465 1383 3539 septentrionem,
1408 3464 1491 3523 Elam

141 3551 170 3607 in
194 3551 345 3625 orientem,
370 3551 508 3608 Assurem
532 3551 559 3606 in
584 3557 678 3608 ortum
699 3547 883 3608 solstitialem
906 3551 1036 3608 extrusit
1075 3549 1178 3608 Assuri
1200 3549 1272 3610 nulli
1296 3560 1492 3611 memorantur

143 3636 244 3710 liberi,
277 3644 310 3697 nt
332 3644 361 3697 et
383 3636 490 3709 Elami,
516 3638 603 3714 igitur
625 3652 683 3693 non
706 3636 887 3695 incommode
910 3639 1069 3696 retinentur
1091 3639 1120 3694 in
1143 3638 1377 3712 mediterraneis,
1409 3646 1442 3698 ut
1464 3647 1494 3699 et

141 3722 252 3800 Lydus.
292 3725 338 3783 Ab
362 3722 417 3783 hoc
440 3724 528 3799 igitur
551 3723 653 3800 Lydia,
677 3723 715 3781 ab
733 3724 841 3783 Assure
857 3723 988 3801 Assyria,
1012 3724 1049 3783 ab
1065 3723 1150 3785 Elam
1165 3725 1296 3803 Elymais
1320 3724 1491 3805 completae.

142 3809 313 3887 Arphaxadi
336 3813 494 3887 posteritas
516 3818 608 3869 totum
632 3809 771 3869 orientale
795 3810 863 3868 litus
887 3813 1043 3887 occupavit
1065 3811 1189 3888 indeque
1212 3830 1350 3873 successu
1372 3813 1491 3874 seculo-

141 3914 204 3956 rum
229 3900 258 3955 in
282 3899 393 3956 insulas
417 3898 602 3974 trajecerunt,
625 3899 653 3954 in
676 3896 804 3956 Auream
820 3895 1070 3972 Chersonnesum,
1094 3899 1308 3977 Taprobanem
1331 3908 1492 3978 posteaque

143 3987 172 4043 in
197 3987 351 4061 contiguas
373 3986 432 4045 lere
455 3985 566 4045 insulas
589 3984 814 4043 innumerabiles
841 4000 932 4061 usque
956 3984 993 4044 ed
1018 3984 1163 4047 Guineam
1185 4005 1238 4064 per
1261 3993 1321 4048 500
1346 3988 1492 4049 milliaria.

143 4070 227 4147 Quae
249 4090 320 4132 sene
343 4090 410 4149 pars
433 4079 525 4132 terrae
550 4072 619 4132 olim
642 4069 757 4130 videtur
780 4073 931 4131 continens
953 4072 1044 4132 inissa
1067 4082 1097 4133 et
1119 4092 1168 4148 eo,
1192 4074 1270 4151 quod
1294 4076 1360 4133 sinu
1384 4092 1490 4151 msgno

141 4159 251 4219 fluxum
279 4163 381 4220 oceani
411 4161 566 4218 immanem
598 4160 756 4234 exciperet,
788 4157 920 4236 plurimis
943 4160 972 4216 in
995 4159 1068 4220 loeis
1091 4170 1238 4237 perrupta.
1284 4159 1494 4223 Successerunt

141 4246 255 4323 aliquot
277 4248 337 4307 alia
360 4247 470 4320 secula,
494 4246 563 4305 dum
585 4255 648 4307 tota
670 4245 837 4322 impleretur
852 4245 1056 4323 Megellaniea‚
1080 4256 1148 4325 post
1169 4246 1207 4307 ad
1222 4249 1326 4308 iratum
1343 4249 1491 4310 Victoriae

141 4335 317 4411 trajecerunt
339 4337 427 4394 etiem
451 4337 479 4391 in
494 4334 668 4405 Peruanam,
693 4350 751 4409 quo
774 4332 890 4409 longius
906 4333 1037 4410 digressi,
1061 4334 1117 4394 hoc
1131 4333 1286 4395 alieniores
1301 4337 1339 4395 ab
1354 4336 1492 4399 humani·

140 4430 210 4482 tate.
249 4423 295 4480 An
319 4432 417 4483 autem
441 4429 470 4482 et
493 4422 531 4481 00
552 4430 682 4481 extreme
697 4420 832 4480 Tartesia
846 4421 981 4481 Ameriae
997 4422 1083 4481 luerit
1098 4420 1219 4498 repleta,
1242 4441 1280 4482 00
1296 4440 1330 4483 ex
1346 4423 1491 4498 Peruann,

142 4508 171 4567 id
195 4509 317 4569 dubium
339 4519 393 4569 est
433 4508 517 4569 certe
532 4527 551 4569 a
567 4508 706 4568 Chamitis
728 4525 787 4566 uon
811 4516 962 4583 venerunt,
986 4526 1051 4569 oum
1070 4526 1127 4567 uon
1143 4511 1202 4569 sint
1217 4512 1301 4588 nigri.
1339 4510 1493 4588 sicigitur

141 4608 255 4674 partem
279 4599 418 4673 optimam
442 4598 535 4656 tenuit
558 4593 733 4672 Arphaxad,
762 4594 849 4656 litora
874 4598 971 4655 maris.
1017 4595 1064 4655 to
1088 4594 1227 4673 Ophlrioa
1248 4604 1321 4675 puto
1345 4597 1492 4658 Cherson-

141 4701 245 4745 nesnm
275 4700 409 4759 auream,
440 4683 563 4745 aSaba
590 4685 702 4749 vicinas
729 4689 759 4742 et
784 4683 824 4741 ab
847 4682 975 4743 Haevile
997 4682 1209 4745 denominatas.
1254 4683 1341 4759 Inde,
1369 4687 1409 4746 ab
1435 4686 1493 4746 000

142 4774 263 4849 oriente,
286 4788 393 4833 venere
414 4772 504 4849 magi.
548 4769 661 4832 Mansit
683 4771 760 4830 euim
781 4769 978 4831 secmdotium
999 4773 1030 4832 iu
1051 4773 1181 4850 principe
1202 4769 1342 4834 familiae
1382 4772 1492 4835 Eurum
