3284 5520
478 338 520 394 Ad
537 340 635 395 librum
654 339 702 396 111.
721 339 935 409 Anti-'ihchonis
953 354 1013 409 cap.
1031 338 1073 393 22.
1388 339 1452 408 269

99 516 246 577 strandum
273 517 330 578 init
356 519 549 578 succrescenti
577 520 757 594 posteritati,
789 534 847 576 non
877 534 942 576 curn
973 524 1115 577 assertore
1142 533 1196 577 suo
1218 512 1452 580 mortuam'esse

99 607 250 666 veritatem
273 608 377 683 ipsam.
416 604 555 665 sulficere
578 608 686 682 poterit
709 605 874 683 exemplum
889 605 946 665 hoc
960 606 989 663 in
1005 621 1097 664 annos
1116 606 1189 664 bene
1206 605 1322 668 multos.
1360 606 1452 683 Quis·

96 694 159 768 quis
183 702 242 768 est,
264 695 315 770 qui
336 693 480 770 judicium
499 693 555 752 hoc
569 710 666 752 meum
683 693 842 765 damnabit,
866 695 940 752 sciat
955 695 988 766 is,
1013 692 1139 752 officium
1155 711 1187 751 se
1203 692 1349 754 damnare.
1382 695 1452 754 Mea

95 796 135 839 res
151 782 251 856 ipsius
265 784 291 841 si
307 790 449 857 ageretur,
474 781 610 858 equidem
626 789 708 858 tanta
723 780 860 840 futilitate
878 780 950 840 liber
966 788 1019 853 est,
1045 788 1076 838 ut
1091 788 1240 858 spreturus
1256 799 1322 840 eum
1339 781 1451 842 luerim.

200 868 346 947 Adeoque
369 879 514 946 protestor
532 870 595 944 jam
617 886 702 943 nuuc,
727 871 784 926 nisi
803 867 943 946 prodierit
959 867 1173 927 claramontius
1188 868 1311 944 posthac
1327 872 1452 929 instruc-

89 958 146 1014 tior
171 957 212 1015 ah
237 967 300 1017 arte
323 966 430 1030 nostra,
454 960 518 1015 sive
533 955 703 1033 'lychonem
728 955 891 1015 cerandum
913 956 970 1015 sibi
992 967 1096 1027 sumat,
1120 958 1183 1015 sive
1199 959 1353 1034 meipsum
1370 975 1453 1017 mea-

86 1061 145 1119 que
180 1061 287 1122 opera,
317 1061 393 1121 quae
415 1047 445 1102 in
469 1043 676 1103 mathematica
698 1042 903 1122 philosophiae
925 1050 1007 1121 parte
1031 1042 1124 1102 edidi:
1157 1043 1228 1101 nihil
1251 1045 1323 1103 mihi
1345 1054 1454 1105 causae

83 1132 236 1207 futurum,
260 1149 311 1191 cur
333 1131 532 1191 defensionem
551 1131 656 1190 moliar
670 1130 835 1207 librumque
849 1130 967 1208 publice
983 1132 1117 1190 scribam.
1154 1130 1353 1209 Hypothesss,
1377 1151 1451 1210 quas

79 1236 142 1296 ego
177 1235 301 1296 sequor,
330 1222 355 1278 si
386 1218 446 1278 tclo
468 1218 557 1279 Jovis
579 1227 695 1296 arrepto
720 1219 932 1292 fulminaverit,
963 1221 988 1278 si
1012 1218 1106 1278 dicam
1130 1219 1215 1291 mihi,
1247 1229 1280 1277 ut
1302 1220 1450 1297 quondam

76 1307 267 1367 Aristarcho
284 1306 451 1380 Cleanthes,
476 1307 651 1367 violatarum
673 1306 846 1384 religionum
871 1308 908 1365 ob
928 1306 1035 1366 Vestae
1051 1306 1141 1365 Sacra
1163 1305 1229 1365 loco
1255 1317 1336 1367 mota
1359 1311 1452 1389 scrip-

71 1397 176 1468 serit,
200 1394 321 1453 abunde
343 1394 506 1454 satisfaciet
528 1396 703 1454 astronomis
726 1393 958 1471 aequipollentia
980 1396 1009 1451 in
1033 1393 1254 1454 Commentariis
1271 1394 1374 1454 Martis
1398 1396 1452 1455 de-

66 1491 266 1555 monstrata,
290 1484 320 1540 iu
341 1481 527 1541 Harmonicis
551 1481 710 1555 inculcata,
734 1485 763 1539 in
787 1482 843 1542 hoc
864 1483 929 1558 ipso
952 1481 1054 1541 libello
1077 1490 1234 1559 usurpaia;
1258 1491 1399 1558 quaerent
1422 1490 1453 1543 et

69 1569 211 1648 physici
234 1571 445 1648 poppoioasros
467 1569 598 1647 aliquod,
621 1569 700 1647 quod
723 1569 792 1628 huic
814 1571 932 1629 irruenti
956 1577 1041 1629 tauro
1064 1569 1222 1645 objiciant,
1247 1570 1276 1627 in
1299 1570 1379 1646 quod
1403 1570 1452 1630 ilie

63 1659 169 1716 vires
183 1675 257 1717 suas
274 1656 429 1734 explorans
451 1659 673 1718 amoenissimos
699 1659 839 1717 scientiae
854 1657 942 1732 huJus
957 1657 1052 1716 loeius
1069 1655 1196 1716 dimittat
1211 1659 1344 1717 intactos.
1384 1657 1451 1718 Hoc

60 1762 183 1803 unum
206 1744 257 1805 vel
280 1745 460 1805 amulethum
484 1755 547 1805 esto
571 1755 671 1806 contra
693 1753 791 1823 pestes
813 1744 981 1820 hujusmodi
1005 1744 1280 1819 circumvolitantes,
1304 1745 1352 1805 vel
1372 1746 1450 1805 anti-

59 1831 208 1907 dotum,
241 1834 267 1892 si
290 1850 349 1910 qua
372 1835 520 1893 invaserit.
567 1832 628 1893 Sed
650 1833 785 1910 deposita
807 1835 1006 1906 contentione,
1039 1833 1227 1909 provolemus
1250 1833 1287 1893 ad
1310 1832 1451 1912 hymnum

53 1937 154 1980 cum
181 1920 382 1980 Claramontio
405 1919 629 1982 decantandum.

198 2007 282 2067 Laus
297 2007 362 2068 Deo
378 2006 509 2068 Creatori
533 2007 702 2068 coelestium
725 2015 754 2067 et
777 2006 1006 2080 elementarium,
1030 2009 1201 2084 perennium
1225 2016 1254 2068 ct
1275 2008 1451 2080 mortalium,

54 2094 256 2154 visibilium
279 2103 308 2155 et
331 2095 538 2170 invisibilium,
561 2095 600 2155 ad
623 2095 708 2171 cujus
730 2096 848 2153 beatum
873 2097 900 2151 in
923 2095 969 2153 his
991 2098 1079 2154 etiam
1095 2095 1192 2155 Terris
1209 2100 1385 2156 consortium
1400 2095 1451 2177 (ad

57 2181 173 2258 quod
201 2184 388 2243 amatissimo
416 2184 523 2243 affectu
546 2183 689 2259 adspirari
712 2182 912 2241 claramontio
940 2185 1019 2241 votis
1047 2181 1204 2263 adjungor)
1227 2184 1309 2243 nulla
1331 2184 1451 2261 quidem

55 2269 229 2344 perducit
249 2270 351 2331 schola
374 2271 422 2330 vel
446 2274 560 2345 semita,
583 2273 652 2330 trita
673 2288 692 2329 a
713 2270 898 2329 multitudine
915 2272 1080 2343 ementium,
1103 2269 1216 2329 nullum
1234 2273 1386 2331 consilium
1401 2271 1452 2331 vel

55 2359 252 2418 auctoritas
276 2361 459 2435 opinantium
484 2357 575 2432 salsa,
605 2357 688 2417 nulla
710 2356 890 2434 deceptionis
911 2359 1137 2434 peripateticae,
1161 2362 1349 2434 quantumvis
1373 2361 1451 2420 aotl-

70 2462 160 2521 qua,
186 2444 346 2507 nemerim
369 2445 473 2505 sedin
498 2448 571 2522 ipsis
594 2448 671 2505 veris
695 2446 832 2523 operibus
854 2463 994 2504 manuum
1016 2445 1080 2521 ejus
1102 2455 1218 2522 promta
1241 2446 1370 2506 discendi
1394 2463 1451 2506 vo·

65 2529 190 2592 luntas
215 2541 245 2594 et
266 2535 430 2611 sapientiae
452 2537 662 2611 potentiaeque
685 2533 750 2607 ejus
772 2532 921 2593 indelessa
943 2533 1150 2611 contemplatio
1172 2533 1383 2611 meditatioque
1403 2534 1451 2594 die

78 2628 119 2679 ct
140 2630 241 2695 nocte,
266 2621 345 2697 quod
368 2638 422 2680 nos
444 2620 493 2681 vei
515 2622 577 2700 ipse
599 2623 857 2697 peripateticorum
880 2627 964 2699 peter
986 2620 1072 2680 docet
1091 2621 1271 2682 ¹iristoteles.
1312 2623 1351 2681 At
1366 2623 1450 2681 nobis

80 2706 236 2767 eeclesiae
257 2716 378 2769 mactae
400 2708 467 2768 liliis
490 2717 620 2785 praestet
635 2707 724 2768 Pater
745 2707 898 2781 luminum,
922 2716 956 2766 ut
978 2707 1109 2784 depulsis
1131 2726 1258 2769 errorum
1282 2712 1408 2770 tenebris
1432 2727 1451 2768 a

83 2793 264 2857 rudimentis
287 2799 350 2855 istis
374 2796 491 2855 luminis
506 2806 629 2856 naturae
644 2795 770 2856 traducti
786 2795 823 2854 ad
838 2797 936 2855 lumen
952 2799 1074 2873 gratiae,
1098 2795 1285 2874 proficiamus
1300 2797 1337 2856 ad
1352 2798 1450 2857 lumen

91 2881 222 2957 gloriae,
245 2887 347 2961 sicque
363 2883 459 2943 Deum
481 2884 530 2944 hic
554 2904 572 2944 a
593 2893 676 2959 tergo
700 2883 887 2961 contemplati
912 2886 940 2940 in
965 2883 1102 2959 operibns
1124 2902 1262 2945 manuum
1284 2885 1358 2961 ejus,
1383 2893 1450 2960 post

93 2966 168 3028 hauc
190 2971 399 3031 mortalitatem
423 2990 488 3032 cum
511 2972 640 3049 glorioso
665 2979 749 3030 coetu
773 2979 939 3030 sanctorum
965 2973 993 3028 in
1010 2971 1093 3030 coelo
1109 2973 1349 3048 triumphantium
1365 2972 1451 3032 vide-

102 3072 176 3119 amus
190 3076 259 3119 eum
275 3077 293 3120 a
308 3059 383 3121 lucie
399 3058 568 3132 adfaciem,
590 3076 641 3138 per
655 3057 802 3117 Christum
818 3058 923 3119 Jesum
940 3059 1097 3119 Dominum
1113 3068 1254 3121 nostrum.
1290 3061 1395 3123 Amen.
1409 3056 1451 3139 8*)

678 3200 856 3260 Finis.
