3284 5520
218 297 283 365 770
379 267 385 283 '
535 336 540 347 .
563 298 596 354 n
614 296 735 357 elenau
752 297 853 355 numm
870 296 904 355 aa
922 303 1040 367 quana
1055 298 1224 355 nomena

216 483 390 541 sentuosum
412 476 631 552 antiquissimos
649 492 714 537 essa
735 483 765 535 ct
786 476 895 553 primos
911 475 1033 550 imperia
1047 473 1201 537 habuisse:
1227 477 1306 541 tales
1323 477 1483 539 Chaldaei.
1510 478 1573 539 Nara

217 563 329 625 Abram
352 566 383 625 in
406 562 596 624 Phoenicium
618 571 648 624 at
671 563 848 640 Aegyptum,
871 562 1035 623 Phoenices
1059 564 1087 620 in
1104 560 1262 625 Graeciam
1284 564 1393 627 literas
1418 565 1574 637 intulemnt,

217 653 386 712 testimonio
418 653 548 710 omnium
578 652 773 727 antiquorum.
820 652 944 727 Ergo..
963 693 997 710 ..
1042 649 1075 727 b)
1099 648 1224 712 Ovidius
1255 654 1431 729 fabulatur,
1465 654 1575 714 Preme·

216 737 317 800 iheum
340 738 485 816 quendam
507 737 626 801 linxisse
649 737 781 797 homines
805 737 841 798 dc
864 736 933 798 limo
956 738 1055 797 statim
1082 739 1119 797 ab
1144 739 1265 801 exordio
1282 758 1405 815 rerum,
1432 747 1463 800 et
1477 740 1574 801 Hesio·

217 825 272 885 due
294 833 383 904 atque
405 825 540 904 Sappho,
571 826 767 901 antiquissimi
790 833 911 902 poetae,
935 826 1012 884 sicut
1034 840 1084 883 sos
1107 835 1225 887 secutus
1248 828 1440 906 Aeschylus,
1465 828 1575 902 addant¹

216 913 343 975 iuratum
366 930 431 975 esse
454 916 552 991 ignem
575 913 698 973 coelitus
721 920 810 989 atque
833 911 871 972 ad
893 912 1027 971 homines
1050 910 1208 990 detulisse,
1241 932 1303 992 quo
1334 916 1508 993 significare
1529 934 1576 976 rc·

216 998 340 1077 luerunt,
365 1001 403 1061 ab
427 1002 491 1078 ipso
515 1001 683 1079 excogitata
705 1016 769 1059 esse
793 1002 891 1059 omnia
913 998 1050 1073 artificis,
1074 1016 1150 1075 quae
1173 1003 1240 1078 igne
1262 1002 1475 1079 perficiuntur.
1519 1004 1578 1063 l'nit

215 1088 241 1148 is
262 1090 351 1165 igitur
364 1088 595 1164 antiquissimus,
619 1095 761 1163 quantum
777 1105 813 1146 ex
828 1086 885 1146 hec
898 1086 1000 1146 tabula
1015 1085 1114 1163 colligi
1129 1096 1235 1165 potest.
1275 1090 1373 1167 Atqui
1390 1090 1577 1152 Prometheus

216 1175 272 1235 luit
295 1173 471 1237 Chaldaeus.
506 1174 582 1234 Nam
604 1185 634 1235 ct
655 1174 695 1233 ab
718 1173 827 1234 Ovidio
850 1173 951 1250 Japeti
973 1173 1051 1232 lilius
1074 1172 1187 1247 dicitur,
1210 1177 1261 1253 qui
1283 1177 1342 1237 suit
1364 1177 1478 1239 Nohae
1500 1177 1577 1252 lilius,

217 1265 354 1340 quamvis
369 1262 443 1322 coeli
460 1271 489 1322 et
504 1272 597 1321 terrae
613 1261 689 1321 filius
708 1262 820 1321 dicutur
835 1280 854 1321 a
868 1265 965 1339 polita,
981 1278 1026 1333 eo,
1043 1262 1122 1338 quod
1137 1261 1223 1323 Nuba
1238 1282 1326 1325 nemo
1343 1268 1510 1343 antiquior,
1532 1284 1577 1326 nec

217 1351 282 1429 ejus
302 1359 438 1426 putentes
461 1350 622 1427 gentilibus
643 1350 722 1408 luera
744 1351 852 1426 cogniti
869 1347 1022 1429 (Ovidinss
1046 1351 1110 1410 sive
1125 1366 1226 1410 recens
1241 1353 1395 1413 subducta
1412 1356 1454 1413 ab
1469 1354 1576 1415 actbsrc

219 1434 328 1518 tellus),
352 1439 394 1497 ita
417 1439 509 1496 nteit
531 1454 623 1513 nepos
645 1436 748 1497 Nohae
772 1455 807 1497 ex
831 1435 991 1495 Chaldaea.
1041 1435 1182 1497 Chaldaei
1206 1439 1296 1515 igitur
1319 1443 1575 1517 antiquissimis

216 1527 312 1602 primi,
335 1542 425 1603 panes
449 1541 524 1601 quos
546 1527 720 1602 imperatum
743 1540 808 1583 esse
831 1531 1059 1585 consentancum
1082 1530 1136 1584 cst.
1173 1524 1226 1585 Est
1248 1525 1353 1586 lahela
1378 1530 1473 1588 mista
1488 1528 1575 1589 multis

217 1631 253 1674 ex
276 1612 512 1689 antiquitatibus.
644 1678 648 1689 ,

320 1699 419 1761 Homo
433 1717 452 1757 a
467 1698 532 1759 Deo
555 1698 611 1758 sub
634 1715 729 1758 rerum
748 1698 900 1758 exordium
915 1706 960 1757 est
975 1714 991 1757 e
1006 1696 1076 1756 limo
1092 1705 1186 1759 terrae
1201 1697 1355 1776 conditus;
1381 1700 1456 1763 dein
1471 1702 1574 1762 Tubul-

216 1787 282 1848 cuin
305 1796 374 1848 ante
397 1785 540 1845 diluvium
563 1786 619 1845 init
641 1785 795 1845 malleator
818 1791 847 1845 et
869 1785 952 1844 saber
967 1786 995 1842 in
1012 1794 1117 1844 cuncta
1132 1802 1222 1862 opere
1236 1789 1314 1847 aeris
1331 1799 1360 1849 et
1376 1789 1459 1852 ferri.
1485 1788 1573 1871 (Gen)

154 1892 157 1899 ·
217 1873 328 1946 Tertio,
353 1872 474 1950 quidam
497 1891 532 1931 er
555 1862 710 1949 nepotibus
733 1871 853 1944 Nebna,
876 1870 974 1932 Tubal
997 1871 1093 1931 dictus
1116 1882 1175 1945 est,
1200 1883 1232 1932 ut
1255 1891 1321 1951 cap.
1346 1883 1378 1935 4.
1405 1877 1573 1938 Tubalcsiu.

216 1961 303 2021 Error
325 1964 413 2039 igitur
434 1960 559 2020 sortasse
581 1961 707 2019 nominis
730 1959 793 2017 suit.
839 1956 971 2034 Quarto,
1003 1959 1056 2018 lilii
1078 1957 1190 2036 Japhet
1213 1961 1385 2038 Europam,
1420 1965 1530 2025 insulas
1549 1974 1575 2024 et

215 2051 444 2127 septentrionem
460 2046 615 2124 replerunt.
649 2046 773 2106 Mosoch
788 2046 983 2123 Massagetas,
1008 2046 1113 2105 Thiras
1128 2046 1248 2120 Traces,
1273 2046 1389 2109 Gomer
1404 2051 1571 2125 Germanus,

216 2136 350 2197 Ascenae
365 2133 517 2208 Scandios,
542 2132 657 2194 Gothos
674 2151 725 2209 sc,
749 2135 817 2193 item
835 2134 979 2193 Ascanius
1002 2133 1126 2194 Sicanos
1149 2133 1197 2193 vel
1220 2136 1338 2196 Siculos
1359 2148 1392 2197 et
1413 2140 1572 2217 Sequanos,

216 2221 327 2302 Riphat
341 2222 500 2300 Riphaeos,
515 2220 666 2299 Rodopas,
688 2219 788 2281 Javan
802 2220 906 2294 Jonas,
930 2220 1012 2280 Elisa
1028 2220 1157 2294 Ellenas,
1173 2220 1295 2282 Tharais
1312 2224 1448 2300 Ciliciae,
1466 2228 1572 2287 Cethim

216 2309 414 2383 Macedonas,
437 2310 586 2370 Donanirn
609 2308 788 2368 Dodanscos
812 2308 900 2368 dedit.
947 2308 984 2367 Et
1007 2308 1160 2384 credibile,
1185 2309 1282 2386 illum,
1306 2314 1358 2387 qui
1384 2313 1572 2375 Prometheus

216 2396 330 2473 dicitur,
352 2398 443 2458 luisse
466 2399 655 2473 conspicuum
679 2403 776 2455 aetate
799 2403 828 2456 et
850 2396 1013 2471 prudentia,
1036 2397 1198 2473 principem
1220 2415 1262 2458 sc.
1283 2397 1419 2461 familiae
1443 2411 1473 2461 et
1495 2401 1571 2462 colo·

216 2486 283 2546 nise
312 2501 393 2545 suae.
438 2484 514 2544 Nam
536 2484 574 2544 ab
597 2482 699 2561 Japeti
721 2482 790 2542 liliis
813 2483 925 2543 divisae
948 2491 1016 2543 sunt
1038 2482 1151 2543 insulae
1173 2487 1305 2560 gentium
1329 2495 1388 2547 etc.
1412 2487 1502 2566 (Gen.
1527 2491 1570 2549 10.

216 2590 245 2631 v.
263 2572 306 2649 d.)
349 2571 426 2631 Hinc
449 2573 531 2648 origo
554 2570 672 2630 fabulae
696 2587 731 2629 ex
754 2569 876 2630 historia
898 2573 1060 2630 serissima.
1097 2570 1158 2630 Nec
1180 2589 1284 2651 nempe
1307 2576 1502 2650 cogitandam
1524 2586 1571 2649 est,

216 2658 264 2719 rel
287 2658 403 2719 tabulas
426 2660 506 2735 ipsas
530 2657 604 2717 tales
627 2667 656 2718 et
679 2674 736 2717 non
760 2656 834 2717 alias
857 2659 1004 2718 exstitisse
1026 2660 1089 2716 sine
1113 2665 1191 2718 certa
1214 2676 1313 2719 causa

321 2744 443 2807 Sextum
466 2743 573 2805 Bodini
595 2753 799 2820 argumentum
822 2744 858 2804 de
881 2738 1055 2821 antiquitate
1078 2744 1292 2807 Chaldaeorum
1315 2756 1361 2808 cst
1384 2766 1406 2808 a
1428 2752 1500 2810 navi
1521 2749 1571 2809 de·

217 2832 351 2906 doctum,
383 2851 459 2910 quae
481 2833 532 2892 nbi
556 2832 712 2908 quieverit,
744 2841 873 2910 tempore
894 2830 1020 2909 Jossphi
1042 2831 1140 2891 adhuc
1162 2836 1385 2895 testatissimum
1410 2836 1467 2897 init
1489 2837 1571 2897 variis

218 2921 403 2999 profanarum
419 2922 550 2998 gentium
565 2919 711 2978 historicis
720 2937 728 2997 3
751 2937 792 2982 se.
808 2921 838 2976 in
854 2920 1002 2979 montibus
1019 2920 1185 2999 Armeniae,
1208 2921 1258 2997 qui
1274 2919 1447 2983 Gordiaeus
1463 2923 1571 2985 dicitur.

216 3008 270 3066 Est
290 3016 389 3067 antem
405 3007 543 3067 Armenia
565 3007 745 3066 contermina
765 3004 943 3080 Chaldaeae,
967 3009 1031 3067 sive
1054 3008 1165 3084 campis
1187 3006 1299 3080 Sinear,
1324 3011 1398 3086 quia
1419 3011 1519 3088 'l'igris
1539 3030 1570 3071 er

216 3096 364 3155 montibus
387 3095 543 3154 Armeniae
566 3095 666 3153 oritur.

319 3180 537 3242 Slcidanus:
570 3181 696 3239 Primus
718 3187 821 3239 autem
843 3199 898 3240 reu
919 3182 981 3257 fuit
1004 3183 1041 3255 is,
1066 3199 1156 3256 quem
1178 3181 1312 3243 dicimus
1337 3179 1492 3258 Nimrod,
1524 3191 1573 3261 qui

216 3271 258 3329 66
279 3272 371 3329 eane
391 3270 560 3347 praefuisse
575 3268 696 3327 dicitur.
735 3265 822 3341 Quid,
847 3271 901 3338 ais,
925 3269 1008 3327 annis
1025 3274 1087 3328 200
1103 3269 1183 3328 luere
1199 3270 1330 3331 homines
1345 3274 1412 3331 sine
1429 3273 1572 3349 imperio?

217 3356 386 3432 Respondet
409 3356 601 3433 pulcherrime
624 3354 760 3415 Justinos
784 3364 813 3414 et
835 3357 877 3415 ita
899 3354 1069 3432 respondet,
1096 3365 1127 3414 nt
1149 3357 1236 3415 simul
1259 3366 1289 3417 ct
1311 3360 1458 3435 originem
1483 3365 1572 3437 impe·

215 3447 322 3503 riorum
353 3445 603 3521 subjectionisqne
627 3442 732 3502 doceat
755 3448 783 3500 ot
805 3459 903 3501 sacras
927 3443 1025 3502 literas
1047 3453 1236 3519 nostrumque
1259 3453 1413 3505 auctorem
1437 3448 1572 3526 pulcher·

215 3534 287 3591 rime
311 3531 468 3591 confirmat.
514 3529 588 3603 Ubi,
613 3548 678 3590 cnm
702 3531 787 3605 quasi
808 3529 954 3605 suffragiis
977 3530 1086 3590 electos
1109 3548 1193 3606 reges
1217 3531 1300 3604 dicit,
1325 3533 1502 3594 addendum
1524 3535 1571 3603 illi,

215 3618 294 3694 quod
325 3621 419 3694 magis
449 3636 514 3679 esse
544 3626 772 3677 consentaneum
800 3625 830 3676 ct
859 3620 932 3675 ratio
964 3617 1054 3677 dictat
1081 3626 1111 3677 et
1137 3618 1168 3680 S.
1191 3617 1342 3695 Scriptura
1366 3623 1525 3681 confirmat
1546 3633 1572 3680 et

215 3713 330 3764 veteres
352 3703 471 3765 tabulae
495 3704 643 3775 alludunt,
667 3722 706 3763 ec.
730 3721 796 3763 cnm
819 3702 1000 3764 discederent
1022 3705 1059 3764 ab
1084 3708 1209 3764 invicem
1231 3705 1380 3780 homines,
1406 3713 1486 3785 regis
1510 3711 1572 3768 loce

214 3791 347 3851 habitum
371 3791 462 3863 illum,
487 3794 536 3869 qni
560 3793 689 3850 omnium
711 3791 766 3850 luit
789 3799 886 3852 aetate
909 3784 1062 3866 maximus,
1086 3794 1148 3852 sive
1171 3800 1253 3869 pater
1270 3797 1360 3853 totins
1375 3801 1486 3871 gentis,
1510 3801 1570 3856 eive

216 3896 303 3955 quem
326 3887 410 3955 pater
432 3880 487 3937 sibi
511 3879 665 3938 succedere
690 3877 817 3938 volebat.
855 3879 954 3955 Atqne
978 3897 1013 3938 sa
1035 3888 1140 3954 postea
1162 3897 1252 3939 cauea
1274 3880 1436 3942 Chaldaeis
1459 3896 1570 3961 reperta

213 3974 267 4038 est,
291 3966 400 4026 bellum
423 3966 564 4025 inserendi
587 3966 726 4038 finitimis,
752 3965 829 4042 qnod
852 3983 884 4026 se
900 3967 1083 4042 antiquitatis
1099 3969 1212 4027 ratione
1228 3976 1257 4026 et
1271 3978 1389 4043 patrum
1407 3973 1570 4047 praesentia

213 4056 317 4115 ceteris
339 4061 488 4129 praestare
511 4054 736 4113 arbitrabantur.

318 4141 458 4201 Nimrod
504 4141 550 4200 De
580 4141 636 4200 hoc
665 4143 758 4217 primo
787 4156 855 4215 rege
885 4142 966 4200 varie
997 4139 1161 4218 disceptant
1182 4142 1379 4218 antiquissimi
1404 4147 1568 4222 scriptores

212 4228 287 4288 Nam
314 4224 348 4309 1)
365 4229 493 4290 Berosus
516 4238 545 4289 et
559 4227 710 4300 Manetho,
734 4229 811 4286 sicut
832 4226 899 4287 illos
924 4226 1041 4304 quidem
1056 4228 1172 4287 Annius
1188 4227 1371 4289 Viterbensis
1396 4234 1568 4308 publicarit,

212 4315 271 4387 illi,
304 4317 440 4391 inquam,
471 4324 606 4376 auctores
635 4314 723 4392 plane
753 4332 818 4375 cum
841 4314 980 4374 Slcidano
1011 4317 1196 4376 consentiunt
1224 4324 1253 4375 et
1275 4315 1323 4376 hic
1345 4326 1449 4379 noster
1470 4332 1569 4380 auctor

210 4405 315 4464 seriem
338 4421 439 4479 regum
462 4422 498 4465 ox
522 4403 579 4463 illis
604 4404 763 4481 exscripsit.
803 4401 835 4477 2)
859 4402 973 4462 Deinde
989 4421 1024 4463 cx
1041 4402 1172 4462 Diodoro
1196 4402 1374 4480 colliguntur
1400 4414 1485 4467 1360
1502 4409 1567 4467 anni

210 4490 398 4551 monarchiae
421 4490 638 4569 Babylonicoe,
670 4507 764 4566 usque
792 4487 829 4547 ad
857 4492 1005 4551 interitum
1032 4488 1241 4566 Sardanapali,
1272 4494 1322 4569 qni
1353 4494 1463 4554 accidit
1493 4512 1567 4556 auno

210 4577 312 4639 mundi
328 4584 428 4652 31483
451 4580 609 4639 subtractis
623 4575 691 4637 inde
710 4582 804 4654 1360,
826 4584 937 4635 restant
956 4583 1047 4651 1788,
1072 4580 1122 4654 qui
1138 4585 1182 4636 est
1198 4596 1290 4638 annus
1309 4586 1381 4640 131.
1406 4590 1476 4659 post
1492 4583 1568 4642 dilu-

210 4669 301 4739 vium,
324 4668 350 4724 is
373 4683 477 4743 nempe
501 4669 573 4743 ipss,
599 4684 616 4724 a
640 4681 698 4741 quo
714 4664 870 4723 Slcidanus
893 4672 922 4724 et
937 4664 1065 4724 Berosus
1087 4666 1170 4740 regni
1184 4664 1361 4743 Babylonici
1383 4672 1491 4731 sumsit
1513 4672 1567 4728 ini·

209 4754 291 4812 dum.
339 4750 370 4833 3)
393 4753 549 4832 Allegatur
572 4761 602 4815 et
624 4752 786 4813 aFuuccio
809 4760 839 4811 et
859 4750 1052 4813 aMeibomio
1076 4751 1193 4830 quidem
1208 4751 1380 4833 Xenophon
1404 4756 1444 4819 de
1464 4760 1567 4835 asqui-

1328 5054 1364 5119 -r
