3284 5520
419 340 461 398 De
478 344 652 413 septuaginta
669 342 885 399 hebdomadibus
903 342 931 397 in
948 341 1072 398 Daniele.
1354 338 1419 409 827

172 508 332 596 septimam
356 523 481 583 similem
505 520 710 595 conjecturam,
734 519 786 579 aed
809 519 874 598 plus
890 519 1046 591 valentem,
1069 519 1159 578 habet
1174 537 1208 578 ex
1224 519 1293 578 Esd.
1310 525 1329 579 5
1345 525 1374 578 et
1390 526 1416 580 o.

66 604 111 662 lbi
137 606 218 664 Darii
243 610 380 684 praesceti
405 615 433 668 in
454 609 540 686 Syria
563 626 660 683 regem
683 617 809 679 monent,
834 617 866 665 nt
888 610 1007 665 serutari
1033 607 1226 667 bibliothecas
1250 616 1279 666 et
1301 607 1419 667 archiva

62 693 177 766 jubeat,
201 711 237 752 arr
263 695 389 755 edictum
406 698 473 775 Cyri
497 713 549 772 pro
563 694 744 754 Judaeorum
761 696 854 754 reditu
870 698 1045 771 reperiatur,
1070 697 1175 771 quibus
1191 695 1298 753 Darius
1313 698 1419 770 paruit,

66 780 243 856 tandemque
275 800 333 841 nou
363 783 530 863 Babylone,
561 783 613 841 sed
644 786 672 839 in
696 782 795 841 Media
825 782 950 841 edictum
978 790 1124 858 repertum
1155 783 1217 840 init.
1265 783 1366 839 Annus
1390 789 1419 841 2.

64 867 148 924 Darii
172 871 275 944 prioris
298 871 352 930 luit
377 879 425 935 16.
449 890 468 930 a
490 869 723 947 promulgatione
747 870 842 941 edicti,
867 887 925 946 quo
949 878 1077 948 tempore
1100 872 1123 928 si
1147 886 1204 926 non
1229 868 1314 928 edicti
1339 872 1418 945 regii,

64 954 169 1013 saltem
193 955 302 1015 reditus
327 967 370 1017 tot
393 959 515 1018 millium
536 961 564 1015 iu
580 956 726 1016 Judaeam
742 967 771 1016 et
785 974 873 1015 causa
890 956 998 1017 reditus
1013 959 1121 1016 recenti
1138 958 1265 1015 omnium
1282 958 1420 1015 memoria

65 1043 278 1103 continebatur.
324 1046 401 1123 Ergo
425 1047 531 1104 Darius
555 1042 620 1115 ille,
653 1047 703 1118 qui
727 1045 795 1103 Esd.
820 1051 849 1103 o.
873 1045 1014 1119 loquitur,
1046 1060 1102 1102 non
1126 1053 1171 1103 est
1195 1044 1301 1101 Darius
1324 1043 1418 1120 Hyst-

64 1131 154 1206 aspis,
179 1131 231 1188 sed
247 1132 354 1190 Darius
370 1134 493 1205 Nothus,
519 1132 602 1207 eujus
619 1149 712 1190 annus
729 1138 758 1194 2.
781 1131 880 1190 incidit
896 1134 924 1189 in
941 1149 1048 1189 annum
1067 1137 1138 1190 113.
1162 1150 1179 1188 a
1196 1130 1289 1189 reditu
1304 1141 1331 1189 et
1349 1148 1415 1209 pro·

64 1217 243 1293 mulgatione
266 1222 338 1295 regii
361 1221 457 1292 edicti,
482 1222 556 1278 intra
579 1218 657 1293 quod
681 1229 795 1294 tempus
819 1221 955 1277 universa
971 1220 1077 1277 civium
1094 1221 1174 1294 regni
1192 1217 1357 1290 multitudo,
1381 1217 1418 1276 ad

66 1321 141 1379 quoa
166 1313 224 1363 tam
248 1308 445 1366 memorabilis
468 1309 509 1365 rei
532 1308 637 1365 notitia
659 1309 831 1384 pertinebat,
855 1308 1004 1365 interierat
1025 1314 1054 1365 et
1077 1324 1142 1366 eum
1165 1305 1215 1363 illa
1239 1323 1355 1381 quoque
1371 1323 1418 1364 re·

64 1391 141 1449 ditus
164 1391 243 1451 illius
266 1398 414 1453 memoria.
1461 1394 1464 1399 '

169 1476 312 1538 Octavam
337 1491 366 1540 et
388 1483 519 1540 nltimam
543 1480 739 1555 conjecturam
764 1481 841 1554 capit
865 1499 899 1540 ex
924 1479 1005 1540 Esth.
1024 1486 1052 1555 2,
1077 1496 1135 1555 quo
1159 1481 1253 1554 capite
1277 1479 1418 1539 habemus

67 1565 192 1624 eundem
215 1584 321 1643 regern,
346 1588 431 1644 quem
456 1571 544 1628 etiam
560 1567 628 1626 Esd.
648 1573 675 1638 4,
694 1572 722 1638 b,
748 1566 906 1626 assuerum
930 1567 1050 1640 seilicet,
1074 1568 1157 1642 cujus
1173 1568 1298 1641 conjunx
1317 1566 1420 1625 Esther

63 1654 127 1710 suit.
165 1653 249 1712 Illius
272 1665 369 1715 autem
393 1655 568 1731 genealogia
591 1655 714 1713 habetur
738 1671 800 1732 cap.
819 1661 855 1712 2:
880 1654 996 1713 Patrem
1020 1654 1150 1714 habebat
1165 1654 1319 1729 aeqrralem
1335 1654 1418 1712 Mar·

63 1739 204 1812 dochaeo‚
229 1742 401 1818 adoptivum
417 1743 646 1802 Mardochaeum
664 1744 768 1817 ipsum,
793 1760 880 1799 avum
897 1744 983 1817 igitur
998 1740 1072 1815 dair,
1088 1759 1229 1818 proarurn
1247 1741 1346 1811 Siraci,
1364 1742 1418 1799 ab·

62 1845 151 1886 arum
174 1828 238 1900 Kis,
262 1833 312 1904 qui
335 1850 362 1889 a.
379 1850 416 1888 m.
435 1837 529 1891 3351.
554 1847 619 1888 eum
634 1827 780 1888 Jeehonia
803 1829 947 1889 abductus
968 1830 1053 1888 luerit
1077 1848 1095 1887 a
1117 1829 1417 1888 Nabuchodonosore.

61 1913 93 1972 Si
105 1923 267 1975 statuamus
279 1916 367 1977 Simei
382 1928 482 1976 natum
499 1918 588 1976 luisse
605 1919 680 1975 eirca
696 1915 767 1973 illud
784 1918 878 1991 ipsum
895 1925 1009 1992 tempus
1025 1919 1214 1993 captivitatis,
1234 1927 1338 1992 postea
1354 1914 1417 1975 25¹⁰

62 2019 177 2077 semper
200 2021 276 2062 anno
300 2005 406 2077 tilium,
430 2015 581 2081 nepotem,
606 2011 796 2080 pronepotem
819 2013 883 2076 etc,
909 2003 987 2079 quod
1011 2012 1108 2062 tamen
1132 2007 1180 2061 vix
1204 2003 1342 2063 credibile
1365 2009 1417 2072 est,

62 2093 230 2166 praesertim
254 2093 282 2147 in
307 2092 358 2150 illa
380 2094 513 2163 miseria,
539 2092 706 2150 tricenarius
730 2108 830 2148 omues
853 2094 1002 2165 genuisse,
1032 2091 1220 2149 nihilominus
1243 2098 1339 2149 tamen
1363 2108 1418 2148 arr·

62 2194 117 2233 uas
136 2183 186 2236 20.
211 2181 316 2236 aetatis
332 2180 444 2251 Esther,
469 2197 527 2255 quo
546 2186 675 2253 tempore
690 2178 799 2235 nubilis
818 2178 880 2249 suit,
904 2179 1097 2236 transsccadit
1112 2186 1238 2237 aetatem
1255 2177 1418 2254 Cambysis.

64 2264 139 2338 llrgo
165 2265 310 2324 Assuerus
334 2267 382 2325 ille
406 2284 463 2324 non
488 2274 532 2325 eat
555 2265 730 2341 Cambyses:
755 2263 871 2324 Xerxes
895 2268 996 2340 igitur,
1022 2268 1091 2340 quia
1114 2266 1189 2323 alius
1212 2282 1277 2323 esse
1301 2273 1418 2340 propter

62 2368 168 2408 nomen
191 2369 248 2409 non
272 2361 378 2428 potest.
424 2352 455 2413 Si
480 2353 626 2411 Assuerus
650 2360 694 2409 est
716 2350 846 2424 Xerxes,
878 2352 986 2410 Darius
1016 2355 1103 2428 igitur
1126 2353 1173 2411 ille
1198 2354 1224 2408 irr
1251 2351 1342 2409 Esdra
1364 2354 1419 2411 erit

62 2439 171 2496 Darius
192 2439 317 2512 Nothua,
342 2442 412 2515 quia
434 2440 563 2500 Assuero
587 2440 773 2514 subjungitur
797 2442 833 2497 ab
853 2439 955 2512 Esdra,
979 2438 1027 2498 ille
1051 2457 1120 2499 vero
1137 2440 1244 2497 Darius
1261 2438 1418 2516 Hystaspis

61 2525 193 2585 Xerxem
217 2530 384 2601 praecessit.
837 2599 839 2605 Ι

167 2612 232 2671 Hoc
247 2622 448 2690 argumentum
465 2612 583 2673 elevant
596 2631 639 2684 eo,
658 2612 735 2688 quod
753 2613 861 2685 dicunt,
885 2615 913 2669 in
928 2613 1003 2672 libro
1021 2613 1124 2671 Esther
1140 2614 1277 2689 ambigue
1294 2612 1416 2672 dietum:

62 2698 277 2759 Mardochaeus
300 2702 378 2760 filius
394 2710 449 2760 etc.
488 2701 543 2759 Kis
567 2699 602 2759 de
626 2702 700 2759 tribu
724 2699 842 2772 demini,
868 2703 916 2774 qui
940 2701 1083 2759 abductus
1106 2708 1150 2758 cst
1166 2711 1219 2760 ete.
1264 2700 1339 2759 Nam
1363 2701 1418 2757 ab·

62 2786 181 2845 surdum
207 2805 280 2860 esse,
304 2788 518 2847 Mardochaeus
541 2806 578 2845 an
595 2787 649 2845 Kis
669 2788 813 2847 abductus
829 2805 893 2847 esse
909 2788 1031 2846 dicatur.
1070 2787 1268 2847 Veruntamen
1285 2789 1418 2847 existimo

64 2892 127 2950 ego,
154 2876 243 2933 rerba
266 2874 316 2934 illa
342 2878 411 2951 „qui
435 2875 581 2934 abductus
605 2876 667 2933 cst“
692 2874 779 2950 longe
803 2877 908 2934 rectius
925 2875 962 2933 ad
978 2876 1214 2952 propinquiorem
1230 2875 1284 2932 Kis
1300 2892 1418 2935 accom-

62 2960 184 3033 modari,
210 2979 295 3036 quarn
320 2963 357 3020 ad
381 2962 624 3032 Mardocbaeum,
650 2983 667 3019 a
691 2979 749 3038 quo
773 2962 809 3020 ad
833 2963 906 3021 haee
929 2964 1019 3022 rerba
1043 2980 1135 3038 usque
1158 2963 1242 3038 niara
1266 2962 1418 3037 interjecta

62 3056 139 3106 aunt.
186 3049 262 3107 Tum
285 3052 309 3106 si
334 3050 547 3109 Mardochaeua
576 3049 719 3108 abductus
748 3059 825 3108 essct
848 3059 878 3109 et
900 3050 1041 3109 hacteuus
1066 3052 1292 3125 supervixisset,
1325 3067 1416 3108 annos

63 3153 153 3211 prope
179 3143 239 3194 1‘20
264 3136 417 3196 habuisset
440 3145 569 3212 ternpore
593 3139 680 3194 etiam
697 3137 859 3213 Cambysis.
900 3139 939 3195 At
962 3156 996 3197 ea
1020 3144 1116 3196 aetate
1139 3137 1238 3195 aulam
1261 3140 1366 3196 sectari
1390 3146 1418 3195 et

62 3226 91 3280 in
116 3223 266 3299 publicum
290 3226 388 3283 crebro
413 3224 546 3302 progredi
570 3208 628 3282 n’on
652 3223 756 3295 solent,
781 3224 859 3299 quod
883 3224 918 3283 de
935 3224 1131 3283 Mardochaeo
1152 3224 1282 3299 legimus.
1323 3223 1417 3295 adde,

64 3310 142 3386 qaod
166 3328 223 3366 non
249 3320 355 3371 temere
380 3312 519 3370 debemus
542 3328 579 3369 ne
602 3310 718 3387 quidem
742 3314 770 3367 in
794 3320 878 3381 gerite
902 3323 1004 3370 sancta
1027 3311 1101 3369 adeo
1126 3312 1285 3386 longaevos
1300 3310 1417 3386 fingere,

61 3400 293 3473 quotiescunque
317 3416 362 3455 ros
390 3400 473 3458 aliter
489 3399 616 3473 expediri
633 3409 738 3476 potest.
776 3398 875 3457 Manet
892 3401 978 3474 igitur
992 3398 1059 3475 hoe,
1081 3399 1136 3457 Kis
1151 3416 1293 3474 proavum
1311 3399 1417 3457 listhe-

62 3503 111 3542 rae
135 3484 294 3543 abductum
318 3503 381 3544 esse
406 3503 470 3545 cunr
486 3484 640 3559 Jechonia,
665 3504 723 3560 quo
740 3487 859 3545 obtento
875 3495 970 3544 cetera
985 3486 1150 3561 probabilia
1166 3496 1242 3551 sarit,
1266 3486 1417 3544 listheram

63 3588 119 3629 non
138 3572 287 3648 Cambysi,
312 3572 363 3631 sed
379 3572 473 3631 Xerxi
494 3577 637 3648 nupsisse,
661 3577 762 3648 quiea
779 3586 864 3648 capto
880 3572 1025 3632 Jechonio
1040 3573 1078 3631 ad
1094 3574 1248 3650 Cambysia
1264 3590 1371 3632 annum
1389 3580 1417 3633 3.

65 3667 135 3717 sunt
159 3662 226 3716 anni
252 3669 364 3717 tantum
389 3666 439 3730 82,
464 3658 501 3718 ad
525 3659 634 3719 Xerxis
657 3679 726 3719 vero
751 3664 865 3718 tertium
889 3665 957 3719 anni
983 3663 1053 3719 123.

167 3745 221 3803 His
236 3746 377 3821 Scaligeri
400 3750 580 3821 argumentis
605 3748 680 3807 aliae
704 3749 890 3821 conjecturae
914 3748 1051 3824 subjungi
1075 3757 1207 3824 possunt,
1231 3749 1338 3822 quibus
1355 3763 1419 3806 cer·

61 3834 172 3891 tissime
196 3833 417 3905 demonstretur,
442 3833 602 3892 Nehemiae
625 3845 706 3909 gesta
731 3852 788 3892 non
813 3836 895 3893 ilarii
910 3835 1079 3912 Hystaspis,
1103 3834 1154 3893 sed
1177 3834 1265 3893 Nothi
1290 3842 1419 3910 tempore

62 3920 222 3988 accidisse,
247 3939 370 3995 quarum
394 3922 467 3980 haec
490 3938 567 3979 nona
591 3932 663 3991 esto,
689 3921 766 3996 quod
791 3923 880 3980 llario
904 3921 1063 3999 Hystaspis
1086 3940 1142 3979 non
1168 3929 1334 3998 competunt
1358 3920 1417 3993 illa,

63 4024 138 4082 quae
162 4006 269 4065 Esdras
294 4007 329 4066 de
352 4026 406 4066 suo
431 4009 522 4066 Dario
545 4010 639 4067 refert·
685 4008 812 4067 Primum
837 4012 913 4067 enim
936 4008 1060 4069 Judaeis
1083 4012 1239 4085 pensiones
1264 4026 1279 4066 e
1302 4008 1419 4066 tributis

60 4096 131 4164 suis,
156 4112 230 4168 quos
254 4097 281 4150 in
306 4094 392 4171 Syria
416 4095 527 4168 habuit,
552 4096 680 4171 largitur,
706 4096 793 4171 idque
817 4113 894 4153 anno
919 4104 945 4154 2.
964 4099 1045 4172 regni
1068 4096 1150 4173 (Esd.
1169 4098 1211 4163 dl.
1248 4094 1288 4152 At
1312 4095 1419 4153 Darius

61 4180 218 4256 Hystaspis
241 4184 351 4257 primus
374 4184 437 4253 suit,
463 4185 512 4257 qui
537 4186 614 4241 omni
637 4200 726 4257 regno
743 4187 771 4240 in
788 4186 954 4258 provincias
972 4191 1012 4242 20
1038 4183 1202 4256 distributo,
1226 4181 1349 4257 singulis
1364 4200 1418 4241 sua

61 4269 170 4326 tributa
193 4268 354 4344 descripsit.
394 4269 487 4346 Cyrus
511 4272 586 4329 enim
611 4279 637 4330 et
655 4271 824 4347 Cambysae,
850 4273 898 4345 qui
920 4279 988 4328 ante
1004 4273 1098 4348 ipsum
1116 4273 1338 4345 imperaverant,
1362 4268 1418 4328 hoe

60 4372 118 4413 non
143 4365 225 4414 erant
247 4357 334 4427 soliti,
359 4360 488 4416 contenti
511 4356 594 4415 donis
617 4360 756 4432 gentium,
781 4359 819 4416 ob
836 4358 913 4433 quod
930 4358 1037 4417 Persae
1053 4357 1161 4434 Cyrum
1183 4366 1303 4434 patrern,
1328 4355 1418 4414 Cam-

61 4441 161 4518 bysem
186 4442 351 4516 dominum,
378 4445 498 4503 Darium
523 4463 592 4504 vero
616 4448 777 4503 institorem
801 4446 993 4521 appellarunt.
1039 4444 1122 4503 Istud
1147 4454 1243 4504 autem
1267 4445 1418 4519 negotium
1497 4500 1506 4519 ,

60 4528 252 4588 distribuendi
283 4531 448 4607 provincias
477 4540 506 4589 et
533 4534 643 4591 tributa
670 4532 816 4591 indicendi
846 4550 903 4591 non
936 4534 1022 4589 unius
1045 4534 1112 4590 anni
1137 4540 1195 4603 est,
1227 4530 1279 4590 sed
1302 4539 1417 4607 tempus

60 4618 193 4690 requirit,
226 4625 313 4692 atque
337 4622 465 4678 omniunt
489 4622 613 4677 maxime
638 4622 691 4695 ipsi
716 4622 857 4695 principio
880 4621 975 4694 regni,
999 4618 1126 4677 nondurn
1150 4621 1221 4678 satis
1245 4617 1416 4692 confirmati,

61 4705 208 4782 competit.
246 4702 358 4778 Quodsi
375 4708 482 4766 Darius
498 4705 657 4783 Hystaspis
681 4709 709 4763 in
734 4708 818 4783 Syria
842 4707 922 4765 nulla
946 4707 1054 4767 tributa
1069 4707 1171 4766 habuit
1187 4723 1263 4765 anne
1281 4712 1309 4764 2.
1325 4708 1416 4783 regni,
