3284 5520
437 331 480 387 Da
497 330 671 402 septuaginta
689 327 905 387 hebdomadibus
923 329 951 386 in
968 330 1089 386 Daniele.
1372 330 1438 400 813

185 508 271 567 Anno
296 515 324 570 7.
348 526 366 567 5
389 509 530 585 principio
555 508 622 590 ilyri
646 516 760 568 mortuo
784 508 861 586 Cyro
885 511 1025 568 successit
1049 508 1228 587 Cambyses,
1252 528 1338 587 quem
1363 511 1437 572 liber

80 596 190 656 Esdrae
215 597 314 673 (quern
343 596 502 655 seeundum
532 595 711 671 scaligerum
741 596 843 656 ducem
876 613 931 671 ege
958 597 1143 672 potissimum
1172 599 1291 676 aequor)
1320 601 1437 674 penitus

79 684 197 743 silentio
222 687 367 760 praeterit,
393 684 444 743 sed
464 684 624 744 seeundum
640 692 752 745 ceteros
768 686 928 743 Assuerum
944 694 973 743 et
988 685 1179 744 Artaxerxem
1195 689 1335 745 nominat.
1375 687 1437 747 Sub

79 772 167 847 hujus
183 774 271 848 igitur
287 773 415 846 Assueri,
440 771 616 845 Artaxerxis,
640 773 762 848 imperio
785 774 968 848 scripsissent
983 771 1146 832 Samaritae
1169 776 1385 834 accusationem
1406 776 1437 834 iu

78 859 230 932 ludaeos,
254 868 283 919 et
306 861 409 919 luisset
431 869 563 919 secutum
587 859 772 919 interdictum
795 863 906 934 regium
930 859 966 919 de
988 876 1047 919 555
1070 859 1251 920 aedificando
1275 861 1392 939 templo.

184 965 271 1023 Anno
298 971 346 1024 14.
371 964 532 1044 Cambyses
555 982 590 1024 ex
615 965 733 1025 vulnere
758 965 890 1024 decessit.

186 1069 270 1128 Anno
298 1073 346 1129 15.
371 1069 487 1141 Darius,
512 1069 671 1149 Hystaspis
693 1070 780 1144 filius,
804 1071 961 1130 interiectis
983 1069 1095 1144 Magis,
1120 1069 1171 1144 qui
1192 1068 1294 1129 iraude
1317 1085 1438 1146 regnum

79 1154 283 1230 obtinuerant,
317 1156 429 1215 hinnitu
462 1160 529 1234 equi
559 1175 608 1216 rex
640 1157 793 1217 Persarum
823 1157 963 1234 proditur.
1008 1155 1065 1215 Hic
1088 1155 1156 1215 Esd.
1182 1163 1209 1217 4.
1240 1164 1437 1220 5555555155.

80 1245 254 1313 nominatur,
280 1243 358 1319 qnod
385 1262 484 1304 omnes
508 1245 642 1304 latentur.
688 1245 751 1321 Ego
775 1244 1334 1320 1555515555]51555515151511155,
1358 1244 1439 1321 qnod

80 1327 213 1389 Judaeos
236 1331 408 1405 Samaritae,
433 1337 508 1391 sicut
531 1333 585 1391 sub
602 1332 679 1411 Cyro
703 1343 732 1391 et
755 1328 820 1413 (qui
837 1327 1080 1413 subintelligitur)
1104 1332 1259 1409 Canrbyse,
1285 1335 1325 1390 ita
1349 1336 1437 1392 etiam

78 1417 134 1474 sub
151 1419 242 1476 Dario
258 1416 416 1495 Hystaspis
442 1421 528 1478 variis
552 1420 818 1478 machinationibus
842 1419 1051 1497 prohibuerint,
1075 1437 1111 1478 ne
1135 1418 1183 1478 vel
1208 1423 1234 1477 in
1255 1418 1436 1481 aedificando

76 1505 222 1579 progredi,
249 1507 295 1565 vel
319 1523 437 1565 eausam
461 1526 543 1565 suam
568 1507 720 1584 babylone
744 1524 841 1566 coram
864 1525 931 1582 rege
947 1524 1042 1582 agere,
1068 1506 1114 1566 vel
1130 1524 1213 1582 reges
1229 1509 1347 1566 omnino
1363 1510 1436 1567 seire

76 1601 205 1667 possent,
230 1593 300 1669 quid
316 1592 425 1653 Judaei
448 1604 577 1670 agerent.
616 1596 725 1653 Contra
747 1595 796 1652 alii
820 1595 995 1670 intelligunt,
1020 1595 1099 1670 qnod
1123 1594 1273 1671 impeditio
1296 1596 1382 1653 simul
1407 1603 1436 1654 et

76 1684 279 1739 accusationes
303 1699 368 1741 cum
392 1683 474 1740 initio
498 1684 577 1759 regni
601 1682 690 1758 hujus
713 1683 796 1740 Darii
820 1682 906 1741 tinem
930 1684 1102 1758 acceperint.
1168 1720 1170 1727 ·

183 1786 351 1847 5555516.
379 1795 423 1846 est
447 1792 475 1845 2.
491 1785 583 1857 Darii,
608 1803 666 1861 quo
690 1802 767 1846 anno
791 1787 957 1845 existimant
980 1786 1083 1862 reliqui
1106 1791 1221 1862 praeter
1243 1785 1435 1862 scaligerum,

78 1870 201 1931 reditum
225 1889 289 1932 esse
313 1874 349 1932 ad
374 1871 475 1950 templi
500 1875 739 1932 instaurationem
763 1872 843 1948 (Esd.
871 1873 923 1950 5.).

183 1961 284 2020 55555
302 1968 352 2021 20.
370 1971 414 2022 est
430 1970 458 2021 6.
474 1961 555 2021 Darii
570 1960 737 2038 Hystaspis,
754 1979 812 2036 quo
829 1979 906 2021 anuo
923 1963 1090 2021 existimant
1105 1959 1164 2034 alii,
1188 1961 1328 2037 templum
1344 1961 1434 2023 inissa

75 2045 253 2108 absolutum.

181 2137 266 2194 Anno
292 2140 342 2195 50.
366 2135 474 2193 Darius
497 2134 657 2211 Hystaspis
680 2137 816 2208 moritur,
847 2138 893 2193 cui
922 2134 999 2194 iilius
1022 2134 1138 2194 Xerxes
1167 2137 1195 2191 in
1220 2137 1341 2212 irnperio
1365 2152 1434 2195 suc-

77 2220 162 2283 cedit.
207 2223 295 2282 Hunc
328 2224 462 2281 existimo
496 2239 561 2281 curn
592 2222 740 2298 Scaligero
771 2224 799 2279 in
826 2221 893 2280 555.
920 2229 957 2295 4,
983 2231 1010 2280 6.
1043 2223 1186 2281 Asuerum
1219 2222 1274 2281 dici
1307 2232 1336 2282 et
1368 2241 1433 2283 esse

74 2313 209 2368 maritum
233 2310 372 2369 Estherae
404 2319 492 2386 atquc
516 2308 631 2368 Vasthi.
678 2308 775 2384 Quare
808 2313 944 2384 scriptam
968 2326 1032 2368 esse
1056 2309 1112 2367 boo
1134 2327 1211 2368 anno
1236 2316 1287 2370 50.
1310 2326 1433 2369 aecusa-

74 2399 184 2456 tionem
208 2397 387 2458 iudaeorum
412 2417 429 2457 a
452 2397 613 2469 Samaritis,
642 2414 706 2455 curn
729 2400 809 2473 prius
833 2396 897 2454 aliis
921 2396 1187 2456 machinationibus
1210 2414 1284 2473 opus
1307 2396 1434 2473 impedi-

75 2487 196 2559 vissent,
217 2486 278 2559 jam
304 2502 372 2543 vero
396 2484 544 2557 viderent,
569 2487 670 2561 utique
693 2486 747 2543 snb
771 2501 849 2542 noro
873 2501 940 2559 rege
965 2500 1043 2543 nova
1066 2483 1200 2544 Judaeoa
1224 2487 1336 2562 agitare
1360 2502 1434 2544 con-

77 2571 153 2632 silia.
202 2573 241 2631 At
264 2572 366 2647 reliqui
390 2580 503 2648 putant,
527 2572 603 2630 hune
626 2590 723 2647 regern
746 2573 782 2631 ab
809 2571 900 2630 Hadra
923 2571 1039 2630 silentio
1062 2574 1221 2647 praeteriri.

180 2676 265 2734 Anno
291 2682 340 2735 63.
366 2673 523 2734 secundam
548 2674 761 2751 expeditionem
786 2675 813 2731 in
840 2672 969 2735 Graecos
997 2675 1174 2750 suscipiente
1201 2673 1302 2733 Xerxe
1331 2676 1433 2735 existi·

77 2771 139 2821 mat
163 2763 307 2823 Mercator
330 2772 358 2822 et
380 2763 555 2839 Bnntingus,
581 2763 756 2838 suffragante
779 2761 910 2820 nonnihil
934 2761 1114 2841 Thucydide,
1139 2764 1327 2821 Artaxerxem
1351 2762 1433 2821 Lon·

74 2853 223 2927 gimanum
255 2852 323 2908 viro
348 2850 443 2909 adhue
466 2859 548 2925 patre
571 2851 711 2925 imperare
735 2851 875 2926 55551555.
924 2848 1021 2924 Quare
1044 2852 1138 2927 pergit
1161 2852 1328 2909 existimare
1351 2849 1431 2909 Mer-

77 2947 166 3012 cator,
191 2938 268 2997 hunc
291 2955 354 2996 esse
378 2941 531 2996 terminum
555 2940 666 3013 imperii
691 2938 860 2995 Artaxerxis
876 2956 893 2996 5
908 2936 1051 2996 Nehemia
1074 2948 1102 2996 et
1118 2936 1211 2996 Esdra
1233 2938 1432 2997 observatum.

73 3027 211 3086 Fortasse
235 3042 292 3084 uno
316 3033 405 3102 atque
429 3025 520 3086 altero
544 3042 620 3084 anno
644 3027 789 3102 posterius
811 3024 884 3083 haec
906 3025 1082 3086 aeciderunt.

181 3130 352 3188 5555570.
377 3139 420 3189 est
445 3138 472 3189 7.
497 3130 534 3188 55
557 3129 614 3187 555
636 3127 811 3187 Mercatorio
835 3130 917 3187 initio
941 3129 1120 3204 Artaxerxis,
1145 3143 1234 3204 quare
1258 3125 1433 3187 51555555-

77 3216 145 3278 dum
168 3216 360 3277 Mercatorem
383 3227 428 3276 est
450 3235 543 3276 55555
566 3214 675 3274 reditus
701 3214 819 3275 Eadrae.

179 3305 265 3364 Anno
291 3311 339 3364 71.
368 3304 484 3364 Xerxes
515 3304 553 3362 ab
577 3305 728 3362 Artabano
760 3304 873 3362 occisus
903 3310 955 3363 est.
1001 3304 1087 3361 Anne
1118 3302 1220 3361 eodem
1245 3302 1431 3374 Artaxerxes,

77 3393 172 3451 occiso
205 3401 328 3468 tyranno
352 3393 517 3463 Artabano,
549 3391 629 3449 solus
658 3407 780 3465 regnare
812 3392 921 3466 incipit.
967 3389 1033 3449 Hoc
1063 3392 1178 3448 initium
1201 3388 1374 3449 Nehemiam
1403 3395 1431 3448 et

76 3479 197 3538 Esdram
221 3481 376 3539 observare
399 3480 504 3556 reliqui
527 3479 696 3554 chronologi
721 3476 831 3536 volunt.

180 3568 282 3625 Annus
308 3573 357 3626 78.
389 3573 485 3626 5517.
518 3568 685 3625 Artaxerxis
709 3585 726 3624 a
748 3565 901 3640 posteriori
930 3564 1029 3639 initio,
1061 3571 1090 3631 et
1112 3565 1189 3624 bunc
1216 3563 1300 3623 multi
1323 3581 1431 3622 annum

75 3672 139 3714 5555
169 3656 289 3727 volunt,
321 3671 378 3730 quo
402 3654 510 3712 Esdras
533 3652 737 3732 ierosolymae
761 3671 825 3712 eum
848 3652 1008 3731 privilegiis
1031 3653 1162 3712 ascendit
1185 3660 1214 3714 et
1236 3670 1326 3729 remp.
1351 3650 1431 3710 ordi-

76 3760 144 3802 nare
168 3744 273 3819 eoepit.

182 3832 351 3888 5555583.
377 3836 421 3887 est
444 3834 494 3887 20.
519 3827 687 3887 Artaxerxis
710 3845 728 3885 a
750 3826 838 3903 priori
862 3828 953 3899 initio,
979 3843 1037 3903 quo
1060 3844 1137 3886 anno
1161 3826 1306 3887 Mercator
1329 3827 1431 3887 existi·

76 3924 146 3989 mat,
169 3917 349 3987 Nehemiam,
374 3927 496 3992 accepte
519 3915 683 3991 privilegio,
707 3931 805 3972 muros
829 3916 907 3972 urbis
930 3922 1117 3974 restaurasse.
1157 3914 1192 3973 lit
1214 3915 1291 3973 bunc
1313 3930 1431 3990 555555

77 4012 127 4065 20.
151 4023 259 4063 annum
281 4020 453 4080 promovere
478 4011 600 4079 eportet,
625 4004 650 4059 si
673 4003 806 4079 superius
831 4003 944 4060 initium
966 4009 1182 4078 promoveatur.

186 4094 287 4151 Annus
306 4098 355 4150 91.
374 4100 418 4150 eat
438 4097 488 4150 20.
513 4091 681 4148 Artaxerxis
698 4109 715 4149 5
730 4090 884 4168 posteriori
908 4091 999 4164 initio,
1024 4107 1114 4166 qnare
1128 4105 1275 4149 murorum
1291 4084 1432 4146 aedifica·

75 4183 186 4238 tionem
210 4200 228 4239 a
251 4179 394 4238 Nehemla
416 4178 473 4237 hue
495 4176 599 4255 reliqui
623 4177 783 4237 conterunt.

183 4269 353 4326 5555595.
375 4272 486 4325 55132.
512 4266 682 4323 Artaxerxis
705 4283 723 4323 a
746 4264 833 4341 priori
857 4264 949 4337 initio,
974 4280 1032 4339 quo
1055 4261 1190 4322 rediisset
1212 4261 1370 4322 Nehemias
1393 4259 1431 4321 ad

76 4372 174 4432 regem
196 4354 355 4414 seeundum
380 4353 583 4412 Mercatorem.

181 4443 282 4501 Annus
300 4447 370 4502 103.
393 4450 437 4500 est
454 4447 503 4500 32.
529 4439 697 4498 Artaxerxis
714 4456 731 4498 a
746 4439 900 4515 posteriori
921 4439 1014 4512 initio,
1038 4454 1097 4515 quo
1121 4448 1197 4497 auno
1221 4437 1304 4513 ajunt
1327 4436 1429 4514 reliqui

76 4530 196 4590 rediisse
220 4530 390 4589 Nehemiam
414 4527 451 4587 ad
474 4546 580 4604 regem,
604 4527 727 4585 formata
749 4543 780 4585 re
802 4526 930 4602 publiea.

182 4618 267 4676 Anno
294 4622 363 4676 104.
396 4624 526 4674 mortuns
558 4616 748 4687 Artaxerxes,
779 4612 953 4673 succedente
981 4611 1147 4689 Sogdiano,
1180 4628 1245 4671 cum
1272 4610 1429 4670 Nehemias

76 4707 231 4782 impetrata
254 4707 340 4763 venia
364 4703 452 4782 55515
476 4712 543 4763 ante
567 4705 596 4760 in
611 4701 758 4761 Judaeam
781 4703 917 4773 venisset,
942 4708 974 4758 ut
997 4699 1114 4776 quidem
1138 4699 1241 4759 volunt
1260 4716 1360 4758 omnes
1376 4716 1429 4758 ex·

78 4800 163 4870 cepte
180 4791 338 4868 Scaligero.
377 4792 453 4852 Nam
475 4794 500 4851 is
523 4807 539 4850 5
562 4790 705 4850 contrario
723 4796 753 4849 et
767 4796 844 4849 certe
859 4787 1055 4849 verisimiliter
1069 4789 1223 4863 existimat,
1247 4785 1325 4848 hune
1339 4787 1432 4847 Arta·
