3284 5520
198 328 242 397 60
469 342 473 349 ·
509 391 514 397 ,
701 331 743 385 ne
762 331 882 387 comeus
901 331 986 387 trica
1004 332 1052 386 111.

194 508 318 584 jectioni
340 505 448 569 Terrae
471 508 539 582 ΚΡ,
564 507 630 587 plns
652 516 768 570 cometa
790 510 936 587 trajiceret
958 528 1046 587 quam
1070 513 1160 572 Tana
1182 529 1235 588 per
1257 510 1325 585 Ka,
1350 513 1422 587 qula
1443 520 1558 572 cometa

198 603 243 654 est
269 594 356 654 altior
383 597 447 672 ipsa
469 597 574 673 Terra3
606 597 698 656 multo
730 596 823 672 major
846 600 901 657 erit
923 607 1056 660 comatae
1079 601 1229 676 trajectio,
1259 601 1284 658 si
1307 599 1476 675 trajectoria
1498 615 1556 658 non

197 683 236 741 sit
258 682 399 760 parallela
423 685 480 762 ipsi
501 683 567 760 Ka,
591 683 644 745 sed
667 683 797 760 obliqua,
821 693 853 745 at
876 685 942 745 NH.

723 831 913 903 Theorema
941 831 1023 904 XlX.

305 945 385 1023 Quot
408 947 511 1006 dubus
533 950 648 1008 cometa
670 946 868 1023 retrogradus
888 955 994 1007 maaet
1015 951 1050 1007 iu
1072 948 1291 1024 huuiepltaerio
1307 948 1394 1021 Solis,
1417 954 1462 1007 lai
1482 964 1558 1022 pra·

198 1032 296 1093 duum
320 1051 410 1092 arcaea
432 1037 544 1110 capitia
565 1052 624 1094 sua
646 1039 797 1094 monstrat
819 1034 1030 1109 altitudinem,
1062 1054 1125 1111 qua
1147 1043 1262 1096 cometa
1284 1054 1348 1096 aaa
1368 1036 1432 1114 fuit
1452 1035 1558 1094 ltunri-

197 1119 257 1181 liur
277 1123 312 1179 in
334 1120 441 1183 medio.

303 1206 448 1268 Videatur
479 1207 635 1268 schematis
660 1211 690 1267 3.
722 1214 836 1268 cometa
864 1211 893 1266 iu
923 1209 1139 1286 hemisphaeria
1163 1208 1241 1270 Solis
1263 1226 1315 1287 per
1338 1209 1400 1269 dies
1424 1214 1475 1269 33.
1520 1209 1560 1268 Et

198 1296 236 1354 sit
259 1293 360 1353 Tellus
390 1298 473 1355 initio
498 1297 527 1353 in
550 1296 579 1369 1,
613 1298 642 1353 in
671 1295 729 1355 line
758 1312 826 1354 vero
856 1299 884 1354 in
907 1296 942 1356 F.
987 1297 1119 1356 Ponatur
1141 1305 1257 1358 cometa
1278 1300 1308 1355 in
1332 1306 1457 1374 utroque
1481 1302 1558 1355 tem-

197 1382 277 1458 poris
309 1384 431 1443 termino
462 1401 527 1443 csse
558 1387 688 1462 proxime
718 1385 812 1459 ipsam
835 1382 964 1443 Terram.
1011 1384 1084 1443 Cum
1108 1386 1197 1460 igitur
1219 1392 1334 1445 cometa
1357 1385 1485 1461 trajiciat
1507 1401 1561 1460 per

198 1469 305 1528 lineam
328 1478 446 1540 rectam,
472 1471 598 1546 trajiciet
621 1489 657 1530 ex
671 1469 687 1528 I
702 1472 731 1528 iu
748 1470 782 1530 F.
820 1469 912 1530 Terra
934 1487 1004 1530 vero
1027 1474 1057 1530 in
1080 1470 1177 1531 medio
1199 1473 1401 1550 apparitionis,
1426 1474 1503 1532 circa
1519 1469 1560 1542 V,

200 1555 325 1615 discedit
348 1576 366 1615 a
389 1559 529 1618 subtensa
551 1559 592 1616 Ili
616 1560 780 1633 quantitate
802 1560 927 1633 sagittae
950 1559 1042 1635 ipsius
1065 1559 1135 1618 ivr*
1157 1575 1252 1620 arcus.
1301 1559 1431 1619 Ponatur
1454 1560 1560 1618 iterum

198 1652 313 1703 cometa
336 1644 412 1703 altas
428 1665 446 1705 n
461 1645 567 1704 Terra:
592 1646 715 1719 etquis
738 1653 783 1703 est
804 1644 999 1721 retrogradus,
1022 1645 1089 1723 plus
1112 1647 1202 1722 igitur
1222 1645 1339 1721 trajecit
1362 1663 1451 1723 qaam
1467 1644 1561 1704 Terra

198 1738 230 1789 ut
252 1731 426 1809 plurimum
450 1733 618 1807 trajectoria
640 1734 729 1807 igitur
750 1740 882 1792 cometae
905 1732 1003 1793 adhuc
1024 1734 1166 1809 maj0rem
1188 1750 1288 1793 arcum
1311 1732 1347 1793 dc
1371 1734 1467 1793 orbita
1481 1731 1560 1791 Ter-

197 1836 247 1879 rae
271 1820 406 1893 absecat,
439 1837 529 1895 quare
556 1818 609 1881 illa
635 1821 725 1879 etiam
747 1819 844 1879 medio
867 1823 913 1881 sui
934 1828 1044 1898 puncto
1067 1820 1192 1897 longiori
1214 1820 1312 1881 adhuc
1334 1822 1444 1898 sagitta
1467 1818 1561 1879 distat

199 1907 238 1968 ab
261 1923 331 1968 arca
353 1906 490 1968 Telluris.

734 2027 926 2099 Thecrerna
952 2026 1021 2099 XX.

305 2140 340 2201 Si
361 2148 477 2201 cometa
500 2143 708 2214 trajiceretur
730 2162 789 2203 aaa
811 2145 963 2218 eclipticae
990 2144 1037 2202 uel
1063 2145 1098 2202 iu
1120 2144 1229 2219 aliqua
1250 2145 1277 2200 ei
1296 2142 1450 2218 parallelo
1473 2145 1563 2202 intra

199 2230 332 2289 orbitam
358 2228 488 2301 Terrae,
515 2247 575 2306 per
597 2249 718 2290 aunum
740 2234 895 2306 integrum
918 2229 1104 2291 arundendo
1127 2247 1230 2289 vatur
1250 2230 1373 2307 polum,
1397 2229 1564 2289 detortam

198 2316 354 2375 uderetur
376 2333 480 2375 ausus
500 2317 609 2391 polum
632 2319 745 2378 lineam
768 2319 929 2394 spiralem,
950 2335 1112 2394 permeans
1135 2320 1241 2378 omnia
1263 2320 1352 2393 uana
1373 2316 1492 2378 zodiaci
1512 2334 1563 2377 ee·

199 2405 337 2464 cundum
360 2403 592 2479 longitudinem.
668 2402 676 2418 '

306 2491 382 2550 Nam
406 2490 487 2567 quod
508 2490 572 2550 Soli
596 2493 759 2568 quiescenti
782 2493 811 2548 in
835 2499 950 2565 centro,
982 2492 1060 2554 idem
1084 2491 1229 2553 accideret
1251 2499 1383 2552 cometae
1405 2490 1508 2550 mobili
1532 2492 1563 2550 in

199 2596 255 2639 axe
283 2595 374 2638 causa
400 2577 606 2654 longitudinis3
638 2581 753 2638 interim
781 2596 852 2639 vcro
881 2588 1036 2657 augeretur
1064 2579 1188 2639 latitudo
1217 2586 1335 2658 propter
1364 2578 1563 2639 elevationem

200 2673 332 2726 cometae
351 2685 371 2726 a
390 2665 480 2743 plano
504 2666 666 2742 eclipticas,
690 2665 780 2742 idque
803 2684 905 2728 versus
928 2668 1015 2728 finem
1037 2670 1133 2727 minus
1155 2667 1328 2744 minusque:
1352 2665 1408 2727 hac
1431 2682 1501 2726 vcro
1525 2683 1563 2727 cx

200 2756 389 2832 permistione
410 2754 529 2831 spiralis
551 2755 690 2815 nascitur.

724 2873 916 2945 Thecrema
943 2872 1026 2944 XXI.

305 2989 342 3050 Si
364 2993 503 3063 trajectio
525 2997 658 3050 cometae
679 2989 807 3049 duraret
826 3007 883 3064 per
904 2997 1015 3064 septem
1037 3007 1160 3061 mensu,
1183 2990 1223 3049 ab
1245 2996 1378 3065 utraque
1401 3005 1472 3049 uero
1494 2995 1563 3047 tra-

199 3081 336 3150 iectionis
367 3081 497 3138 termino
527 3077 672 3136 domitam
699 3077 967 3154 perpendiculares
993 3080 1027 3135 in
1051 3078 1185 3154 planum
1215 3079 1368 3153 ecliptiaae
1395 3074 1564 3136 inciderent

200 3170 285 3224 iutra
308 3165 440 3223 orbitam
468 3165 595 3239 Terrae,
619 3171 647 3222 et
668 3167 694 3223 si
715 3182 779 3224 aon
801 3165 899 3224 multo
921 3167 1118 3226 minoraret
1140 3167 1315 3233 traiectoria
1338 3163 1487 3223 diametro
1509 3181 1563 3224 or·

200 3253 279 3312 bitae
305 3252 430 3325 Terrae,
464 3254 534 3312 talis
562 3259 678 3311 cometa
706 3259 803 3327 posset
826 3255 910 3311 intra
932 3253 985 3312 ltus
1005 3260 1115 3331 sepiem
1137 3269 1252 3312 menses
1274 3252 1372 3312 videri
1390 3250 1562 3325 perambu-

201 3341 266 3400 lare
288 3343 394 3399 omnia
415 3342 505 3416 sipaa
528 3339 654 3412 zodiaci,
679 3342 761 3398 unte
783 3342 934 3398 nimirum
957 3347 1021 3398 tarn
1044 3343 1079 3399 in
1098 3343 1253 3416 principio
1276 3356 1370 3416 quam
1393 3340 1428 3395 in
1447 3337 1508 3414 tine
1528 3340 1564 3396 in

202 3423 358 3504 quadrato
381 3424 459 3486 sota
481 3428 608 3486 circiter.

305 3514 415 3573 Lincae
449 3517 524 3574 enim
557 3511 715 3591 parallelae
743 3529 779 3572 ex
801 3512 891 3584 locis,
926 3520 1057 3573 terrenae
1089 3514 1201 3574 orbitae
1233 3511 1416 3572 semicirculo
1449 3513 1564 3571 circiter

202 3600 394 3674 distantibus,
426 3602 561 3662 videatur
584 3599 701 3661 tendere
726 3603 753 3658 in
778 3599 900 3661 candem
923 3608 1036 3677 partem
1058 3600 1180 3660 fixarum
1203 3599 1363 3679 sphaerae,
1396 3606 1426 3657 ct
1448 3606 1565 3659 cometa

202 3691 320 3767 ponitur
342 3706 380 3748 ex
403 3706 501 3748 carum
526 3706 585 3748 una
608 3688 741 3763 trajicere
765 3689 794 3745 in
817 3687 948 3763 alteram,
973 3689 1098 3747 obvians
1121 3687 1248 3747 Telluri:
1277 3690 1377 3762 itaque
1400 3688 1430 3744 iu
1452 3689 1564 3762 princi-

201 3779 251 3854 pio
281 3783 309 3836 et
339 3776 396 3837 fine
426 3777 617 3853 apparitionis
647 3783 723 3835 estet
750 3774 932 3848 celerrimus,
968 3774 1087 3851 quaudo
1110 3773 1212 3835 Tellus
1240 3793 1276 3835 ex
1305 3791 1363 3834 uno
1386 3772 1478 3834 latere
1501 3783 1564 3833 tra·

200 3865 342 3942 jectoriae
366 3872 497 3925 cometae
520 3863 652 3925 tenderet
674 3864 703 3920 in
725 3861 804 3922 latus
826 3862 961 3923 alterum.

725 4009 916 4080 Thecrema
943 4008 1039 4080 XXll.

309 4126 462 4205 Quicquid
485 4127 605 4186 uidetur
624 4127 792 4186 secundum
807 4126 1029 4202 longitudinem
1044 4127 1078 4183 iu
1092 4123 1195 4202 prada
1211 4123 1365 4198 eclipticas
1379 4140 1443 4182 nort
1459 4126 1566 4183 miuus

202 4212 258 4277 90⁰
281 4216 410 4274 distante
426 4236 446 4276 a
462 4214 539 4288 Sole,
563 4215 602 4274 ab
624 4233 657 4276 eo
671 4214 923 4291 perpendiculum
942 4214 1122 4290 inpluvium
1136 4211 1289 4288 eclipticas
1304 4210 1467 4271 &murum
1482 4210 1566 4271 cadit

202 4312 289 4365 extra
312 4304 444 4364 orbitam
471 4302 590 4361 Terrae.

306 4391 381 4449 Nam
411 4388 506 4463 linea,
541 4406 617 4465 qaae
643 4406 708 4447 cnm
738 4389 847 4447 visoria
869 4387 948 4448 Solis
977 4387 1047 4447 facit
1068 4393 1178 4447 rectum
1202 4385 1360 4461 angulum,
1394 4384 1448 4444 illa
1470 4387 1566 4462 tangit

205 4478 329 4536 orbitam
346 4477 489 4539 Telluris:
515 4485 577 4535 tota
601 4478 688 4552 igitur
711 4482 794 4536 extra
817 4484 869 4548 est,
894 4483 1017 4552 excepto
1040 4482 1150 4551 puncto
1174 4481 1336 4546 contactus,
1360 4491 1396 4533 er
1420 4488 1478 4547 quo
1494 4490 1564 4551 per·

185 4565 397 4641 pandiculeris
430 4567 518 4642 plano
550 4563 702 4639 ecliptieac
731 4564 859 4622 excitata
889 4563 927 4622 ad
955 4580 1073 4623 sensum
1102 4564 1133 4619 in
1162 4565 1257 4639 ipsum
1284 4560 1385 4636 polum
1408 4559 1563 4636 eclipticas

201 4652 309 4725 tendit;
334 4662 448 4714 cometa
471 4668 541 4712 vero
565 4654 683 4729 ponitur
706 4659 788 4710 extra
811 4651 920 4728 polum,
945 4653 1054 4729 quippe
1078 4652 1106 4708 in
1130 4649 1231 4724 aliquo
1255 4647 1347 4726 gradu
1371 4646 1564 4724 longitudinis

202 4756 359 4817 apparens.
