3284 5520
523 343 952 416 apummmmmeeu.
1349 344 1414 414 501

115 523 246 592 sanor,
256 529 296 581 -srt
313 527 435 578 eentnrrn
452 520 511 590 qus
528 537 546 575 a
585 524 675 576 ornet
691 520 722 573 in
739 521 788 576 iot.
806 519 897 574 20120
914 524 983 590 sept.
1001 519 1159 576 Mercurius
1175 536 1239 576 vero
1256 521 1287 577 in
1304 520 1417 578 meridie

115 594 172 651 nor
189 594 238 649 tor.
256 594 288 649 2⁰
302 594 350 659 lb',
369 593 414 648 die
431 593 554 663 sequenti
587 590 665 658 0250,
685 605 747 661 erqo
766 591 837 646 born
853 589 999 646 nostro2⁰
1016 589 1068 645 140.
1103 590 1204 661 Itaque
1221 590 1307 648 Lana
1323 608 1416 647 seeun-

115 664 276 720 *maron
293 669 387 719 centro
405 679 455 717 sno
473 662 566 717 &buit
583 677 639 716 esee
676 675 705 714 er
723 658 766 715 30⁴
783 661 1033 731 septentrionalior.

162 732 323 789 obseruatio
347 733 441 799 babet,
468 733 557 787 visunt
579 676 678 791 anseg
709 730 787 798 intro
810 731 961 812 nsorqinern
985 735 1008 796 1)
1032 730 1192 811 proximans
1209 731 1247 786 ad
1264 732 1414 799 sinistrant,

115 818 149 859 trs
170 820 231 858 nno
253 804 386 859 diametro
411 807 435 869 1)
457 803 613 859 distantem.
649 799 683 855 Si
707 804 731 866 1)
752 807 874 855 centrum
892 806 932 855 est
948 816 1010 855 rna
1043 806 1179 855 temnens
1196 799 1228 853 20
1244 801 1296 869 410,
1320 818 1415 874 morpo

131 873 304 929 meridianae
320 874 416 927 babuit
434 871 608 927 latitudinem
624 870 656 923 20
670 869 726 951 270.
761 869 840 941 Ergo
857 871 883 925 si
900 870 984 951 etiam
996 816 1128 939 pddnoria
1143 870 1246 952 fnisset·
1257 871 1416 953 eorq‘nnctio

115 942 253 1011 titudinis,
286 944 306 1010 li
331 944 405 998 cissa
423 948 490 998 esset
508 943 552 995 130
569 942 647 1010 infra
664 956 748 994 smum
773 944 976 1019 pntorprnem,
995 939 1069 1009 quod
1086 945 1126 995 est
1142 941 1199 1008 sere
1215 940 1332 997 dimidio
1345 957 1417 1011 pars

115 1012 187 1069 notri
210 1018 247 1081 1).
282 1013 321 1067 At
337 1014 393 1080 fnit
417 1017 441 1079 J)
463 1013 547 1067 edom
564 1017 630 1066 onte
653 1008 690 1077 ll,
708 1009 793 1064 mutto
811 1011 898 1080 iqitso
914 1025 1007 1077 mayor
1024 1016 1085 1064 erat
1102 1010 1238 1066 dbtontio
1261 1010 1282 1080 ἕ
1308 1027 1327 1066 c
1344 1026 1415 1067 rnor-

115 1098 119 1132 t
144 1086 180 1151 9,
194 1085 359 1152 praesertim
375 1098 432 1139 non
449 1081 716 1147 nteridionoiissino,
733 1079 825 1149 nqior
840 1096 878 1136 sc.
896 1080 1099 1136 semidiametro
1123 1084 1160 1146 1).

490 1257 544 1318 IV.
581 1263 632 1319 De
654 1260 753 1319 novis
776 1259 986 1331 aspectibus.

459 1360 542 1427 Caput
565 1362 613 1411 hoc
634 1360 728 1428 legitur
745 1362 796 1413 vol.
814 1360 847 1415 V.
865 1377 892 1426 p.
909 1363 962 1413 4⁷3
980 1377 1013 1414 ss.

440 1520 477 1581 V.
515 1524 567 1581 De
589 1523 794 1581 reductione
814 1525 1028 1594 aspectuum.

161 1658 280 1719 Monuit
301 1658 556 1735 Regiomoutanus
578 1661 608 1717 in
630 1658 755 1720 Tabulis
778 1660 989 1733 Directionnm,
1016 1656 1198 1718 reducendos
1220 1676 1285 1721 esse
1308 1677 1415 1738 aspec-

141 1746 193 1808 sed
216 1746 314 1806 radios
338 1746 405 1806 illos
429 1748 526 1806 solum
549 1745 695 1824 intelligit,
720 1764 794 1824 quos
810 1746 1029 1808 consideramus
1053 1749 1081 1803 in
1098 1745 1316 1821 directionibus,
1340 1765 1415 1824 quos

115 1851 162 1895 ras
183 1836 396 1913 praesupponit
419 1835 566 1894 terminari
589 1836 619 1891 in
643 1834 786 1911 ecliptica.
832 1834 945 1909 Quodsi
968 1836 1018 1911 qui
1034 1832 1264 1894 bodieflxernm
1286 1837 1415 1912 aspecti-

138 1914 260 1982 ntuntur
281 1921 319 1982 ad
343 1920 527 1998 indagandas
551 1928 754 2001 tempestates,
788 1923 810 1980 ii
832 1920 912 1982 Solis
939 1920 1142 1981 tautummodo
1171 1921 1416 1999 configurationes

115 2027 125 2069 r
148 2008 215 2069 lixis
238 2011 438 2086 exquirerent,
468 2026 544 2087 quae
567 2011 652 2069 statis
675 2012 744 2069 anni
772 2010 915 2088 cujusque
938 2009 1042 2069 diebus
1065 2008 1202 2084 redeunt,
1232 2011 1416 2071 satisfaceret

115 2114 131 2157 s
153 2094 264 2157 tabella
286 2095 482 2156 radiationum
496 2096 732 2173 Regiomontani,
756 2105 786 2158 et
804 2095 965 2173 quadratus
982 2104 1120 2175 aspectus
1142 2095 1313 2158 reductione
1335 2097 1416 2157 nulla
1470 2166 1476 2175 ¹

115 2182 289 2244 rehaberet.
335 2184 376 2242 nt
404 2187 474 2261 quie
501 2187 630 2243 omnium
657 2183 843 2263 planetarum
870 2191 1006 2260 aspectus
1036 2185 1111 2242 inter
1137 2200 1169 2243 se
1199 2191 1228 2245 et
1256 2201 1321 2244 cum
1349 2184 1416 2244 lixis

115 2268 240 2349 illigant,
262 2271 314 2331 nbi
337 2270 507 2350 plemmque
530 2279 599 2329 sunt
614 2275 765 2348 utriusque
788 2270 890 2330 stellae
913 2269 1083 2330 latitudines
1098 2269 1280 2347 inaequales,
1306 2279 1351 2332 est
1364 2272 1416 2332 ubl

115 2361 291 2431 contrariae,
323 2376 382 2419 non
412 2358 520 2418 sulficit
551 2361 639 2434 igitur
669 2359 794 2437 simplex
816 2361 965 2434 ingressas
987 2360 1018 2416 in
1041 2356 1187 2427 tabulam,
1217 2375 1272 2419 nec
1294 2376 1356 2419 rem
1378 2376 1416 2419 ax

115 2446 149 2506 ni
173 2448 321 2506 sententia
336 2446 452 2506 conficit
467 2453 635 2524 prognosin,
659 2449 715 2504 nisi
731 2446 907 2521 triangulum
923 2444 1020 2504 solvat
1036 2444 1169 2504 datorum
1188 2444 1322 2508 laterum.
1355 2445 1416 2507 Sed

115 2533 185 2593 mibi
208 2551 282 2612 opus
297 2542 342 2593 est
356 2533 412 2594 hac
426 2533 634 2605 admonitione,
659 2544 776 2611 proptor
791 2543 927 2611 aspectus
942 2531 1125 2611 planetarum
1141 2536 1216 2592 inter
1230 2550 1272 2606 se,
1296 2533 1415 2612 qnando

115 2636 183 2697 quae
206 2622 337 2681 obtinent
352 2620 537 2695 latitudines;
560 2628 629 2680 tunc
644 2623 722 2679 euim
737 2621 799 2680 lieri
812 2638 883 2680 sanc
899 2628 1006 2697 potest,
1030 2628 1062 2679 ut
1077 2630 1223 2698 aspectos,
1246 2622 1310 2699 lpse
1326 2624 1415 2683 ctiam

115 2708 232 2782 dratos,
255 2708 344 2784 longe
366 2707 433 2768 aliis
457 2707 560 2768 diebus
584 2707 724 2779 incidant,
748 2710 777 2766 in
794 2708 902 2768 circulo
917 2724 1024 2784 magno
1048 2725 1099 2785 per
1122 2707 1254 2786 planetas
1279 2708 1415 2769 ueducto

115 2798 236 2875 sperati,
260 2813 347 2873 quam
371 2799 396 2855 si
419 2798 583 2873 quantitate
606 2804 742 2873 aspectos
764 2798 976 2855 constituamus
1001 2812 1100 2855 arcum
1124 2794 1292 2874 eclipticas,
1323 2800 1413 2858 inter-

115 2892 178 2945 tum
200 2885 274 2944 inter
297 2884 382 2942 binos
406 2883 530 2943 circulos
552 2882 755 2957 latitudinum,
778 2900 830 2961 per
852 2891 952 2943 centra
974 2882 1156 2960 planetarum
1180 2882 1339 2944 traductos.
1377 2882 1415 2944 at

115 2964 129 3031 's
151 2970 284 3030 doctrina
307 2970 518 3048 triangulorum
540 2972 643 3049 paucis
665 2978 710 3031 est
732 2973 850 3047 cognita
870 2978 922 3030 eut
944 2973 1021 3043 trita,
1045 2968 1154 3030 tabella
1169 2972 1258 3031 etiam
1271 2970 1415 3032 radiatio-

115 3078 138 3133 r,
154 3059 247 3134 cujus
270 3060 400 3118 meminit
423 3058 575 3135 problema
598 3064 649 3118 31.
672 3058 909 3135 Rogiomontaui,
932 3057 1017 3117 deest
1038 3059 1068 3115 in
1092 3057 1251 3134 exemplari
1265 3059 1415 3120 Directio·

115 3144 380 3220 ochiomontani,
403 3146 483 3223 quod
502 3146 656 3222 Tubiogae
671 3144 778 3224 prodiit
800 3163 878 3206 anno
905 3148 997 3218 1119,
1021 3145 1128 3221 ablego
1150 3147 1251 3222 itaque
1273 3147 1413 3207 lectorem

139 3236 205 3294 vice
228 3231 266 3292 ad
288 3232 420 3311 ejusdem
442 3232 671 3308 Regiomontani
693 3232 838 3292 rabulam
862 3233 952 3291 Primi
974 3231 1104 3306 Mobilis,
1129 3250 1216 3308 quam
1241 3235 1329 3293 etiam
1345 3233 1415 3294 Ma-

115 3338 145 3381 rs
167 3323 197 3378 in
219 3338 305 3380 suum
328 3338 402 3398 opus
425 3320 581 3380 transtulit.

163 3406 241 3467 Nam
263 3411 289 3467 si
311 3409 404 3468 altere
427 3407 522 3468 solum
546 3426 581 3468 cx
604 3407 698 3467 stellis
722 3406 910 3484 configeretis
933 3406 1069 3467 babuerit
1098 3406 1300 3482 latitudinem,
1331 3424 1413 3468 corn·

115 3504 238 3555 neutum
261 3496 325 3569 ejus
348 3498 497 3573 quaeritur
520 3496 549 3552 in
572 3496 675 3569 lronte,
692 3482 936 3574 complementum
951 3511 1020 3553 vero
1039 3493 1236 3555 radiationum
1252 3494 1414 3573 quadrante

115 3599 205 3643 orum
235 3582 283 3643 vel
312 3600 449 3642 excessus
472 3583 616 3659 majorum
640 3585 668 3639 in
692 3600 777 3658 area;
809 3591 838 3642 ct
868 3590 1009 3660 quantum
1032 3599 1102 3641 area
1124 3582 1220 3643 differt
1241 3600 1260 3642 a
1282 3586 1413 3660 margine

115 3669 269 3746 tondente,
302 3677 385 3729 tante
407 3677 452 3729 est
475 3687 559 3729 arcus
583 3668 724 3746 ecliptici,
749 3671 799 3747 qui
822 3669 979 3747 respondet
1001 3673 1134 3746 aspectui
1156 3672 1277 3746 minori,
1306 3672 1414 3733 abbre-

115 3759 161 3834 io,
185 3766 268 3817 tanta
290 3758 364 3834 ejus,
388 3759 438 3833 qui
462 3756 619 3834 respondet
644 3757 757 3834 majori,
781 3756 975 3835 prolongatio.

161 3866 289 3937 Exempli
307 3882 399 3934 causa,
419 3865 462 3921 die
480 3867 505 3921 8.
518 3865 636 3933 Augusti
653 3865 701 3922 lat.
722 3865 742 3933 ῼ
768 3871 810 3920 eet
823 3866 854 3921 6⁰
866 3866 917 3934 380,
936 3865 1016 3934 cupio
1035 3865 1114 3935 scire,
1133 3867 1311 3935 quantumin
1330 3867 1413 3938 eclip-

127 3942 231 4001 distare
249 3945 348 4001 debeat
366 3945 443 3999 locus
462 3944 520 4013 ejus
533 3961 550 3998 a
561 3944 604 4013 Θ,
624 3950 654 3998 ut
672 3944 743 3997 inter
757 3958 873 4012 corpora
885 3944 921 3998 sit
933 3944 1096 4000 semisextus
1109 3961 1159 4000 seu
1171 3947 1227 4001 300.
1252 3945 1314 4001 Lat.
1327 3949 1358 4001 60
1369 3947 1413 4001 380

115 4022 155 4093 pl.
172 4022 221 4077 830
232 4023 276 4078 220
293 4025 323 4079 in
341 4023 431 4078 fronte
450 4032 477 4077 et
495 4030 622 4090 aspectus
641 4021 752 4075 minoris
771 4023 819 4078 300
837 4020 935 4091 compl.
955 4022 1004 4079 600
1021 4023 1050 4077 in
1067 4038 1132 4079 area
1150 4024 1270 4080 ostendit
1288 4023 1412 4080 differen-

115 4101 266 4169 imaginis
285 4111 313 4158 et
331 4117 410 4155 areae
428 4102 473 4156 410
491 4099 665 4157 auferendam
683 4116 700 4155 a
717 4102 772 4157 30⁰.
810 4101 905 4170 Itaque
924 4101 1109 4157 801ε290190
1127 4102 1246 4157 distante
1264 4120 1281 4158 a
1307 4103 1342 4173 ῼ,
1361 4104 1413 4159 erit

115 4178 195 4236 bert.
215 4178 369 4248 utriusque,
389 4195 444 4234 non
461 4178 544 4247 igitur
556 4179 581 4233 8.
601 4179 648 4233 sed
661 4180 686 4235 9.
699 4179 826 4251 Augusti.
864 4179 1013 4247 Quodnisi
1038 4180 1058 4247 ῼ
1084 4189 1158 4237 esset
1175 4182 1342 4250 stationaria,
1362 4182 1412 4238 sed

115 4256 178 4313 ralis
195 4258 252 4312 lere
270 4273 332 4313 cum
350 4258 414 4313 Sole
432 4274 536 4326 cursus,
554 4266 649 4328 posset
666 4259 735 4314 haee
754 4258 908 4314 differentia
926 4274 987 4314 esse
1006 4258 1109 4313 dierum
1126 4259 1253 4329 plurium.

158 4365 273 4443 Quodsi
296 4376 417 4444 uterque
439 4368 623 4428 latitudinem
647 4369 808 4428 obtinuerit
830 4368 974 4445 aliquam,
1008 4386 1065 4429 non
1085 4370 1148 4446 jam
1172 4370 1298 4447 amplius
1320 4372 1413 4430 servit

115 4452 172 4515 suls
193 4454 284 4514 Primi
307 4454 438 4528 Mobilis,
461 4458 486 4514 si
511 4454 790 4515 demonstrationum
807 4473 929 4516 acumen
947 4456 1071 4517 velimus
1095 4459 1269 4536 observere3
1293 4457 1410 4518 exbibet

115 4540 207 4603 uilla
229 4542 347 4602 Tabula
368 4543 539 4619 rectangula
560 4541 655 4601 solum
680 4543 845 4620 triangula,
876 4551 977 4604 nostre
1004 4562 1075 4605 vero
1097 4554 1166 4605 sunt
1188 4543 1408 4623 obliquanguls.

115 4646 194 4690 smeo
219 4631 245 4687 si
267 4629 501 4705 consideremus,
533 4631 668 4708 planetas
698 4647 811 4707 semper
834 4632 910 4691 intra
936 4638 1029 4692 metae
1051 4631 1164 4693 zodiaci
1187 4649 1320 4707 manere,
1350 4648 1410 4692 non

115 4716 144 4778 le
165 4716 387 4778 abhorrebimus
409 4719 447 4778 ab
471 4717 623 4778 errorculis
643 4719 853 4792 minutissimis,
878 4720 928 4795 qui
943 4722 1112 4796 contingent
1128 4721 1222 4794 nobis,
1244 4723 1270 4779 si
1285 4719 1323 4779 ad
1338 4735 1409 4797 pro·

115 4806 218 4867 donem
246 4804 448 4881 latitudinum,
477 4805 598 4882 perinde
625 4823 662 4867 ac
688 4807 714 4867 si
737 4806 823 4867 nobis
845 4822 892 4867 res
914 4815 993 4869 esset
1015 4824 1081 4868 cum
1101 4806 1279 4889 rectangulis
1300 4806 1408 4887 planis,
