3284 5520
536 346 733 417 Ephemerides
750 351 786 406 ad
804 364 890 407 annos
910 348 1091 406 1629-1636.
1420 345 1483 414 671

134 523 181 583 illi
203 523 280 598 dedi,
303 523 404 586 utendi
427 525 475 585 vel
495 527 692 602 positionibus
713 535 745 586 ut
766 528 916 602 hactenus,
939 528 988 589 vel
1013 526 1285 603 mesologarithmis,
1308 525 1419 586 tabella
1445 525 1488 584 illi

135 614 353 673 communicata
367 630 425 672 nou
440 612 563 688 prolixa,
586 631 663 690 quae
677 616 784 675 indicia
800 618 847 691 (ut
862 616 978 694 appello
993 617 1023 674 in
1040 634 1107 675 mea
1121 616 1257 691 Epitoma
1272 615 1485 673 Astrouomiac.

133 705 194 759 vni
213 707 258 758 vL
277 721 304 770 p.
323 694 389 782 449)
403 699 592 776 logarithmos
605 701 735 777 exhibet,
754 705 804 780 qui
819 705 873 763 etsi
889 722 947 763 non
961 705 1079 780 ingenio
1090 703 1265 780 Neperiauo,
1280 700 1360 778 quod
1372 701 1486 761 Barba-

134 786 222 847 raria
244 783 387 861 adhibuit,
411 787 463 847 sed
485 792 696 865 compositione
711 791 953 867 logarithmorum
968 791 1144 869 simplicium
1160 790 1285 849 coniecti
1299 795 1375 863 suut,
1399 789 1487 848 iidem

133 878 235 933 mmeu
250 871 288 931 ad
304 890 431 950 unguem
446 885 514 935 sunt
530 893 595 935 cum
611 879 647 935 iis
663 879 936 959 mesologarithmis,
960 895 1034 954 quos
1049 878 1232 938 Barhavaria
1247 879 1396 949 exstruxit,
1421 893 1487 935 cum

134 959 321 1037 logarithmis
345 965 539 1039 proportionis
562 964 686 1024 laterum
711 983 868 1042 excerpens
891 984 991 1027 arcum
1012 982 1107 1043 eoque
1131 966 1241 1024 hisecto
1257 966 1405 1023 semissem
1421 981 1487 1023 cum

133 1046 372 1123 semiquadraute
395 1066 567 1127 comparans
590 1052 828 1131 differentiaeque
850 1056 988 1114 iuventae
1011 1052 1301 1127 mesologarithmum
1324 1050 1485 1127 duplicans.

135 1134 175 1194 Et
197 1135 368 1196 Bartschius
392 1138 509 1214 quidem
533 1139 607 1199 adeo
630 1138 732 1199 faciles
754 1150 889 1219 expertus
913 1150 975 1201 erat
997 1143 1168 1217 positiones,
1191 1146 1223 1198 ut
1238 1138 1287 1196 diu
1303 1148 1486 1198 cunctaretur

134 1221 176 1282 ad
192 1224 274 1281 riam
288 1222 428 1284 directam
443 1228 582 1301 transire;
600 1233 630 1286 at
645 1228 674 1283 in
690 1245 767 1287 anno
785 1235 867 1289 1634
877 1245 915 1287 ss.
933 1229 970 1287 ad
986 1228 1072 1287 finem
1088 1229 1159 1286 tomi
1174 1243 1278 1285 manus
1295 1225 1384 1299 dedit,
1400 1225 1486 1301 loga·

132 1310 248 1369 rithmis
275 1309 378 1372 iudicis
402 1321 431 1372 et
452 1313 716 1389 mesologarithmis
739 1318 904 1375 semissium
927 1317 1163 1375 commutationis
1186 1313 1336 1373 adhibitis.
1382 1310 1486 1372 Utrum

133 1397 259 1470 iaceret,
290 1399 363 1457 nihil
391 1401 520 1460 interfuit
550 1403 680 1475 emtoris,
712 1410 834 1480 utraque
863 1405 940 1463 enim
969 1405 1018 1463 via
1040 1405 1065 1461 si
1088 1402 1217 1476 legitime
1240 1400 1359 1460 incedas
1383 1401 1484 1460 eodem

132 1487 311 1563 pervenitur.

240 1570 363 1647 Quarto.
407 1573 442 1631 In
469 1575 601 1650 partibus
630 1575 832 1652 scrupulorum
862 1577 981 1637 decimis
1008 1574 1119 1652 placuit
1141 1575 1309 1650 Bartschio,
1341 1576 1370 1632 in
1392 1576 1486 1651 prima

133 1658 223 1735 hujus
247 1659 448 1736 Ephemeridis
472 1661 597 1722 editione
619 1680 703 1722 suam
727 1662 923 1724 demonstrare
946 1662 1128 1724 industriam.
1173 1663 1246 1722 Eam
1270 1679 1339 1723 vero
1362 1676 1486 1738 scrupus

132 1746 282 1807 lositatcm
314 1764 368 1823 ego
398 1750 427 1806 in
455 1748 511 1809 hac
535 1750 662 1810 editione
685 1750 806 1826 detersi,
838 1770 896 1810 nou
919 1768 1035 1810 moroso
1057 1749 1193 1830 fastidio,
1225 1750 1278 1810 sed
1301 1759 1334 1809 ut
1357 1752 1486 1809 omnium

133 1833 224 1909 hujus
246 1836 318 1895 tomi
333 1833 559 1912 liphcmeridum
581 1838 674 1897 torma
697 1847 774 1900 essct
797 1840 909 1900 eadem.
947 1836 1015 1913 Qua
1037 1837 1074 1900 de
1095 1838 1188 1898 forma
1204 1837 1317 1915 legatur
1332 1839 1485 1897 instructio

135 1923 165 1981 iu
188 1921 406 1999 prolegomenis
430 1923 517 2000 hujus
540 1927 621 1984 tomi.

240 2006 360 2085 Quinto.
406 2009 492 2086 Quod
515 2011 616 2072 Lunae
646 2020 742 2071 motus
771 2015 890 2089 attinet,
919 2012 1090 2074 Bartschius
1121 2011 1245 2089 duplicis
1272 2011 1384 2072 laboris
1413 2029 1486 2072 onus

132 2096 267 2157 subierat
295 2106 325 2157 et
352 2108 469 2176 propter
497 2101 613 2159 unicam
645 2102 849 2174 variationem,
880 2119 956 2177 quae
987 2118 1076 2161 unum
1108 2108 1152 2159 est
1175 2117 1191 2160 e
1214 2099 1305 2159 tribus
1335 2099 1487 2160 elementis

133 2185 321 2260 aequatiouis
343 2184 475 2259 luminis,
506 2204 600 2246 novas
624 2186 783 2246 introduxit
805 2188 1055 2260 nomenclaturae,
1084 2187 1258 2263 Tychonici,
1283 2185 1487 2261 Kepplerioni

133 2272 254 2332 mlculi.
298 2272 362 2348 Ego
391 2280 420 2332 et
449 2273 524 2333 hanc
555 2273 703 2334 titulorum
733 2276 955 2351 ambiguitatem
984 2283 1013 2335 et
1035 2274 1263 2351 Keppleriauam
1293 2275 1485 2333 variationem

133 2362 229 2437 ipsam
252 2361 282 2416 in
305 2358 361 2419 hac
375 2360 567 2437 Ephemcride
591 2363 752 2438 ceterisque
775 2364 891 2439 penitus
915 2365 1019 2422 extrivi
1035 2364 1182 2438 suasique,
1206 2360 1405 2438 Tychonicam
1421 2379 1486 2420 am·

134 2446 319 2524 plecteretur.
365 2445 431 2506 Hoc
459 2465 528 2506 vcro
558 2451 684 2507 nominis
712 2449 761 2509 illc
790 2453 877 2508 etiarn
902 2449 937 2509 dc
959 2448 1114 2509 latitudine
1137 2447 1318 2524 intelligens,
1349 2450 1378 2505 in
1401 2450 1485 2507 annis

134 2533 280 2611 prioribus
304 2532 384 2592 illam
407 2534 538 2594 tabulam
562 2536 611 2595 lol.
629 2542 668 2596 87
694 2544 946 2608 (Rudolptmarnm),
968 2554 1044 2613 quae
1060 2535 1177 2594 titulum
1191 2536 1280 2595 habet
1291 2554 1351 2610 pro
1371 2535 1485 2612 Tycha-

134 2622 206 2679 aica
228 2622 476 2699 aequipollentia,
500 2622 643 2697 adhibuit,
667 2642 732 2683 cum
754 2625 782 2681 in
807 2625 910 2683 ceteris
933 2623 1054 2684 alteram
1065 2642 1127 2699 pro
1146 2623 1301 2700 eclipsibus
1315 2626 1407 2681 etiam
1422 2624 1485 2682 sol·

135 2707 245 2768 vendis
267 2710 351 2784 sequi
374 2717 452 2768 osset
475 2711 600 2769 instituti
621 2713 692 2785 mei,
722 2727 776 2770 noc
799 2728 854 2788 ego
877 2710 947 2771 duxi
971 2727 1092 2788 operae,
1125 2711 1270 2771 calculum
1292 2720 1422 2786 repetere
1447 2712 1485 2770 ob

135 2794 326 2856 differentiam
350 2799 615 2856 contemtissimam.

241 2880 328 2957 Quod
358 2890 440 2943 sexto
463 2884 633 2944 Bartschius
657 2890 864 2944 commemorat
887 2902 971 2943 suam
994 2884 1172 2961 diligentiam
1196 2885 1225 2941 iu
1249 2882 1354 2944 calculi
1376 2883 1486 2944 lunaris

135 2969 269 3047 partibus
297 2972 444 3045 omnihus,
474 2972 613 3031 methodo
637 2974 841 3048 operosissima
865 2972 1042 3045 observatis,
1072 2971 1102 3029 id
1125 2990 1161 3031 ue
1184 2979 1316 3049 pergeret
1337 2972 1431 3031 iacere
1454 2974 1485 3031 in

134 3057 327 3135 sequentihus
349 3061 434 3117 annis
456 3066 558 3118 auctor
580 3061 606 3118 ei
628 3059 679 3132 sui,
703 3062 772 3139 quin
788 3062 887 3135 potius
901 3061 960 3118 tab.
978 3060 997 3117 s.
1014 3064 1063 3130 64,
1080 3064 1130 3132 65,
1154 3076 1231 3136 quae
1253 3066 1345 3119 totam
1366 3058 1484 3119 luminis

134 3146 341 3222 aequationem
370 3163 405 3205 ex
430 3152 447 3205 3
472 3145 621 3205 elementis
649 3149 839 3223 compositam
869 3163 926 3205 uno
950 3149 1082 3223 ingressu
1105 3146 1239 3221 exhibet,
1272 3146 1409 3207 dilataret
1430 3146 1485 3206 ad·

136 3232 319 3307 hiberetque,
342 3231 414 3290 nihil
438 3236 547 3293 veritus
566 3233 712 3307 jacturam
735 3236 820 3292 unius
842 3233 979 3310 scrupuli.

239 3318 380 3394 Septimo.
418 3319 494 3380 Nodi
517 3320 627 3379 lunaris
649 3328 760 3379 motum
782 3322 919 3380 substitui
937 3339 991 3397 ego
1007 3320 1201 3396 aequabilem,
1226 3324 1334 3381 omissa
1350 3328 1379 3380 ct
1393 3323 1485 3397 trepi-

137 3406 254 3466 datione
278 3406 449 3485 Tychonica
470 3416 618 3466 menstrua
641 3416 670 3467 et
692 3426 758 3467 mea
780 3412 868 3467 etiam
891 3408 939 3468 vel
962 3411 1088 3467 statione
1111 3425 1223 3481 anrrua,
1256 3410 1303 3468 vel
1328 3409 1485 3468 directione

135 3500 285 3554 menstrua
307 3495 440 3572 parvula,
465 3513 541 3570 quae
566 3497 663 3554 omnia
678 3495 849 3555 Bartschius
866 3497 1070 3572 operosissime
1087 3504 1277 3571 expresserat.
1314 3495 1380 3556 Hoc
1397 3504 1486 3572 caput

134 3583 224 3642 etiam
246 3580 285 3639 ad
308 3598 416 3641 novam
432 3582 656 3658 Ephemeridum
680 3584 801 3642 formam
825 3591 869 3641 cst
888 3581 1068 3643 referendum
1085 3601 1178 3658 exque
1195 3585 1383 3643 instructione
1399 3601 1486 3661 supcr

134 3686 168 3728 ea
194 3668 423 3744 dijudicandum.
462 3669 548 3743 Quod
572 3688 641 3730 veru
666 3673 694 3727 iu
715 3670 840 3746 epistola
854 3688 920 3730 mea
935 3673 1120 3746 responsoria
1135 3674 1264 3746 promisi,
1287 3674 1377 3730 mein
1394 3672 1486 3729 resti·

136 3755 214 3817 bulis
237 3756 463 3832 Ephemeridum
487 3757 603 3832 objecta
627 3757 785 3831 Bartschii,
809 3757 914 3832 quibus
936 3757 1113 3832 astrologiae
1136 3774 1256 3818 causam
1278 3761 1348 3835 agit,
1372 3757 1486 3817 discus·

134 3858 251 3915 surum,
277 3845 425 3903 immemor
449 3862 539 3917 oram,
570 3844 599 3901 id
619 3845 732 3919 jamin
756 3843 970 3922 prolegomenis
992 3844 1080 3919 huJus
1105 3848 1188 3918 tomi,
1215 3862 1267 3905 scu
1290 3845 1486 3922 applicatione

134 3929 390 3990 tundameutorum
413 3930 517 3990 calculi
540 3949 660 3990 numero
685 3937 724 3991 26
748 3931 798 3990 iol.
824 3937 841 3990 8
862 3934 949 4005 (187.)
972 3931 1088 3992 abunde
1111 3935 1282 4008 praestitum
1305 3951 1377 3995 esse.

241 4016 365 4077 Octavo.
411 4019 457 4077 De
485 4035 605 4077 numero
634 4035 777 4076 novorum
807 4027 978 4095 aspectuum
1008 4019 1124 4094 aliquos
1151 4019 1345 4079 aBartschio
1374 4022 1485 4096 positos

134 4121 189 4183 ego
223 4104 357 4164 consulto
389 4106 483 4164 omisi.
530 4104 642 4164 Causas
665 4105 756 4164 hahes
784 4108 814 4162 in
842 4109 1032 4166 institutione.
1080 4105 1278 4181 Quincuncem
1308 4115 1405 4167 tamen
1431 4124 1486 4167 seu

133 4190 363 4268 quadrosextum
391 4191 624 4267 (nomenclatura
646 4193 836 4264 Fabriciana)
866 4195 938 4252 citra
966 4196 1192 4253 controversiam
1219 4196 1326 4270 recepi.
1371 4194 1417 4252 Do
1439 4193 1485 4253 his

132 4287 161 4339 ct
184 4278 222 4338 dc
246 4278 409 4339 differentia
431 4279 531 4356 phasis
556 4279 739 4339 dichotomac
764 4288 793 4340 et
815 4288 952 4355 aspectus
972 4280 1106 4356 quadrati
1130 4281 1231 4339 Lunae
1248 4297 1312 4339 cum
1329 4279 1407 4354 Sole,
1431 4298 1485 4340 nec

133 4383 192 4426 uon
217 4374 247 4424 et
270 4365 305 4425 dc
328 4367 395 4425 aliis
417 4365 574 4440 nonnullis,
598 4384 673 4441 quac
696 4369 724 4424 in
750 4366 944 4444 explicatione
968 4367 1221 4427 luridamentomm
1237 4370 1363 4427 numeris
1382 4375 1408 4441 7,
1435 4374 1484 4442 11,

135 4460 273 4527 16-19,
298 4456 349 4527 22,
375 4460 424 4526 26,
450 4460 489 4514 28
513 4461 581 4530 post
600 4471 708 4513 annum
726 4461 808 4515 1620
832 4455 1085 4530 mutataiuerunt,
1109 4454 1177 4515 vide
1192 4454 1369 4515 vestibulum
1383 4455 1485 4531 Ephe·

132 4539 251 4602 meridie
274 4542 304 4597 iu
327 4557 435 4599 annum
461 4547 553 4601 1621.

235 4627 320 4687 Nouo
343 4626 408 4687 loco
431 4644 536 4687 moneo
559 4629 630 4704 ipse,
654 4645 761 4687 annum
784 4628 861 4689 hunc
878 4634 970 4689 1629.
994 4648 1012 4689 a
1034 4630 1225 4707 sequentihus
1246 4630 1276 4687 iu
1300 4645 1335 4689 eo
1360 4628 1482 4705 differre,

134 4712 214 4792 quod
235 4717 270 4788 is,
294 4716 403 4793 quippe
423 4715 485 4791 jam
509 4723 637 4790 exactus,
661 4734 680 4775 a
701 4733 747 4775 me
769 4716 856 4777 suerit
877 4719 1038 4793 praeteritis
1057 4716 1123 4777 aliis
1139 4717 1345 4791 conformatus,
1369 4718 1484 4778 insertis

133 4803 162 4863 in
190 4801 358 4864 columnam
380 4812 552 4881 aspectuum
574 4803 786 4875 mutationibus
800 4820 898 4884 ,aurae
921 4804 1083 4866 observatis
1106 4822 1172 4866 cum
1194 4805 1389 4883 explicatione
1411 4821 1484 4866 cau-
