3284 5520
149 305 214 374 266
649 306 785 377 Tpcbonis
803 305 1014 377 flypmaptstss

150 501 215 561 ego,
238 491 272 544 nt
294 501 394 545 verum
416 484 459 545 illi
482 481 519 544 de
541 489 603 545 suis
624 485 859 560 demonstrarint,
882 493 998 547 nostros
1020 491 1097 546 certa
1119 502 1179 546 uon
1198 483 1318 558 vidisse,
1340 500 1397 545 uec
1411 486 1508 562 ssqrn,

149 574 175 631 si
198 589 272 631 unus
295 573 350 632 sub
373 573 458 634 leuna
479 574 535 647 sit,
567 590 668 634 omnes
690 591 772 651 esso,
801 573 916 635 Lunam
939 575 1034 652 ipsam
1056 575 1085 631 in
1108 571 1191 634 coelo
1215 588 1280 634 aeae
1301 589 1361 632 nou
1385 571 1508 632 dimidio

149 662 195 719 sui
217 662 369 736 superiori,
393 661 444 721 sed
468 669 530 721 toto
553 660 652 738 globo,
677 661 791 722 coelum
813 664 902 721 etiarn
924 661 998 720 inira
1013 660 1127 721 Lunam
1150 668 1251 737 patere
1273 677 1369 737 usque
1387 661 1427 720 ad
1443 659 1508 721 ele·

148 755 311 807 mentorum
326 748 461 808 confinia.
499 748 574 808 Turn
597 760 696 811 anum
719 734 842 822 ostendi,
866 746 1021 809 commoda
1042 751 1114 826 ipsis
1136 750 1330 808 iustrumenta
1351 756 1382 809 et
1400 764 1509 808 neces·

148 837 253 894 sariam
284 833 322 894 ad
352 853 426 912 opus
457 836 602 913 jactatum
632 838 869 896 observationum
899 835 1093 896 subtilitatem
1120 835 1257 907 deluuse.
1304 836 1342 894 Et
1373 853 1447 895 vero
1477 838 1507 894 iu

64 971 69 978 .
147 924 332 999 geometricis
355 941 413 984 nou
435 927 611 984 auctoritate
634 933 768 984 constant
782 923 1055 997 demonstrationes,
1078 923 1131 984 sed
1153 931 1306 983 auctorum
1330 923 1507 982 rationibus.

147 1008 217 1069 Jam
246 1012 375 1071 rationes
398 1010 588 1071 Claramoutii
617 1014 767 1091 propriae,
799 1029 873 1089 quas
900 1010 950 1071 ille
981 1010 1243 1072 demonstrationes
1272 1009 1420 1090 appellat,
1449 1009 1508 1072 hae

147 1098 271 1158 luerunt.

251 1187 281 1243 2.
320 1184 392 1263 Gap.
418 1191 444 1244 1.
470 1203 529 1246 non
551 1188 741 1261 necessariis,
763 1185 816 1247 sed
840 1183 1043 1263 probabilibus
1065 1187 1184 1258 nititur,
1208 1184 1323 1244 coelum
1346 1200 1405 1243 nou
1428 1186 1508 1246 rael·

146 1289 215 1349 pere
237 1278 334 1331 motus
357 1276 519 1334 intensione
542 1280 572 1333 et
592 1276 764 1335 remissione
786 1274 955 1346 variabiles,
977 1275 1155 1350 principium
1180 1279 1300 1350 petens;
1323 1273 1508 1348 experientia

147 1359 223 1419 euim
246 1367 370 1420 testatur
391 1363 582 1436 contrarium,
606 1364 661 1422 etsi
683 1368 862 1424 cumetauum
883 1368 981 1422 motus
1003 1360 1166 1438 plerunque
1187 1366 1257 1420 sunt
1278 1359 1453 1436 aequabiles
1476 1362 1506 1419 in

146 1446 224 1507 linea
245 1454 335 1509 recta.

250 1536 279 1594 u.
312 1534 383 1611 Cap.
410 1541 438 1594 2.
468 1537 552 1613 sequi
582 1538 686 1595 statuit
707 1535 874 1614 exemplum
897 1536 1005 1596 Bruhei
1028 1541 1190 1596 ceterorum
1212 1536 1244 1592 in
1267 1533 1355 1594 mode
1379 1531 1508 1594 demum

145 1621 265 1696 suendi,
289 1624 470 1700 assumitque
493 1641 537 1697 ea,
561 1640 637 1699 quae
652 1622 756 1700 Tycho
779 1623 817 1684 de
839 1626 961 1683 suismet
983 1625 1055 1701 ipsis
1077 1622 1343 1695 observationibus,
1363 1627 1401 1693 ,ut
1415 1622 1508 1681 mini-

146 1727 211 1770 mae
233 1712 414 1786 quantitatis,
438 1710 528 1770 duhia
551 1710 702 1789 praecidit,
725 1712 850 1771 assumit
871 1719 901 1771 et
923 1711 991 1786 alia,
1016 1727 1093 1788 qnae
1108 1710 1212 1788 'Pytho
1229 1727 1265 1770 ex
1279 1708 1398 1769 datione
1414 1707 1507 1783 elicit,

144 1815 181 1858 ea
202 1797 285 1857 velut
307 1795 434 1857 delirans
456 1801 621 1876 componlt3
645 1800 674 1855 in
697 1816 773 1858 nexu
796 1801 861 1876 ipso
877 1805 954 1859 errat
968 1797 1167 1875 improvidus,
1191 1806 1325 1857 eamcam
1346 1812 1384 1856 ex
1406 1798 1508 1857 arenis

144 1892 273 1947 necteus.
318 1883 402 1945 Haec
425 1895 522 1946 umen
546 1885 673 1946 debebat
690 1903 760 1969 'esse
783 1888 940 1966 praecipua
962 1885 1189 1959 demonstratio,
1222 1887 1294 1961 qnia
1315 1883 1453 1944 meliores
1476 1885 1508 1944 in

144 1971 200 2032 hac
222 1989 252 2032 re
274 1987 334 2030 uon
357 1981 434 2045 sunt,
457 1973 514 2032 nisi
537 1991 573 2033 er
597 1974 761 2033 observatis
783 1976 871 2034 unius
893 1982 922 2034 et
944 1973 1075 2049 ejusdem
1099 1971 1168 2046 diei,
1191 1989 1251 2032 uno
1274 1971 1352 2032 loco.

249 2061 278 2118 4.
317 2059 361 2118 Ex
383 2059 541 2137 Haggecii,
572 2061 767 2120 observatoris
790 2078 850 2120 non
872 2062 1039 2133 exercitati,
1073 2077 1138 2120 cum
1161 2059 1304 2137 Tyehone
1324 2074 1397 2118 vere
1420 2074 1508 2118 com·

142 2147 254 2226 parati,
277 2146 421 2207 amoribus
443 2148 570 2206 minimis
594 2150 763 2223 veritatem,
787 2150 870 2209 velut
892 2166 929 2208 ex
949 2151 1045 2209 scoria
1064 2164 1168 2208 aurum
1191 2147 1332 2219 fabricat,
1356 2143 1507 2206 secundas

143 2241 244 2313 partes
267 2233 336 2293 huic
358 2244 530 2312 argumento
553 2235 697 2309 tribuens,
729 2232 809 2313 quod
839 2253 874 2296 eu
897 2235 1000 2314 Tycha
1022 2236 1086 2313 ipse
1108 2251 1160 2313 pru
1183 2252 1238 2294 sue
1261 2235 1408 2295 sententia
1433 2249 1507 2292 usus

145 2328 216 2396 erat,
239 2338 305 2380 cum
329 2329 428 2381 tamen
450 2322 553 2401 Tycha
576 2322 632 2383 hoc
655 2326 818 2400 argumenti
841 2341 934 2400 genus
956 2340 1016 2384 nun
1038 2340 1091 2403 pro
1113 2324 1289 2402 praecipuo,
1313 2319 1365 2381 sed
1387 2326 1506 2381 tantum

142 2412 217 2470 inter
238 2412 419 2470 consectaria
441 2409 579 2471 hahebat

248 2502 276 2557 5.
308 2495 381 2573 Cap.
400 2501 429 2559 3.
446 2500 474 2556 in
491 2502 521 2560 7.
544 2501 574 2557 in
598 2496 700 2559 eodum
723 2497 946 2575 argumentandi
969 2513 1076 2575 genere
1099 2514 1230 2570 manans,
1254 2501 1429 2573 argumenta
1440 2495 1506 2573 jam

142 2586 286 2660 conquirit
307 2584 451 2644 industria
472 2589 598 2663 propria,
621 2587 674 2646 sed
697 2586 794 2645 adhuc
817 2604 852 2646 ex
868 2585 980 2646 alienis.
1028 2584 1071 2643 Er
1086 2583 1267 2662 Landgrasii
1289 2585 1378 2661 igitur
1400 2582 1507 2643 multis

143 2676 231 2749 (quae
253 2688 313 2732 ram
336 2674 426 2732 etiam
446 2672 485 2733 ad
508 2672 689 2752 impossibile
712 2673 890 2750 quandoque
913 2672 1074 2747 deducunt)
1102 2690 1190 2733 unam
1219 2672 1315 2732 solam
1337 2669 1377 2731 ad
1399 2678 1506 2731 rutum

141 2758 263 2832 invenit,
288 2777 375 2834 quam
399 2778 463 2820 cum
487 2779 546 2821 una
561 2760 710 2839 'l'ychonis
734 2768 925 2838 compararet.
963 2760 1007 2819 Ex
1030 2777 1066 2820 ea
1089 2759 1252 2837 parallarin
1277 2759 1402 2820 exstruit
1416 2775 1506 2819 mon·

141 2855 265 2917 anomia
282 2842 317 2906 7⁰
335 2847 392 2921 10¹,
416 2864 472 2908 nee
493 2848 523 2907 id
547 2849 685 2909 methodo
700 2847 940 2919 demonstrativa,
963 2865 1019 2909 nec
1033 2847 1178 2908 calculum
1193 2849 1257 2907 sine
1271 2844 1505 2907 contradictione

140 2936 237 3012 potuit
250 2933 397 3010 expedire.
435 2935 472 2994 Et
487 2935 601 2996 ostendi
616 2953 670 3013 ego
686 2939 850 2996 certissima
864 2935 1122 3009 demonstratione,
1145 2936 1384 2996 observationem
1399 2933 1506 2994 Laud·

140 3023 235 3099 gravii
264 3039 328 3081 esse
356 3039 506 3082 erroneam
536 3023 585 3082 vel
613 3025 642 3081 in
670 3022 855 3100 longitudine
886 3022 934 3084 vel
964 3025 994 3083 ia
1023 3022 1179 3083 latitudine
1201 3040 1296 3100 eoque
1318 3024 1451 3101 ineptam
1474 3029 1505 3084 ct

141 3116 254 3169 tantam
277 3108 479 3169 subtilitatem.

246 3197 274 3255 6.
313 3196 384 3273 Cap.
410 3203 439 3259 8.
469 3215 506 3257 ex
536 3198 700 3258 observatis
724 3197 874 3258 Maestlini
904 3215 970 3258 uum
997 3196 1177 3275 Tyehonicis
1205 3197 1382 3275 comparatis
1407 3199 1505 3257 ratio-

141 3286 268 3355 cinatur,
299 3284 349 3342 nbi
379 3285 497 3346 easdem
527 3294 560 3344 ut
587 3286 674 3345 modo
705 3280 841 3361 qlrerelas
872 3287 1000 3348 incurrit.
1046 3282 1140 3345 Obest
1171 3286 1198 3345 ai
1231 3287 1351 3360 insuper
1381 3292 1412 3343 et
1435 3284 1504 3359 huc,

140 3370 219 3448 quod
231 3371 409 3432 Maestlinus
432 3373 482 3431 filo
506 3374 686 3443 observavit,
710 3391 786 3449 quae
809 3375 885 3433 ratio
908 3373 1046 3449 scrupula
1061 3379 1122 3432 mm
1138 3374 1251 3432 minuta
1265 3388 1324 3430 non
1339 3371 1503 3448 profitetur,

139 3469 172 3519 ut
196 3478 231 3519 ex
255 3461 291 3517 iis
313 3460 392 3519 iuras
415 3459 502 3520 elatis
525 3468 555 3520 et
577 3477 642 3519 cum
658 3460 836 3537 Tyehonicis
860 3461 1037 3537 comparatis
1059 3459 1218 3536 parallaxis
1241 3458 1342 3518 totalis
1365 3457 1504 3519 eliciatur

139 3545 233 3607 lunari
256 3547 398 3622 aequalis.
442 3547 536 3609 Obeat
558 3557 588 3607 ot
608 3547 674 3622 hoc,
697 3548 777 3623 qnod
792 3547 892 3624 Scipio
916 3548 1003 3608 valde
1018 3550 1094 3608 inter
1107 3565 1139 3607 se
1155 3547 1359 3608 dissentientia
1374 3546 1504 3608 diversis

141 3634 358 3711 operationibus
381 3635 467 3695 elicit.

245 3725 273 3779 i.
311 3721 383 3798 Gap.
407 3725 436 3782 9.
466 3728 672 3798 argumentum
699 3723 863 3783 emendicat
885 3741 905 3781 a
927 3722 1064 3782 Cornelio
1094 3721 1232 3796 Gemma,
1263 3718 1316 3780 sed
1346 3720 1505 3782 absurdis·

140 3810 214 3867 simo
238 3816 359 3884 eonatu3
384 3810 606 3869 observationes
629 3812 708 3887 ipsas
732 3806 781 3892 (ut
800 3818 830 3870 et
844 3813 873 3869 in
890 3806 1066 3893 Massilino)
1090 3810 1220 3884 dimittit,
1244 3809 1352 3886 quibus
1374 3807 1502 3869 demon-

141 3895 244 3955 stratio
268 3898 321 3954 niti
344 3896 485 3970 debebat,
516 3914 544 3957 et
572 3899 635 3957 vice
659 3916 758 3959 earnm
782 3898 903 3959 adhibet
925 3898 992 3958 loca
1015 3906 1148 3958 cometae
1171 3900 1200 3955 in
1225 3896 1361 3973 ecliptica
1382 3913 1421 3955 ex
1445 3897 1503 3957 oh·

140 3983 357 4044 servationibus
380 3985 460 4060 ipsis,
485 4003 561 4061 quae
583 3984 672 4061 paulo
695 3987 827 4046 seniores
850 3992 927 4059 sunt,
951 3993 1099 4047 exstructa
1120 4002 1272 4064 perperam
1295 4000 1421 4060 cumque
1436 3984 1502 4062 'l'y-

140 4071 270 4132 chunlcis
292 4079 451 4148 comparat.

245 4164 275 4222 8.
313 4157 459 4219 Octavum
481 4161 512 4218 in
535 4158 636 4220 ordine
658 4158 934 4237 locum(cap.10.)
957 4154 1057 4220 teneat
1071 4160 1301 4231 ohservationes,
1324 4159 1385 4217 imo
1400 4159 1505 4235 potius

139 4247 206 4308 loca
234 4245 369 4323 ecliptica
391 4246 505 4306 Rtislini
529 4265 600 4306 cum
623 4246 800 4325 Tycbonicis
831 4253 1016 4325 comparata,
1048 4248 1100 4307 sed
1130 4248 1182 4307 iila
1211 4249 1240 4305 in
1271 4247 1400 4305 maxima
1431 4254 1504 4306 sunt

140 4337 291 4409 vadente,
314 4342 399 4393 utet
421 4335 603 4411 superiorum
626 4334 776 4406 nonnulla,
799 4343 868 4393 sunt
890 4336 979 4410 igitur
1001 4337 1184 4413 ineptissima
1205 4333 1244 4394 ad
1267 4332 1375 4393 subtile
1397 4333 1504 4410 paral·

138 4421 249 4483 larium
271 4422 433 4499 negotium.
480 4422 587 4500 Captet
609 4421 741 4483 aviculas
763 4423 875 4483 retibus
898 4423 1047 4482 corvadis.

245 4513 273 4570 9.
305 4508 410 4585 Quoad
425 4509 589 4584 consilium,
612 4518 707 4569 totum
729 4517 775 4571 ast
797 4528 832 4571 er
848 4508 1078 4570 ctaramnntiani
1101 4510 1210 4587 ingenii
1233 4508 1348 4569 iectura
1369 4510 1503 4585 propria,

140 4619 238 4657 roaros
259 4603 331 4674 puta
353 4620 479 4677 ymbre-r,
511 4600 613 4656 nititur
635 4607 731 4657 tamen
756 4597 860 4658 alienis
884 4597 1047 4658 observatis
1070 4597 1253 4670 adhucdum,
1285 4592 1424 4671 aoapite
1449 4602 1503 4656 11.

141 4687 170 4741 in
196 4684 244 4744 15.
290 4685 363 4744 Cum
386 4688 463 4746 eninr
486 4688 665 4762 amovisset,
690 4686 912 4745 observationes
934 4684 1001 4746 illas
1021 4685 1173 4762 pauculas,
1197 4702 1271 4760 quas
1293 4685 1323 4740 in
1339 4699 1502 4759 argumen-

140 4779 203 4831 tum
221 4771 408 4849 parallaxeus
421 4778 615 4853 excerpserat,
638 4772 785 4850 dispersas
801 4790 867 4834 osse
881 4775 912 4832 in
926 4790 1036 4851 magno
1051 4789 1172 4834 numere
1186 4786 1381 4846 smonmrnm,
1405 4776 1504 4839 totam
