3284 5520
142 332 207 402 252
633 332 771 403 Tyobonis
787 331 1000 403 Hyperssplstss
1112 342 1115 349 ·

142 514 444 633 doque“monimom
472 512 675 573 diversitatem
706 519 844 589 aspectus
867 515 975 589 sopitis
997 520 1128 573 cometus
1151 531 1171 571 a
1195 510 1305 589 Spica,
1335 512 1422 573 παίω
1445 512 1503 572 sibi

142 602 245 659 vicino
289 605 353 659 eto·

245 703 316 765 Quas
335 707 475 768 sequuntur
493 706 569 753 rerba
588 700 689 762 Oriigeri
707 712 786 766 taum.
806 705 848 754 13,
869 708 894 752 st
913 701 964 765 14⁴)
985 703 1101 764 leguntur
1118 716 1195 764 snpra
1212 715 1270 764 pag.
1291 704 1333 765 tt,
1360 703 1404 750 nbi
1424 702 1501 751 stiam

142 774 232 834 legitur
250 772 352 836 ttsplsd
371 775 499 835 responsio
518 775 623 834 integra,
641 787 718 837 quam
736 776 846 822 numeris
865 776 897 823 15
918 788 950 825 ss.
971 778 1113 835 excerptam
1131 773 1235 821 exbibet
1252 772 1385 835 Ksplsrus.

249 863 297 920 15.
335 861 503 937 AdJungam
534 865 619 938 igitur
648 870 677 922 et
706 863 927 938 responsionem
950 880 1060 935 meam,
1090 869 1124 920 ut
1145 861 1262 921 lectoris
1285 859 1432 935 taedium,
1464 877 1500 919 ex

140 954 282 1024 perpetua
305 948 495 1009 claramontii
517 948 681 1027 petulantia
703 958 885 1028 conceptum,
909 950 966 1009 boo
989 949 1142 1024 interJeetu
1166 947 1329 1026 dispellam.
1364 947 1400 1006 In
1424 946 1502 1008 bano

141 1037 274 1094 nimirum
297 1036 417 1096 incubui
440 1043 561 1113 partem,
585 1044 617 1097 ut
639 1039 801 1114 probarem,
825 1037 1008 1097 latitudinem
1032 1036 1121 1112 hujus
1136 1042 1268 1096 cometae
1283 1036 1367 1094 initio
1383 1050 1501 1110 nequa·

143 1139 231 1199 quam
254 1123 411 1183 australem
436 1125 534 1185 luisse.
573 1123 692 1183 Nullum
714 1143 760 1184 me
776 1125 909 1184 dicebam
924 1124 1102 1201 praesidium
1117 1140 1257 1199 quaerere
1273 1123 1501 1183 incorrectione

141 1216 237 1270 textus
267 1209 510 1287 Regiomontani‚
542 1211 594 1271 sed
622 1229 687 1271 oum
718 1215 774 1271 sim
805 1215 956 1272 convictus
980 1212 1160 1283 rationibus,
1192 1218 1282 1288 eaput
1304 1218 1438 1271 cometae
1469 1211 1500 1267 in

140 1298 234 1373 prima
263 1300 360 1357 statim
390 1302 573 1375 apparitione
600 1298 689 1358 inisse
718 1299 963 1376 septentrionale,
992 1300 1055 1375 jam
1079 1315 1125 1357 me
1148 1315 1266 1357 cansam
1289 1297 1368 1357 bano
1389 1297 1501 1357 babere

141 1402 206 1443 oum
231 1385 359 1461 crugero
383 1402 580 1459 communem,
613 1386 761 1463 quomodo
791 1388 879 1463 igitur
908 1385 1133 1447 succedentibus
1157 1384 1261 1445 diebus
1282 1393 1351 1462 pest
1373 1385 1500 1463 primam

141 1474 353 1548 apparitionem
375 1475 506 1550 posuerit
529 1479 618 1549 (voce
641 1474 754 1547 italica,
779 1483 811 1534 ut
825 1475 897 1534 mibi
913 1473 1083 1546 videbatur)
1106 1475 1293 1532 communest
1316 1473 1382 1531 ullo
1403 1475 1500 1547 spica,

140 1577 177 1618 an
200 1576 258 1619 non
282 1560 437 1637 legendum
461 1564 594 1622 Arcturo
617 1569 668 1620 aut
697 1562 944 1634 Vindemiotrioi,
968 1571 1020 1621 ant
1044 1564 1068 1620 si
1092 1559 1274 1620 retinendum
1294 1558 1414 1635 Spicea,
1439 1576 1500 1635 quo

141 1648 230 1722 igitur
252 1665 340 1707 sensu
362 1648 442 1708 hoc'i
474 1649 535 1709 Neo
558 1650 635 1709 enim
659 1665 724 1708 eum
746 1656 895 1725 peterem,
918 1658 952 1708 ut
975 1647 1056 1710 daret
1079 1647 1264 1708 adversarius
1287 1664 1364 1724 quae
1386 1663 1501 1723 posue-

140 1750 210 1807 ram,
235 1733 291 1795 boc
314 1753 333 1794 a
354 1753 400 1795 me
423 1738 552 1811 positum
576 1754 649 1809 osae,
673 1738 793 1797 innuere
816 1755 862 1796 me
878 1736 1017 1810 voluisse,
1042 1734 1121 1813 quod
1136 1734 1292 1812 legendum
1307 1736 1347 1794 sit
1363 1737 1501 1794 Arcturo

140 1838 193 1898 pro
217 1822 339 1897 Spicea,
370 1822 423 1882 sed
446 1823 576 1883 locutum
601 1840 647 1883 me
671 1841 735 1883 esse
758 1824 1012 1901 depositionibus
1036 1826 1092 1883 rnei
1119 1822 1308 1882 theorematis
1335 1825 1396 1895 tl,
1422 1838 1500 1898 quae

140 1910 199 1968 sint
221 1910 338 1968 omnino
360 1909 534 1985 possibiles,
563 1911 668 1971 saltem
690 1915 883 1987 geometrice,
912 1912 1009 1988 quoad
1032 1911 1128 1971 lineae
1151 1912 1241 1970 eitum
1263 1917 1292 1969 et
1315 1909 1500 1986 traiectionis

140 1995 353 2056 lentitudinem.

249 2085 297 2145 16.
334 2083 476 2143 Rationes
498 2101 569 2144 vero
591 2102 645 2145 seu
668 2092 852 2162 argumenta,
885 2103 936 2146 eur
964 2091 1107 2144 cometam
1138 2085 1222 2144 initio
1252 2084 1351 2143 statim
1375 2089 1500 2160 septen-

142 2169 293 2230 trionalem
317 2168 472 2245 crederem,
497 2172 570 2232 duas
592 2172 688 2233 attuli.
726 2173 866 2235 Primum.
905 2173 993 2243 Erat,
1018 2173 1111 2246 inquit
1127 2171 1307 2242 observator,
1329 2170 1386 2229 sub
1400 2169 1501 2229 Libro

140 2274 210 2317 arm
231 2258 321 2317 stellis
350 2259 494 2336 Virginis,
518 2260 612 2321 donec
633 2260 825 2320 oduioinoret
848 2261 964 2336 Spiccs.
1010 2257 1076 2318 Hoo
1098 2275 1154 2334 ego
1177 2260 1220 2318 sic
1242 2256 1383 2330 intellexi,
1408 2256 1500 2333 quod,

140 2346 310 2423 priusquam
334 2343 440 2422 Spicae
464 2364 640 2424 quocunqne
663 2365 752 2408 sensu
775 2351 1004 2425 approximaret,
1034 2363 1100 2405 oum
1131 2345 1223 2405 stellis
1245 2345 1333 2405 tuerit
1354 2344 1498 2421 Virginis

142 2438 220 2503 (vrrs
238 2442 305 2488 rnna
323 2454 390 2489 num.
404 2437 470 2507 sa).
504 2435 542 2494 Et
563 2438 606 2495 sio
627 2435 700 2512 legit
714 2436 859 2512 Cmgerus
882 2438 911 2494 in
934 2449 999 2493 meo
1022 2449 1171 2511 responso.
1211 2433 1252 2491 At
1273 2448 1351 2491 nuno
1371 2435 1498 2510 reperio,

139 2537 186 2578 me
208 2518 361 2596 deceptum
384 2538 450 2581 esse
474 2521 581 2582 vocula
603 2526 761 2595 manaret,
786 2541 873 2599 quam
890 2523 1034 2599 Crngerus
1054 2521 1123 2580 mibi
1139 2522 1304 2592 intruserat,
1329 2519 1499 2580 carnaliter

139 2609 331 2684 perscriptum
354 2610 393 2667 sit
415 2611 443 2666 iu
460 2608 605 2669 Cardano.
645 2609 759 2685 Donec,
783 2610 813 2669 id
836 2618 881 2670 est
903 2608 1073 2685 quantisper
1092 2610 1304 2685 propinquum
1327 2614 1400 2666 esset
1423 2606 1500 2683 Spi-

140 2712 201 2754 cac.
246 2694 311 2754 Non
335 2702 380 2754 est
403 2697 491 2771 igitur
514 2714 598 2775 opus,
621 2704 654 2756 ut
677 2698 806 2771 doceam,
831 2715 890 2775 quo
913 2713 1001 2759 sensu
1025 2704 1140 2755 cometa
1162 2695 1412 2772 approximaverit
1426 2693 1499 2771 Spi-

139 2798 205 2854 cae,
234 2799 292 2841 non
323 2784 532 2860 propinquavit
560 2786 655 2858 enim,
684 2786 736 2845 sed
766 2785 901 2846 discessit
929 2786 1028 2862 potius
1056 2783 1093 2842 ab
1121 2781 1183 2842 illa.
1229 2782 1300 2841 Erat
1321 2782 1400 2841 enim
1421 2783 1500 2841 inter

138 2870 223 2928 initia
245 2871 425 2947 propinquus
448 2867 555 2948 Spiosc
578 2880 711 2948 respectu
734 2873 838 2949 reliqui
862 2874 906 2932 sui
930 2871 1057 2944 itineris,
1087 2878 1115 2929 et
1143 2869 1200 2930 boo
1221 2877 1281 2930 tam
1304 2866 1371 2942 din,
1406 2885 1497 2945 quam

140 2956 189 3016 dio
213 2965 276 3017 erat
298 2965 395 3017 motus
419 2959 504 3018 tardi,
549 2960 624 3019 Nam
654 2960 700 3019 die
729 2963 855 3037 septima
881 2969 949 3037 post
972 2959 1093 3036 primam
1116 2958 1329 3034 apparitionem
1349 2955 1414 3033 jam
1436 2972 1498 3016 non

139 3043 264 3120 amplius
287 3047 469 3122 propinquos
491 3054 554 3105 erat
576 3045 692 3122 Spirae,
714 3047 767 3107 sed
791 3047 829 3107 ad
853 3043 910 3108 50⁰
931 3047 970 3107 ab
993 3044 1045 3104 illa
1066 3052 1212 3117 remotus,
1236 3051 1269 3104 nt
1291 3050 1418 3104 testatur
1440 3044 1498 3104 ob·

138 3132 267 3191 servatio
290 3133 452 3209 perscripta
473 3134 502 3191 in
526 3132 685 3210 Torquato.
731 3133 788 3195 Sed
812 3134 850 3194 ad
873 3139 1076 3211 argumentum
1099 3139 1237 3192 revertar.

248 3221 295 3277 li.
325 3219 396 3279 Erat
419 3221 496 3279 enim
519 3220 595 3281 inter
615 3224 700 3282 initia
722 3239 787 3282 oum
803 3223 896 3283 stellis
912 3223 1049 3298 Virginis.
1087 3219 1157 3279 Jam
1172 3235 1243 3279 vero
1258 3235 1360 3279 omnes
1375 3221 1497 3281 omnino

138 3304 242 3365 sideris
265 3306 353 3383 hujus
375 3306 476 3368 stellas
499 3311 599 3367 monui
621 3327 686 3370 esse
706 3310 849 3384 boreales,
874 3318 997 3385 excepta
1011 3308 1100 3384 Spica
1116 3315 1145 3367 et
1159 3326 1220 3367 una
1236 3308 1332 3366 vicina
1346 3324 1446 3383 magn.
1466 3309 1496 3381 6,

139 3393 246 3470 quibus
270 3395 394 3455 vicinior
417 3404 480 3454 erat
502 3403 616 3455 cometa
639 3399 733 3471 initio,
757 3416 845 3473 quam
869 3398 973 3458 diebus
996 3395 1195 3472 sequentibus,
1219 3395 1309 3454 tuisse
1330 3395 1421 3470 igitur
1443 3411 1498 3455 oo-

138 3487 245 3540 metam
269 3482 417 3542 borealem
440 3491 469 3542 et
491 3486 596 3560 ipsum.

245 3574 293 3628 18.
333 3569 465 3630 Alterum
497 3578 560 3629 erat
588 3578 807 3646 argumentum:
841 3588 906 3630 cum
929 3569 980 3631 Sol
1012 3573 1040 3629 in
1070 3568 1205 3646 ecliptica
1234 3568 1367 3640 incedat,
1401 3568 1496 3630 cauda

139 3660 272 3715 cometae
296 3657 325 3713 in
348 3655 426 3716 Solis
450 3656 585 3717 tendatur
608 3661 790 3736 oppositum,
821 3675 879 3718 non
908 3660 1009 3736 utique
1033 3673 1120 3732 pesse
1142 3674 1208 3717 eam
1230 3657 1286 3715 nisi
1310 3658 1338 3714 in
1362 3663 1495 3716 austmm

140 3739 234 3813 tondi,
268 3743 292 3799 ei
316 3751 405 3820 caput
426 3743 570 3816 australe,
593 3762 648 3806 nec
670 3748 725 3805 nisi
749 3748 776 3804 in
800 3748 936 3818 boream,
961 3749 986 3805 si
1009 3744 1137 3805 boreale.
1183 3743 1254 3804 Jam
1276 3760 1347 3803 vero
1369 3742 1496 3804 caudam

139 3829 221 3886 initio
251 3833 351 3889 statim
381 3831 471 3891 latam
499 3848 563 3891 esse
591 3833 628 3891 ad
657 3835 754 3910 capita
777 3833 983 3905 Geminorum,
1015 3849 1093 3909 quae
1115 3839 1183 3891 sunt
1206 3830 1338 3892 borealis
1359 3830 1495 3905 multum,

139 3922 229 3992 capnt
251 3919 341 3991 igitur
362 3919 451 3977 enam
475 3921 570 3995 ipsum
593 3921 711 3980 boreale
735 3923 823 3982 tuisse
848 3924 875 3978 in
899 3923 1042 3997 principio
1065 3921 1266 3997 apparitionis.

247 4010 296 4064 19.
327 4003 446 4080 Addidi,
469 4022 528 4064 non
552 4007 644 4068 videri
668 4008 887 4069 observatorem
911 4011 938 4066 in
963 4008 1014 4067 illa
1036 4009 1151 4068 nudosa
1174 4015 1204 4066 et
1224 4006 1350 4066 verbosa
1363 4002 1497 4081 descrip-

140 4092 218 4150 lione
241 4094 416 4151 omissurum
438 4093 528 4152 inisse
552 4098 770 4158 annotationem
794 4096 878 4167 bano,
902 4113 961 4174 quo
983 4097 1050 4157 loco
1074 4095 1149 4170 signi
1174 4094 1280 4154 Librae
1303 4099 1420 4152 cometa
1442 4109 1497 4152 ao·

139 4178 254 4238 diacum
278 4181 454 4253 transiverit,
477 4183 501 4239 si
524 4198 583 4240 non
605 4185 705 4259 potius
727 4185 811 4244 initio
832 4186 932 4243 statim
955 4186 983 4240 in
1008 4180 1118 4243 boreali
1142 4182 1231 4259 plaga
1255 4181 1358 4239 luisset
1380 4185 1436 4239 etc.

244 4269 293 4326 20.
333 4267 405 4327 Cum
437 4270 525 4344 igitur
556 4286 609 4330 nec
639 4270 810 4331 observator
838 4272 974 4344 affimat,
1007 4280 1149 4330 cometam
1179 4287 1214 4329 ex
1237 4266 1358 4326 australi
1382 4265 1496 4328 hemis·

137 4352 258 4429 pbacrio
287 4357 395 4430 ruisse,
426 4362 456 4415 et
484 4359 663 4431 argumentis
694 4358 879 4419 evidentibus
910 4359 1129 4435 comprobetur,
1161 4360 1251 4416 tuisse
1281 4354 1381 4413 statim
1410 4356 1496 4415 initio

137 4441 296 4515 borealem,
319 4442 401 4502 nulla
424 4445 600 4503 necessitate
622 4462 677 4504 nos
691 4449 798 4523 urgeri,
821 4456 853 4507 ut
875 4448 941 4522 ejus
963 4448 1057 4505 motui
1081 4444 1147 4521 plus
1171 4443 1207 4503 de
1229 4442 1325 4502 orbita
1347 4441 1404 4500 sub
1427 4441 1496 4501 fixis

137 4531 255 4605 propria
278 4531 456 4602 tribuamus,
488 4548 577 4607 quam
598 4533 828 4608 semicirculum,
860 4533 989 4595 nondum
1011 4534 1100 4610 igitur
1121 4536 1319 4610 expugnatam
1342 4545 1409 4589 esse
1433 4536 1506 4589 tra·-

135 4616 288 4690 jcotoriam
311 4624 429 4691 rectam,
454 4617 615 4678 confirmari
639 4623 737 4696 potius
753 4621 970 4682 evidentissime
997 4623 1022 4678 l.
1040 4626 1120 4679 motu
1137 4625 1197 4677 tam
1213 4618 1297 4689 initii,
1322 4633 1412 4694 quam
1428 4616 1496 4677 linis

139 4702 312 4778 tardissimo,
336 4705 431 4765 medio
456 4724 525 4766 vero
549 4706 744 4785 velocissimo,
770 4714 799 4770 2.
824 4710 919 4770 cauda
942 4712 971 4768 io
995 4708 1091 4767 medio
1114 4706 1294 4787 longissima.
1341 4703 1497 4765 Hactenus

139 4806 175 4849 ex
198 4791 323 4870 epistola
345 4810 411 4856 mea
432 4792 470 4855 ad
494 4792 663 4872 Cmgerum.
