3284 5520
221 328 286 397 228
590 350 593 355 <
628 354 629 358 ¹
711 328 847 398 'l'ychonis
865 329 1075 399 Hyperaspistes

221 508 356 568 refractio
378 506 537 582 paralloxin
561 513 752 565 attenuasset.
777 508 883 585 ,Atqui
905 507 991 567 refert
1014 509 1075 584 ipse
1098 506 1231 580 fideliter,
1254 506 1424 585 Tychonem
1447 521 1484 564 ex
1504 503 1575 563 elti-

221 596 322 655 tudine
344 611 450 671 magua
473 604 616 654 cometam
639 596 792 653 immunem
816 613 834 653 a
855 595 1027 654 refractione
1049 597 1239 671 praestitisse.

326 683 376 740 23.
409 681 468 741 Sed
483 682 582 758 Scipio
605 681 660 740 hoc
683 681 758 740 infra
780 681 934 758 pollicetur
956 701 988 741 se
1012 700 1179 742 eversurum
1202 682 1277 742 libro
1300 698 1354 740 suo
1369 680 1426 739 111.
1450 677 1574 739 demon·

220 777 449 845 stratarumque,
473 769 553 847 quod
575 769 779 844 Landgravias
803 773 831 825 in
854 780 968 830 cometa
990 773 1059 828 anni
1087 772 1177 829 1577.
1201 772 1230 827 in
1253 768 1303 829 alt.
1329 768 1387 827 31⁰
1407 784 1515 843 passus
1536 768 1575 824 sit

221 859 421 917 refractionem
447 856 501 916 11⁰
522 860 560 915 7‘.
599 856 676 918 Hem
700 857 785 915 vobis
808 857 1005 916 mathematici
1030 859 1140 933 tibique
1164 858 1312 933 imprimis,
1336 854 1481 927 Galilaea,
1504 871 1575 929 pro·

220 947 389 1003 missionem
418 944 634 1021 amplissimam.
682 943 830 1019 Numquid
855 945 917 1020 jam
947 943 1055 1003 dudum
1085 963 1169 1005 aures
1192 944 1230 1003 ad
1252 946 1394 1021 pruritum
1417 940 1574 1017 sculpitis?

220 1033 257 1090 Et
288 1041 384 1090 tamen
414 1032 544 1090 inducias
575 1031 616 1089 illi
644 1030 741 1106 largiri
770 1033 908 1108 cogimur.
953 1031 1037 1091 Haec
1060 1035 1148 1107 igitur
1170 1031 1208 1091 ad
1231 1031 1428 1091 defensionem
1451 1029 1575 1087 rationis

219 1122 340 1192 tertiae,
373 1137 448 1195 quae
480 1138 513 1178 cx
544 1119 700 1178 collatione
729 1120 966 1179 observationum
995 1121 1023 1176 ia
1047 1119 1170 1180 diversis
1193 1118 1265 1179 locis
1288 1128 1420 1178 cometae
1442 1115 1574 1193 paralla-

219 1209 268 1264 xin
291 1207 405 1266 refutat

325 1297 374 1352 24.
408 1293 548 1369 Quartam
564 1301 697 1352 numerat
712 1292 811 1369 Scipio
827 1293 975 1370 Tychonis
991 1295 1142 1368 rationem,
1165 1292 1246 1369 quod
1261 1300 1376 1353 cometa
1391 1292 1461 1351 anui
1481 1292 1573 1362 1585,

221 1398 286 1440 cum
314 1393 409 1442 rueret
439 1398 539 1440 versus
563 1379 731 1458 Capellam,
764 1381 917 1440 distantias
948 1382 986 1440 ab
1017 1381 1068 1439 illa
1099 1398 1248 1458 nunquam
1279 1382 1308 1437 in
1338 1397 1397 1439 uno
1429 1377 1477 1438 die
1506 1377 1574 1454 plus

219 1473 352 1527 minusve
377 1471 547 1540 variaverit,
572 1485 659 1543 quam
682 1471 831 1544 proportio
854 1466 989 1526 horarum
1014 1470 1235 1545 interceptarum
1259 1467 1297 1528 ad
1320 1466 1455 1526 diurnum
1478 1466 1574 1527 ferret.

325 1562 373 1616 25.
414 1557 469 1614 Hic
499 1559 628 1630 queritur
651 1554 764 1631 Scipio,
796 1573 853 1612 uun
882 1573 946 1614 csse
969 1572 1120 1630 expressas
1143 1575 1162 1615 a
1184 1555 1324 1633 'lycaone
1348 1554 1574 1615 ohservationes

220 1645 307 1719 ipsae.
347 1645 437 1720 Atqui
461 1645 585 1718 reperiet
608 1660 658 1701 cae
681 1645 710 1699 iu
734 1651 812 1701 toruo
835 1643 1082 1716 observationum,
1106 1646 1131 1702 si
1154 1642 1273 1719 quando
1291 1641 1460 1719 prodierint.
1500 1640 1574 1717 Epi-

218 1731 312 1790 etolae
335 1732 463 1789 brevitas
486 1746 544 1788 nou
567 1730 755 1806 permittebat
777 1729 818 1786 illi
841 1730 1034 1805 prolixitatem
1057 1731 1141 1792 hane.

325 1820 375 1877 26.
414 1817 529 1877 Deinde
552 1819 672 1893 excipit,
702 1833 759 1875 non
784 1834 898 1876 omnem
921 1817 1078 1877 distantiae
1101 1827 1232 1876 cometae
1255 1836 1274 1877 a
1296 1815 1353 1878 fixe
1375 1817 1574 1876 constantiam

218 1920 270 1980 per
293 1904 424 1965 diversas
448 1904 504 1963 diei
527 1904 615 1963 horas
638 1904 713 1963 trahi
736 1921 822 1980 posse
846 1907 875 1962 in
898 1907 1083 1981 negationem
1098 1904 1291 1982 parallaxeoe.
1329 1904 1367 1963 Et
1389 1921 1501 1964 rursum
1516 1920 1575 1962 rros

218 1999 339 2051 revecat
361 1992 398 2051 ad
421 1992 528 2051 librum
551 2008 634 2049 suurn
658 1993 792 2067 primun.

323 2084 373 2137 27.
413 2077 493 2154 Quas
523 2096 578 2155 ego
608 2077 726 2154 quidem
753 2081 966 2157 propositiones
989 2082 1148 2156 pronuncio
1172 2080 1322 2153 tenebras,
1355 2077 1441 2155 culpa
1463 2079 1575 2154 partim

219 2166 404 2243 typographi,
427 2168 533 2242 partim
555 2165 726 2243 sculptoris,
750 2169 854 2244 partim
878 2165 1125 2230 demonstratoris.
1169 2166 1249 2227 Nihil
1272 2183 1347 2242 opus
1369 2174 1415 2225 est
1435 2165 1481 2224 bis
1503 2182 1575 2224 am·

218 2253 352 2329 bagibue.
398 2253 577 2314 Brevissima
599 2253 678 2330 quod
701 2256 776 2314 inest
799 2256 828 2311 in
851 2271 881 2314 rc
904 2258 946 2314 sic
969 2256 1089 2314 effamur
1111 2264 1294 2331 geometrae:
1324 2271 1389 2313 eum
1416 2252 1576 2313 verticulas

218 2339 332 2415 circuli,
362 2343 392 2397 in
416 2341 523 2417 quibus
546 2349 693 2418 spectatur
715 2341 939 2419 phaenomenon
962 2351 990 2402 et
1013 2342 1086 2416 lixa,
1108 2359 1206 2401 arcam
1229 2340 1385 2400 distantiae
1408 2339 1472 2415 ejus
1494 2341 1575 2399 visi-

217 2426 285 2487 bilis
307 2446 326 2487 a
348 2428 406 2488 fixa
427 2431 573 2488 secuerint
595 2429 710 2504 angulis
733 2431 835 2503 rectis,
860 2438 912 2488 aut
933 2432 956 2488 si
980 2446 1087 2505 magna
1110 2437 1155 2489 est
1174 2428 1346 2508 parallaxis,
1370 2426 1494 2503 augulis,
1520 2429 1576 2504 qui

219 2514 339 2573 dimidio
362 2515 545 2592 parallaxeos
569 2515 706 2575 deficiant
728 2535 747 2575 a
769 2518 870 2590 reetls,
901 2524 971 2576 tuuc
999 2516 1156 2592 parallaxis
1178 2515 1250 2575 nihil
1272 2515 1378 2575 alterat
1399 2515 1575 2574 distantiam

216 2600 275 2660 loci
305 2603 361 2661 visi
384 2622 403 2662 a
424 2603 490 2662 fixa.
536 2603 609 2662 Cum
639 2620 708 2663 vero
739 2602 863 2680 angulus
891 2613 936 2662 est
966 2604 1112 2679 obliquior
1135 2602 1229 2677 dicto,
1261 2610 1312 2662 aut
1333 2601 1458 2678 angulus
1481 2600 1574 2680 plane

216 2688 324 2762 nullus,
349 2694 380 2748 ut
402 2692 427 2748 si
451 2690 590 2750 distantia
611 2707 676 2750 cum
701 2691 833 2751 verticali
856 2691 1010 2765 coincidet,
1034 2699 1103 2750 tunc
1125 2690 1299 2761 videndum,
1323 2689 1417 2751 fixane
1439 2691 1477 2749 sit
1497 2706 1574 2767 pro-

216 2779 280 2854 pior
311 2780 427 2852 vertici,
458 2780 485 2836 in
516 2777 618 2838 eodem
648 2790 720 2854 puta
747 2777 895 2838 verticalis
923 2776 1096 2855 quadrante,
1130 2788 1198 2837 tunc
1220 2779 1296 2837 enim
1319 2777 1476 2855 parellaxis
1499 2777 1575 2836 facit

217 2862 357 2923 excedere
380 2865 547 2925 distantiam
570 2865 732 2940 visibilem
754 2875 785 2925 at
807 2869 831 2924 si
851 2865 1072 2942 phaenomenon
1088 2867 1127 2925 sit
1141 2867 1261 2943 propius
1275 2866 1387 2939 vertici,
1409 2862 1573 2944 parallaxis

217 2950 280 3027 ejus
303 2950 471 3011 distantiam
494 2971 513 3011 a
534 2952 591 3010 fixa
614 2952 760 3012 visibilem
782 2960 912 3028 praestat
934 2955 1082 3013 minorem.

321 3044 372 3098 28.
409 3038 480 3098 Jam
510 3038 579 3114 quid
608 3038 709 3098 borum
735 3043 762 3096 in
786 3040 949 3117 exemplum
971 3043 1152 3118 propositum
1175 3038 1314 3115 quadret,
1345 3055 1403 3096 non
1425 3055 1501 3114 opus
1525 3047 1571 3098 est

216 3142 271 3184 nos
295 3143 330 3184 ex
354 3128 543 3185 annotatione
566 3126 711 3201 Scipionis
734 3127 783 3188 fol.
807 3129 857 3186 93.
882 3139 989 3205 petere.
1035 3125 1149 3187 Globus
1172 3128 1234 3206 ipse
1257 3126 1391 3186 coelestis
1413 3126 1498 3185 nobis
1521 3126 1571 3186 lo·

217 3219 337 3289 quetur:
368 3230 482 3292 semper
505 3213 627 3289 Capella
654 3214 709 3273 fuit
739 3215 838 3274 vertici
866 3217 984 3291 propior
1012 3229 1100 3290 quam
1131 3222 1260 3288 cometa,
1292 3216 1386 3290 magis
1416 3221 1515 3272 tamen
1541 3216 1569 3271 in

217 3298 380 3375 quadrante
401 3300 502 3359 mundi
525 3300 711 3375 occidentali,
745 3319 832 3377 quam
857 3304 885 3359 ia
909 3302 1052 3361 orientali.
1097 3302 1131 3360 lu
1155 3302 1211 3361 hoc
1234 3304 1309 3361 euim
1332 3298 1457 3377 angulus
1480 3301 1570 3361 ineli-

217 3388 309 3448 nabat
331 3386 369 3446 ad
391 3388 602 3461 rectitudinem,
631 3390 658 3445 in
683 3388 733 3447 illo
757 3390 952 3450 evanescebat
975 3391 1068 3465 magis
1091 3398 1179 3466 atque
1202 3391 1306 3465 magis.
1343 3387 1464 3463 Semper
1478 3389 1570 3465 igitur

217 3476 310 3550 major
341 3476 443 3534 fuisset
473 3478 537 3535 visa
560 3476 698 3534 distantia
720 3484 851 3536 cometae
874 3496 892 3536 a
915 3477 1037 3552 Capella
1066 3494 1155 3552 quam
1184 3494 1267 3549 vera,
1298 3478 1392 3552 magis
1415 3478 1568 3535 tamenin

217 3561 359 3637 profundo
389 3565 483 3621 noctis
511 3580 599 3638 quam
627 3566 656 3619 in
680 3563 743 3637 ejus
767 3565 863 3635 initio,
893 3563 1223 3640 siquidem'psrallaxin
1246 3565 1270 3622 is
1294 3564 1419 3623 lecisset.
1465 3562 1505 3621 Et
1529 3565 1569 3622 ita

218 3650 306 3708 etiam
329 3649 431 3708 fuisset
453 3666 517 3708 cum
541 3652 626 3708 veris·
640 3649 794 3724 distantiis,
818 3667 894 3726 quac
917 3653 1030 3711 interim
1053 3651 1137 3727 lapsu
1161 3653 1275 3726 aliquot
1297 3651 1432 3710 horarum
1450 3651 1568 3709 fuerunt

216 3743 346 3795 mutatae
369 3753 523 3812 progressu
547 3746 686 3797 cometae.
727 3738 800 3796 Cum
823 3740 911 3814 igitur
933 3738 1008 3797 ultra
1031 3738 1106 3797 hanc
1127 3741 1318 3798 mutationem
1342 3756 1376 3798 cx
1400 3754 1468 3798 vero
1483 3747 1567 3796 motu

217 3822 288 3881 nibil
318 3822 544 3898 relinqueretur,
578 3824 656 3900 quod
687 3824 829 3901 parallaxi
857 3834 958 3902 posset
980 3843 1015 3884 ex
1039 3827 1135 3903 posita
1157 3826 1259 3902 regula
1281 3826 1438 3905 praescribi
1446 3870 1456 3900 ,
1488 3834 1568 3885 recte

216 3911 375 3986 arguimus,
399 3918 541 3969 cometam
566 3912 706 3989 parallaxi
730 3915 856 3984 carnisse
879 3912 1020 3972 sensibili.

321 3999 371 4056 29.
410 3999 587 4074 Frustraque
614 4000 699 4059 nohis
722 3999 937 4059 Claramentiue
966 4017 1035 4059 suos
1057 3999 1163 4073 libros,
1195 4000 1308 4074 capita,
1340 4001 1566 4078 propositiones,

218 4083 380 4157 corollaria,
403 4089 614 4159 annotationes,
638 4104 708 4146 suas
730 4087 895 4163 parallaxes
916 4087 1079 4160 verticales,
1102 4103 1171 4145 suas
1187 4089 1314 4146 rationes
1329 4089 1474 4147 ratiobum
1488 4095 1568 4147 tem·

218 4174 382 4249 peratrices,
406 4174 556 4248 victrices,
581 4176 675 4234 victas
697 4175 840 4234 inculcat:
872 4174 1037 4251 disputator
1059 4173 1193 4245 advenit,
1218 4173 1479 4235 demonstrationes
1501 4175 1568 4253 'l'y-

217 4258 319 4317 chunis
342 4277 502 4332 eversurus,
529 4261 617 4320 habet
641 4264 776 4321 terminos
800 4261 838 4321 ad
860 4261 917 4322 hoc
939 4265 1010 4321 satis
1033 4259 1125 4320 claros
1148 4260 1226 4336 apud
1245 4262 1467 4323 mathematicos
1483 4271 1567 4324 cete·

216 4362 272 4417 ros,
298 4349 332 4405 iis
357 4355 470 4423 utatur,
494 4365 563 4407 suos
586 4366 655 4408 vero
678 4352 825 4424 terminos,
850 4367 919 4409 suos
935 4356 1091 4425 conceptus
1107 4351 1213 4408 mentis
1226 4351 1358 4427 proprios
1373 4352 1409 4409 iis
1425 4359 1566 4423 reservet,

216 4436 266 4508 qui
299 4435 335 4493 ad
365 4436 459 4509 ipsum
488 4435 616 4495 discendi
640 4453 730 4496 causa
752 4440 867 4497 venturi
890 4444 967 4497 suut.
1010 4436 1113 4495 Hostis
1136 4452 1173 4496 ne
1195 4455 1215 4495 a
1235 4438 1320 4497 nohis
1343 4444 1439 4515 petat,
1471 4447 1507 4498 ut
1529 4440 1566 4497 its

217 4523 318 4592 armis,
350 4540 425 4597 quae
449 4524 567 4600 porrigit
590 4525 666 4598 ipse,
697 4540 750 4582 nos
779 4524 968 4584 defendamus
997 4533 1098 4584 contra
1119 4541 1188 4582 suos
1211 4525 1351 4599 insultus;
1382 4542 1440 4584 non
1463 4524 1587 4587 duello'

217 4606 373 4666 finiendum
397 4618 442 4668 est
462 4609 519 4669 hoc
542 4618 695 4684 certamen,
717 4610 769 4670 sed
789 4622 839 4671 aut
854 4613 1080 4689 expugnatione,
1104 4617 1156 4669 aut
1169 4612 1287 4689 repulsa
1302 4621 1332 4672 et
1345 4619 1443 4689 strage
1458 4612 1565 4674 hostis.

321 4697 370 4755 30.
409 4693 538 4774 Opponit
560 4698 744 4757 adversarius
759 4706 788 4758 et
803 4700 867 4773 hoc,
892 4699 970 4775 quod
989 4715 1079 4773 supra
1094 4715 1126 4758 se
1141 4696 1211 4759 dicit
1227 4698 1450 4774 demonstrasse,
1469 4718 1566 4778 quarn

216 4783 254 4839 sit
282 4781 422 4843 lubricum
446 4794 474 4843 et
496 4787 646 4845 ruinosum
673 4783 894 4848 fundamentum
915 4787 1058 4864 regularis
1080 4782 1118 4844 ad
1140 4789 1279 4847 amussim
1301 4795 1432 4848 cometam
1455 4798 1566 4864 motas,
