3284 5520
144 334 207 403 196
635 335 770 404 Tychenis
789 334 997 404 Hyperaspistes

143 514 266 573 emissas
288 514 317 569 in
341 513 479 588 Aquilam
503 521 532 571 et
554 512 738 585 subtensam,
771 512 884 572 dnobus
913 512 985 571 locis
1006 510 1114 572 Teneo
1145 513 1343 583 terminatam,
1375 511 1493 569 omnine

142 602 213 660 recti
237 609 349 674 essent,
372 599 424 658 sed
448 602 469 656 ii
492 603 520 656 in
543 599 631 674 plano
654 600 793 659 inclinato
818 600 855 658 ad
878 600 996 675 planum
1015 599 1178 677 meridiani.
1225 598 1307 674 Quae
1330 614 1403 657 vero
1425 607 1495 657 tuno

144 688 189 747 vis
212 688 310 746 lutura
331 687 418 746 luerit
441 690 612 763 argumenti,
636 686 731 746 dicam
754 688 827 746 inlra
850 687 888 745 ad
911 697 999 763 capnt
1023 692 1072 745 20.

247 776 297 835 31.
335 774 465 835 Tertium
499 791 623 834 errorem
651 792 764 833 rursum
792 775 928 849 abstergo
957 791 1015 832 non
1038 792 1057 832 a
1079 785 1174 831 mente
1197 781 1310 832 tantum
1333 772 1494 848 Tychonis,

142 859 255 921 seilicet
277 862 365 921 etiam
381 880 399 920 a
415 863 521 934 verbis,
543 864 572 920 in
595 871 735 937 quantum
759 879 854 920 novus
876 878 954 920 error
976 869 1150 919 numeratur.
1191 858 1263 934 Quis
1279 859 1414 937 Tyeboni
1436 859 1494 917 hoe

141 950 265 1021 tribnat,
295 951 458 1023 ignoratum
489 951 543 1026 ipsi
573 949 678 1021 luisse,
710 948 782 1009 duas
806 958 898 1008 rectas
928 957 1129 1025 praeterquam
1154 950 1183 1003 in
1207 964 1264 1006 nno
1287 956 1398 1024 puncto
1421 958 1495 1004 eon·

143 1052 256 1095 currere
279 1052 336 1094 non
360 1040 470 1112 posse?
1225 1046 1228 1051 ·

247 1125 298 1182 32.
336 1123 462 1182 Attende
485 1124 573 1197 igitur
595 1120 805 1200 ιὶκυρολογιαν,
828 1140 917 1198 quam
939 1121 1098 1191 interdum,
1122 1123 1295 1199 ineptientes
1320 1123 1401 1188 circa,
1419 1139 1495 1180 ana-

142 1209 237 1286 logias
259 1212 462 1285 geometricas,
492 1209 619 1268 solemus
642 1209 790 1268 adhibere.
829 1209 930 1278 ¹Audis
953 1227 972 1267 a
993 1209 1149 1286 Tychonc,
1173 1216 1317 1267 extremas
1340 1208 1413 1280 DB,
1438 1209 1494 1266 Da

145 1315 209 1356 esse
232 1296 351 1372 perinde
374 1314 408 1356 ac
432 1314 519 1355 unam
542 1297 657 1369 lineam,
682 1314 753 1356 sane
776 1315 863 1373 quam
888 1313 1025 1369 crassam,
1049 1312 1124 1371 quae
1148 1312 1189 1354 se.
1214 1303 1304 1353 totam
1327 1296 1415 1372 spatii
1441 1296 1495 1353 AB

145 1384 329 1443 latitudinem
351 1393 483 1458 occupet,
507 1401 629 1459 quarum
653 1386 677 1441 ai
701 1379 792 1442 altera
815 1392 894 1442 recto
917 1384 1025 1460 angulo
1042 1382 1143 1441 incidit
1158 1386 1187 1440 in
1202 1382 1266 1455 AB,
1290 1383 1403 1458 reliqua
1419 1399 1496 1458 quo-

144 1488 200 1548 que
223 1474 265 1529 sic
289 1471 405 1545 incidit3
430 1488 465 1530 ac
487 1472 608 1546 proinde
631 1488 697 1530 curn
716 1478 809 1530 totum
824 1471 951 1546 spatium
967 1473 1006 1529 sit
1022 1489 1079 1528 nna
1094 1469 1181 1542 linea,
1206 1469 1302 1528 media
1319 1487 1390 1529 vero
1404 1471 1494 1546 spatii

143 1561 172 1615 in
203 1568 332 1616 centrum
355 1559 462 1617 'l'errae
490 1558 600 1618 incidat
623 1557 738 1638 (positis
766 1560 852 1618 rectis
883 1558 1024 1634 angulis),
1056 1565 1119 1616 tota
1140 1559 1230 1631 igitur
1252 1557 1327 1616 baec
1349 1566 1410 1615 tarn
1435 1557 1496 1615 lata

143 1646 222 1706 linea
245 1648 273 1702 in
298 1653 429 1704 centrum
452 1644 560 1704 Terrae
584 1654 613 1705 et
637 1662 736 1704 versus
759 1649 848 1704 centri
871 1645 990 1722 plagam
1013 1644 1120 1716 tendit,
1149 1653 1179 1703 et
1201 1662 1219 1702 a
1241 1652 1341 1703 centro
1365 1646 1496 1703 vicissim

144 1733 191 1791 vel
216 1751 234 1791 a
257 1735 346 1791 centri
370 1732 459 1808 plaga
482 1733 510 1789 in
535 1733 587 1790 AB
611 1731 779 1792 normaliter
801 1732 919 1791 incidit:
951 1732 1002 1791 sed
1033 1731 1090 1790 lrnc
1116 1732 1178 1806 Jam
1207 1740 1251 1790 est
1274 1730 1310 1790 de
1332 1734 1496 1806 praesentis

143 1819 390 1897 comprobationis
414 1821 582 1891 intentione,
607 1835 682 1894 quae
705 1818 760 1877 luit
782 1828 910 1897 tempore
933 1820 1094 1896 posteriori,
1118 1821 1148 1875 in
1171 1835 1230 1894 qna
1252 1817 1310 1876 rixa
1332 1818 1360 1874 D
1383 1835 1497 1895 suppo-

142 1909 220 1965 nitur
242 1908 271 1962 in
294 1906 464 1965 meridiano.
1218 1938 1221 1945 ·

249 1994 299 2052 33.
337 1993 477 2052 Detracta
502 2010 570 2051 vero
594 2001 663 2052 tunc
686 1993 857 2052 rectitudine
880 1994 1070 2068 angulorum,
1095 1991 1173 2068 quod
1197 1991 1270 2051 bene
1293 1991 1364 2051 lacit
1385 1991 1496 2067 Scipio,

143 2078 268 2138 subaudi
289 2079 368 2153 jam,
400 2096 517 2139 monere
542 2080 617 2138 velle
639 2080 826 2157 Tycbonem,
850 2091 957 2140 rectam
981 2089 1133 2154 utramque
1157 2078 1257 2138 eodem
1281 2079 1397 2154 copulo
1420 2075 1497 2160 (sci-

142 2166 212 2226 licet
234 2164 365 2242 obliquo,
391 2184 447 2224 non
471 2162 566 2247 recto)
591 2171 619 2223 in
644 2168 696 2227 ΑΒ
720 2167 855 2228 incidere.

247 2254 298 2312 34.
335 2246 392 2312 Hic
416 2253 514 2330 Scipio
546 2255 574 2310 in
589 2262 591 2266 '
606 2257 879 2314 commemoratione
911 2257 1004 2330 quarti
1036 2256 1138 2314 erroris
1161 2269 1219 2311 non
1244 2253 1317 2311 bene
1340 2251 1496 2324 divinavit,

142 2339 312 2417 Tyebonem
345 2340 455 2414 dicere,
487 2349 580 2401 rectas
609 2342 734 2400 incidere
763 2343 932 2401 normaliter
962 2344 990 2399 in
1018 2341 1293 2414 circumferentiam
1326 2337 1397 2398 dicit
1419 2342 1497 2399 enim

143 2445 288 2504 expresse,
312 2429 443 2487 incidere
465 2430 645 2488 normaliter
667 2437 765 2488 rectae
787 2429 854 2503 AB,
878 2447 897 2488 a
919 2437 1017 2488 centro
1042 2432 1070 2486 in
1095 2428 1141 2486 vel
1168 2444 1267 2485 versus
1290 2426 1498 2486 circumferen-

141 2517 213 2573 tiam
237 2510 397 2595 (intellige,
421 2512 660 2596 progrediendo).
706 2515 794 2575 Hunc
817 2519 905 2592 igitur
927 2533 1078 2592 perperam
1101 2523 1235 2573 numerat
1258 2529 1383 2573 errorem
1405 2531 1497 2589 quar-

142 2609 212 2674 tum,
237 2605 287 2677 qui
311 2602 447 2661 coincidit
472 2621 536 2661 curn
561 2606 644 2662 tertio
669 2603 799 2679 nihilque
822 2603 902 2662 aliud
917 2611 970 2676 est,
994 2620 1082 2678 quam
1098 2598 1282 2680 duapoloym,
1307 2600 1376 2659 dum
1390 2600 1497 2678 'lycbo

141 2688 275 2760 schema,
307 2706 342 2747 ne
371 2690 475 2748 trustra
504 2688 650 2767 sculptum
673 2699 724 2749 ant
747 2691 939 2767 reparandum
961 2694 999 2748 sit
1029 2688 1114 2771 (torte
1136 2705 1194 2747 non
1217 2695 1371 2765 praesente
1394 2688 1497 2765 aliquo

140 2772 312 2853 scalptore),
346 2777 442 2836 verbis
475 2778 715 2853 qualitercunque
745 2778 886 2854 adjuvat,
920 2777 972 2837 sed
1003 2794 1068 2837 curn
1100 2776 1206 2834 damuo
1238 2775 1497 2835 demonstrationis

139 2865 308 2938 praesentis.

244 2951 296 3010 35.
336 2951 432 3026 Atque
460 2949 516 3009 boc
542 2952 604 3026 jam
634 2952 721 3009 etiam
750 2953 883 3027 quintum
907 2960 937 3010 et
958 2959 1072 3011 sertum
1096 2967 1205 3010 errores
1228 2953 1356 3026 peperit,
1389 2950 1497 3009 salsam

141 3036 252 3095 scilicet
274 3037 505 3112 magnitudinem
529 3038 625 3097 lineae
649 3037 712 3112 BG,
736 3046 765 3097 et
787 3038 887 3113 anguli
910 3039 1006 3110 ΒΘΑ,
1029 3047 1163 3115 respectu
1187 3036 1305 3113 quidem
1328 3036 1417 3112 hujus
1442 3038 1498 3096 de-

140 3127 368 3185 monstrationis.
415 3123 577 3199 Quamvis,
597 3134 628 3184 nt
653 3143 710 3184 uno
734 3125 803 3184 dato
827 3127 1059 3200 inconvenienti,
1083 3132 1244 3201 sequnntur
1266 3125 1373 3197 multa,
1394 3126 1442 3184 sic
1465 3125 1497 3183 bi

139 3219 197 3270 tres
230 3228 339 3271 errores
372 3215 474 3272 unicus
503 3223 571 3271 sunt
600 3221 629 3272 et
659 3213 696 3272 ab
729 3212 1006 3272 hallucinationibus
1033 3214 1096 3288 jam
1126 3213 1324 3270 annumeratis
1355 3211 1495 3288 pendent.

140 3298 290 3374 Denique,
314 3308 348 3357 ut
369 3308 498 3375 repetam
521 3300 600 3377 quod
624 3302 705 3359 initio
729 3303 870 3360 examinis
893 3301 980 3377 hujus
1005 3303 1107 3360 tertiae
1130 3301 1285 3358 instantiae
1309 3298 1387 3376 dixi,
1410 3299 1496 3375 ejus-

140 3383 218 3443 modi
246 3392 292 3445 est
320 3404 397 3445 error
424 3388 471 3446 vel
502 3390 531 3445 in
560 3398 641 3464 parte
670 3387 722 3446 tali
755 3391 935 3462 argumenti,
965 3395 999 3446 ut
1030 3405 1065 3446 ea
1089 3396 1151 3447 tota
1172 3385 1285 3446 abolita
1314 3392 1373 3445 stet
1394 3394 1495 3447 tamen

34 3541 36 3545 ,
139 3481 341 3547 argumentum
375 3475 521 3534 sullieiens
559 3474 596 3533 ad
626 3473 807 3550 probandum
844 3492 1016 3535 consensum
1048 3474 1280 3551 qualemcunque
1312 3472 1496 3533 diversorum

141 3561 361 3620 observatorum
385 3561 420 3619 de
443 3561 585 3636 parallaxi
608 3561 770 3621 insensibili
793 3570 932 3622 cometae.

245 3649 295 3705 36.
335 3647 451 3707 interim
490 3658 585 3708 tamen
618 3658 648 3707 et
677 3648 753 3708 hane
789 3652 914 3725 accipiat
947 3650 1226 3708 satisfactiunculam
1259 3646 1493 3707 claramontins:

140 3732 220 3808 quod
251 3750 316 3792 cum
346 3736 408 3810 ipse
438 3753 555 3812 quoqne
584 3734 775 3795 differentiam
803 3736 992 3813 parallareon
1016 3738 1147 3794 inveniat
1171 3738 1199 3793 2¹
1227 3734 1295 3807 18“,
1323 3751 1496 3810 supponens

144 3827 288 3880 cometam
312 3838 377 3880 cnm
392 3823 533 3900 Tychone
557 3825 585 3879 in
610 3824 768 3896 horizonte,
792 3825 886 3900 major
908 3827 996 3900 igitur
1019 3841 1055 3882 ea
1078 3839 1145 3882 vere
1167 3823 1263 3894 inerit,
1287 3824 1357 3897 quia
1380 3832 1497 3881 cometa

140 3925 230 3984 supra
253 3908 433 3969 horizontem
456 3909 532 3968 altus
555 3910 618 3968 luit.
658 3911 740 3970 Haec
760 3911 957 3987 adjungantur
972 3911 1084 3980 ceteris,
1109 3927 1184 3984 quae
1199 3909 1248 3968 iol.
1269 3910 1338 3968 193.
1362 3925 1497 3985 sequun-

140 4003 199 4068 tur,
219 3996 282 4071 jam
304 3997 394 4072 paulo
417 4005 484 4055 ante
508 3997 659 4073 dissipata.
705 3999 812 4073 Sicque
836 3998 871 4056 de
894 3999 949 4058 bae
971 3998 1121 4055 infirmiori
1145 3996 1293 4073 Tyehonis
1316 3997 1496 4072 comproba-

140 4084 219 4142 tione
241 4100 296 4144 nee
319 4083 406 4142 valde
428 4087 593 4143 necessaria
616 4084 784 4144 conclusum
807 4093 879 4144 esto.
927 4085 1016 4144 Plura
1039 4083 1074 4143 de
1097 4101 1133 4143 ea
1156 4085 1195 4142 ad
1218 4101 1282 4159 cap.
1307 4084 1359 4144 20.
1387 4083 1495 4156 dicam,

140 4169 190 4229 ubi
213 4169 249 4230 de
270 4171 526 4232 observationibus
547 4174 644 4248 agitur
665 4174 775 4248 primae
790 4171 939 4249 'l’ycborris
956 4174 1123 4232 intentionis
1144 4174 1238 4246 magis
1252 4170 1494 4232 accommodatis.

478 4378 520 4445 td
543 4376 638 4460 capnt
660 4378 702 4444 11.
726 4376 779 4445 tol.
803 4378 866 4446 itt.
891 4379 921 4445 et
942 4376 986 4444 15.
1011 4375 1064 4444 tol.
1089 4378 1152 4445 itit.

247 4526 274 4578 1.
313 4518 381 4580 Jam
397 4518 499 4597 'lpclro
524 4522 676 4579 revertitur
695 4521 733 4579 ad
748 4522 969 4581 observationes
985 4522 1126 4597 proprias,
1151 4523 1237 4580 tertia
1252 4513 1494 4596 comprobatione

140 4602 248 4663 nullius
283 4605 479 4681 parallexeon
510 4624 599 4683 quam
629 4606 842 4668 claromontius
874 4610 980 4667 rationi
1012 4610 1131 4682 quintae
1164 4615 1300 4669 accenset
1329 4611 1494 4686 repetitque

139 4707 217 4750 more
248 4710 302 4751 suo
333 4711 384 4770 per
412 4701 505 4753 totum
533 4701 620 4770 eaput
652 4701 704 4767 14,
737 4705 815 4755 ratus
845 4714 877 4755 se
907 4695 1003 4754 lucem
1033 4697 1060 4754 ei
1089 4696 1200 4755 afferre.
1246 4694 1361 4759 Viderit
1390 4696 1494 4770 lector,

139 4777 209 4836 mibi
232 4780 362 4841 Brnbeus
386 4785 448 4857 ipse
471 4782 615 4842 satisfacit
637 4782 822 4843 luculentius.
869 4768 1121 4858 Quemadmodum
1155 4800 1224 4843 vero
1247 4781 1349 4859 Tycha
1373 4782 1421 4842 bie
1445 4800 1494 4843 re-
