3284 5520
492 333 535 389 De
554 331 728 404 septuaginta
745 326 961 400 hebdomadibus
978 325 1007 381 in
1024 323 1146 383 Daniele.
1293 416 1296 423 Ι
1426 323 1489 394 825

145 514 187 571 ita
210 514 420 591 interpretetur,
445 520 476 573 ut
499 511 700 573 cumGraecis
723 512 870 573 conciliari
885 513 976 589 possit
991 512 1106 581 rectius,
1130 526 1217 585 quam
1232 507 1390 568 secundum
1407 507 1490 582 alios,

144 602 233 676 igitur
267 619 333 660 vere
363 601 485 659 historia
515 601 625 661 Esdrae
655 602 693 658 ad
724 602 844 660 Darium
867 599 994 658 Notituur
1029 607 1058 656 ot
1088 598 1275 657 Artaxerxem
1307 596 1490 655 Mnemonem

144 689 284 763 pertinet,
318 706 376 763 quo
399 690 553 764 impetrato
576 687 762 747 stabiliuntur
785 691 897 757 omnia,
922 704 998 762 quac
1020 687 1152 763 superias
1176 702 1210 743 ex
1234 694 1329 743 mente
1351 683 1490 759 Scaligeri

144 777 218 833 inter
241 792 332 833 anuos
356 775 456 842 retuli,
480 783 588 847 cetera,
612 774 771 834 secuudum
794 775 916 834 aliorum
940 776 1113 832 sententiam
1136 771 1224 830 dubie
1247 773 1352 848 posita,
1376 775 1491 848 penitus

144 863 356 921 convelluntur.
403 863 499 936 Atque
523 861 579 922 hoc
601 865 724 940 primum
747 869 791 921 est
814 862 953 938 Scaligori
977 870 1187 939 argumentum,

251 948 390 1021 Alterum,
416 949 494 1025 quod
517 950 608 1021 affert,
634 949 847 1025 quodammodo
872 949 1010 1006 infirmius
1034 954 1086 1021 est,
1111 950 1181 1023 quia
1200 947 1363 1006 desumtum
1381 966 1412 1007 ox
1430 949 1490 1008 Ne·

142 1035 219 1097 hem.
248 1040 311 1108 la,
342 1036 419 1111 quod
443 1055 479 1094 an
503 1056 520 1095 0
543 1036 683 1096 Nehemia
707 1040 843 1114 scriptum
868 1040 923 1107 sit,
950 1045 980 1094 ut
1003 1036 1213 1113 praesupponit
1236 1034 1380 1110 Scaliger,
1404 1055 1489 1113 supra

144 1122 323 1200 disputatum
347 1132 376 1183 et
398 1124 519 1190 multum
543 1123 706 1183 dubitatum
730 1125 792 1183 luit.
832 1122 883 1182 Est
899 1132 995 1182 auteur
1013 1120 1087 1181 tale:
1112 1121 1267 1182 Neheruias
1283 1124 1390 1195 scribit,
1413 1122 1490 1183 Jad·

144 1208 231 1268 duam
263 1210 436 1286 adnepotem
459 1211 552 1271 Jesue
582 1212 746 1271 sacerdotio
775 1213 904 1271 iunctum
927 1212 981 1268 sub
1007 1211 1108 1282 llari03
1137 1216 1167 1268 at
1189 1209 1309 1268 Jarldua
1338 1210 1387 1268 ille
1418 1210 1492 1270 vidit

145 1296 342 1355 Alexandrum
366 1298 416 1368 M,
443 1308 473 1356 ut
496 1297 645 1376 Josephus
669 1308 800 1359 testatur.
826 1294 920 1374 vErgo
946 1299 1052 1355 Darius
1076 1296 1133 1369 ille,
1157 1298 1211 1354 sub
1236 1314 1293 1371 quo
1317 1297 1491 1357 010110001-

144 1383 217 1442 0000
241 1392 269 1444 et
288 1384 445 1444 Nehcmias
461 1383 521 1464 (qui
539 1386 611 1445 haec
628 1381 767 1467 scripsit),
792 1394 835 1445 est
854 1386 959 1443 Darius
976 1385 1212 1458 ultimus,1qucm
1229 1383 1394 1443 Alexander
1411 1387 1490 1457 vicit,

113 1502 117 1511 ,
144 1480 174 1530 et
197 1479 349 1548 propterea
380 1481 442 1532 tota
470 1472 592 1532 historia
616 1474 724 1533 Esdrae
747 1484 775 1533 et
798 1474 955 1532 Nehcmiac
986 1472 1036 1529 lini
1064 1474 1143 1547 regui
1166 1471 1275 1530 Persici
1299 1488 1386 1546 quam
1410 1474 1490 1549 prin·
1594 1471 1601 1485 ’

144 1560 220 1636 cipio
244 1561 441 1636 propiorem,
466 1560 494 1617 id
519 1578 629 1637 nempe,
655 1560 732 1636 quod
757 1559 938 1638 probandum
961 1567 1030 1620 erat.
1075 1559 1140 1617 Hoc
1164 1569 1364 1633 argumentum
1388 1559 1490 1618 efficax

145 1654 231 1716 esset,
255 1648 279 1703 si
304 1655 381 1705 certo
406 1655 559 1719 constaret,
583 1665 645 1725 cap.
667 1651 715 1708 1⁶2.
739 1649 914 1707 aNehemia
928 1648 1066 1724 scripturn
1083 1663 1156 1706 esse.
1193 1645 1268 1703 Nam
1285 1648 1390 1721 siquis
1407 1645 1491 1705 dixe·

143 1735 189 1805 rit,
212 1733 383 1792 Nehcmiam
408 1737 518 1794 vixisse
541 1736 579 1793 ab
603 1737 762 1794 Artaxerxe
784 1735 965 1809 Lougimano
989 1751 1081 1809 usque
1105 1733 1142 1792 ad
1167 1733 1288 1791 Darium
1312 1733 1439 1791 Nothum
1462 1743 1493 1792 et

143 1822 243 1878 testari
268 1819 303 1879 de
327 1821 416 1879 Dario
440 1822 554 1895 Natho,
579 1822 657 1897 quod
681 1823 736 1880 srrb
760 1825 823 1899 ipso
847 1820 966 1880 Jaddua
995 1820 1194 1898 pontificatum
1217 1824 1353 1896 gesserit,
1377 1828 1490 1879 mortuo

143 1924 213 1965 vero
237 1906 378 1966 Nelremia
399 1907 549 1968 Jadduam
571 1911 599 1966 iu
625 1909 720 1968 officio
743 1912 883 1968 mansisse
906 1909 1030 1967 aDario
1047 1908 1082 1969 N.
1100 1924 1192 1984 usque
1215 1907 1252 1965 ad
1277 1907 1397 1966 Darium
1422 1908 1491 1967 ulti-

143 2012 221 2052 mum
245 2004 274 2053 et
296 1997 410 2054 initium
431 1996 615 2056 monarchiae
633 1996 772 2065 Graecae,
797 1997 878 2067 baec,
896 1999 1024 2070 iuquam,
1048 1998 1071 2053 si
1089 1998 1153 2071 quis
1168 1997 1210 2053 ita
1225 2003 1323 2073 ponat,
1340 2003 1372 2053 ut
1386 2013 1491 2055 nexum

141 2082 300 2158 superioris
323 2087 483 2157 argumenti
508 2084 635 2158 effugiat,
662 2084 711 2142 ille
734 2087 761 2140 in
786 2084 841 2143 lroe
864 2083 1020 2142 absurdum
1040 2083 1156 2153 incidet,
1180 2081 1257 2158 qnod
1275 2100 1309 2140 eo
1326 2085 1388 2159 ipso
1404 2100 1491 2155 anno,

141 2186 201 2243 quo
221 2169 331 2228 Eliasib
354 2188 483 2229 summus
506 2171 635 2248 pontifex
659 2178 788 2228 mortuus
811 2178 863 2242 est,
887 2187 1031 2248 pronepos
1047 2168 1175 2240 daddus,
1199 2172 1362 2246 praeteritis
1377 2174 1492 2242 (contra

142 2272 221 2315 00οι.
235 2257 299 2332 20.)
335 2255 434 2316 Joada
457 2258 518 2317 filio
534 2266 563 2316 et
577 2256 726 2317 Jonathau
742 2266 856 2335 nepote,
880 2259 1052 2316 successerit
1074 2266 1103 2315 et
1126 2256 1324 2333 pontificatum
1344 2263 1403 2316 100
1421 2261 1491 2316 totis
1564 2268 1568 2281 '

141 2345 225 2401 aunis
241 2352 292 2402 aut
308 2344 395 2420 paulo
412 2346 597 2421 paucioribus
613 2344 868 2405 administraverit.
899 2344 972 2402 Nam
988 2345 1163 2402 Artaxerxes
1181 2343 1387 2418 Lougimanus,
1404 2362 1491 2420 quem

143 2427 332 2510 comvnurriter
355 2440 384 2490 et
406 2450 441 2490 ex
465 2435 601 2511 opinione
625 2435 797 2509 opponentis
821 2431 929 2490 lisdrae
952 2439 982 2490 et
1003 2430 1161 2490 Nehcmiae
1185 2430 1270 2503 daut,
1295 2440 1424 2490 mortuus
1447 2441 1492 2491 est

142 2534 218 2575 auno
242 2536 260 2575 0
282 2518 380 2576 soluta
402 2522 571 2597 captivitate
599 2527 668 2593 111,
693 2536 860 2578 successore
883 2515 975 2579 Dario
998 2517 1072 2593 hoc,
1096 2517 1160 2576 finis
1186 2535 1254 2576 vcro
1278 2521 1357 2593 regni
1380 2516 1490 2580 Persici

141 2621 230 2681 supra
252 2605 307 2663 luit
329 2605 438 2665 relatus
460 2606 496 2665 ad
520 2626 547 2665 a.
573 2613 644 2677 206,
671 2608 832 2665 differentia
856 2612 896 2666 94
920 2623 1073 2677 annorum,
1098 2607 1148 2681 qui
1172 2622 1271 2664 omnes
1295 2606 1390 2665 oilieio
1413 2606 1490 2666 aad·

143 2690 217 2750 duae
240 2691 383 2753 cederent.
430 2694 480 2753 Sin
504 2702 602 2754 antem
627 2695 719 2768 dicas,
744 2694 913 2753 Nehcmiam
944 2695 1077 2767 attigisse
1100 2693 1220 2751 Darium
1244 2693 1390 2766 ultimum,
1413 2693 1490 2752 uude

140 2778 202 2837 fieri
225 2782 361 2855 potuerit,
377 2788 409 2838 ut
430 2781 588 2852 Jadduam,
605 2783 652 2857 qui
678 2782 733 2840 sub
757 2781 807 2840 illo
831 2781 921 2839 Dario
946 2783 1057 2853 vixerit,
1081 2781 1110 2837 iu
1127 2781 1296 2857 pontificatu
1316 2781 1491 2841 annotaret?

140 2865 265 2924 Tribues
287 2866 447 2927 Nehcmiae
478 2868 515 2928 ad
544 2872 694 2927 minimum
720 2874 779 2929 100
804 2885 910 2939 00000,
935 2871 958 2926 01
988 2867 1030 2925 1111
1059 2884 1136 2926 0000
1161 2874 1211 2928 00.
1235 2869 1403 2927 Artaxerxis
1432 2885 1490 2927 nou

141 2952 238 3029 plures
263 2959 302 3013 35
333 2954 474 3030 largieris.
520 2956 588 3016 Jam
613 2959 710 3031 cogita
732 2973 869 3031 magnum
892 2956 1004 3014 hiatum
1030 2961 1089 3014 100
1113 2956 1172 3014 iero
1196 2972 1351 3027 annorum,
1384 2957 1490 3031 quibus

141 3049 311 3115 sequeretur
332 3040 502 3102 Nehcmiam
532 3042 603 3103 nihil
626 3053 791 3115 annotasse,
815 3050 1017 3120 praeterquam
1039 3043 1094 3100 sub
1118 3041 1203 3101 linem
1235 3045 1262 3099 in
1287 3060 1375 3118 regno
1398 3043 1491 3104 Darii.

142 3126 227 3200 Quod
260 3145 324 3185 euru
349 3129 517 3189 incredibile
546 3133 600 3201 sit,
626 3139 707 3189 tanto
742 3134 836 3189 minus
859 3131 914 3189 hdo
943 3130 1081 3205 etlrrgium
1103 3138 1184 3208 patet
1206 3137 1361 3206 manetque
1383 3129 1439 3189 hoc
1461 3133 1489 3187 in

141 3231 243 3284 causa,
278 3216 303 3271 si
327 3233 390 3292 cap.
419 3223 467 3279 12.
492 3235 510 3275 a
531 3217 673 3277 Nehcmia
696 3221 833 3296 scriptum
856 3219 908 3289 sit,
939 3219 1103 3276 necessario
1126 3217 1190 3291 ejus
1212 3226 1295 3291 gesta
1319 3219 1347 3274 in
1370 3235 1490 3293 regnum

143 3302 311 3359 Artaxerxis
328 3303 492 3364 Mnemouis
507 3305 642 3377 incidere,
666 3323 720 3365 nec
742 3306 858 3379 longius
874 3323 892 3362 a
907 3304 962 3362 tine
978 3304 1114 3363 Persicae
1138 3308 1291 3381 potestatis
1307 3305 1490 3366 dimovenda.

154 3422 156 3426 -
244 3388 373 3448 'l'ertium
398 3391 537 3468 scaligeri
560 3400 771 3468 argumentum,
817 3391 988 3450 8000001101
1009 3390 1111 3468 Syriae
1132 3409 1250 3467 praeses
1274 3401 1317 3450 est
1331 3392 1490 3452 Nehcmiae

140 3486 316 3534 coaetaneus
341 3477 427 3553 (Nelr.
452 3476 495 3556 4.)
539 3480 583 3551 10,
614 3479 746 3557 Josepho
775 3488 863 3550 teste,
897 3477 1060 3537 Alexandro
1084 3478 1125 3536 M.
1155 3479 1192 3536 ad
1217 3477 1327 3537 Gazam
1352 3478 1488 3539 militavit

142 3570 172 3622 et
193 3564 222 3618 iu
247 3565 348 3621 eastris
364 3573 494 3625 mortuus
510 3573 562 3626 est.
603 3569 720 3625 llistaut
737 3568 909 3625 Artaxerxes
926 3565 1062 3625 Mnemon
1079 3574 1108 3625 et
1124 3565 1322 3639 [longimanus
1336 3569 1421 3624 annis
1437 3574 1489 3638 00,

143 3651 257 3706 initium
276 3649 435 3710 Alexandri
459 3665 487 3713 et
504 3659 554 3712 00.
580 3656 750 3714 Artaxerxis
774 3655 858 3712 aunis
882 3656 931 3724 50,
955 3652 1030 3712 adde
1050 3653 1160 3727 justam
1184 3653 1380 3712 Saneballatis
1403 3671 1489 3730 prae·

140 3735 211 3794 sidis
235 3743 379 3810 aetatem,
405 3758 463 3814 quo
487 3750 616 3817 tempore
638 3741 798 3801 Nelremiae
821 3743 942 3812 restitit,
967 3742 1104 3816 quaesit
1127 3746 1166 3799 30
1190 3758 1347 3799 annorum:
1377 3759 1491 3800 summa

140 3825 228 3898 igitur
257 3827 362 3882 aetatis
385 3826 582 3886 Saneballatis
612 3838 687 3887 esset
721 3833 781 3887 145
805 3845 945 3885 arrnorum
969 3847 987 3886 a
1008 3830 1102 3904 primo
1132 3828 1309 3900 Artaxerxe3
1340 3828 1490 3887 diminutis

140 3918 238 3969 autem
264 3917 303 3968 00
329 3915 427 3985 00010,
459 3924 549 3973 restat
580 3925 662 3973 actas
686 3917 748 3990 ejus
774 3920 813 3974 85
838 3932 996 3987 armorum,
1028 3916 1051 3972 si
1076 3931 1221 3973 murorum
1247 3915 1410 3974 aedificatio
1433 3916 1489 3974 sub

138 3997 329 4055 Artaxerxem
360 3999 483 4059 alterum
507 4003 656 4061 reseratur.
705 4003 744 4061 At
768 4002 953 4060 verisimilius
976 4009 1035 4074 est,
1067 4001 1213 4060 hominem
1237 4002 1383 4060 ethnicum
1408 4019 1490 4062 conr-

137 4102 254 4143 muuem
285 4084 394 4143 homiui
418 4097 543 4147 aetatem
568 4091 684 4161 vivore,
717 4107 804 4165 quam
828 4099 859 4147 ut
883 4107 948 4148 eam
972 4088 1009 4148 ad
1033 4086 1150 4165 duplam
1175 4089 1233 4148 sere
1255 4107 1397 4147 summam
1421 4107 1489 4166 per-

140 4171 258 4231 duxisse
274 4171 395 4231 dicatur.
436 4174 532 4249 Quare
548 4179 572 4234 si
588 4176 757 4237 Saueballat
773 4193 915 4234 summanr
934 4181 973 4236 85
990 4192 1131 4235 annorum
1148 4170 1209 4233 000Ι
1222 4178 1353 4248 excessit,
1371 4181 1488 4236 omnino

139 4276 285 4317 murorum
309 4259 473 4320 aedificatio
498 4263 690 4323 adscribenda
714 4272 757 4321 est
780 4280 857 4322 auno
885 4269 941 4322 151
969 4281 986 4321 0
1009 4261 1106 4321 001010
1136 4265 1323 4338 captivitate,
1354 4281 1411 4322 nou
1437 4271 1487 4325 91.

243 4344 384 4420 Quartum
403 4347 552 4425 Scaligero
576 4358 779 4428 argumentum
802 4350 877 4408 idem
895 4348 1065 4409 Sarreballat
1079 4349 1256 4425 suppeditat,
1280 4368 1337 4424 quo
1354 4359 1489 4428 010000-

137 4433 197 4489 rius
221 4433 416 4493 confirmatur.
463 4437 568 4497 Dicere
591 4455 717 4514 namque
740 4440 902 4514 potuisses,
928 4437 1001 4496 druos
1024 4437 1112 4495 luisse
1136 4436 1375 4510 Sauueballates,
1399 4454 1488 4497 uuum
1597 4500 1601 4505 ,

139 4521 189 4594 qui
212 4519 371 4580 Nelremiae
396 4525 580 4600 ⁸temporibus
612 4528 730 4596 vixerit,
763 4523 885 4583 alterum
914 4527 962 4599 qui
987 4522 1094 4582 viderit
1118 4523 1324 4583 Alexandrum.
1371 4525 1410 4583 At
1432 4526 1489 4585 hoc

138 4616 310 4681 argumento
333 4609 511 4684 probabitur,
535 4613 658 4672 eundem
684 4614 817 4687 utrinque
841 4629 913 4670 esse.
952 4612 1027 4670 Nam
1051 4628 1113 4685 cap.
1141 4617 1188 4671 13.
1213 4610 1369 4669 Nehcmias
1392 4613 1487 4686 refert,

138 4692 286 4769 quomodo
310 4695 427 4769 quidam
453 4716 487 4757 ex
511 4699 620 4758 lamilia
637 4699 758 4757 Eliasibi
782 4702 885 4759 summi
910 4699 1055 4773 paraliticis
1079 4697 1157 4756 illius
1179 4697 1377 4765 sanaballatis
1398 4698 1487 4759 filiam

138 4795 258 4839 uxorem
282 4780 404 4858 duxerit,
429 4803 515 4861 quem
539 4787 606 4847 ideo
621 4786 778 4847 Nehcmias
801 4788 952 4862 provincia
975 4785 1102 4860 ejecerit.
1140 4786 1181 4844 At
1193 4784 1343 4863 Josepbus
1365 4787 1487 4848 eandem
