3284 5520
216 334 281 405 134
723 335 766 391 De
782 332 901 391 ῦοιιιιιιι
918 331 1003 389 libelli
1019 331 1071 391 ΠΙ.

215 515 279 591 ojus
301 530 406 574 manna
429 511 560 574 denotat
598 513 644 574 lie
668 530 737 574 vero
761 512 883 573 dubium
904 509 997 571 ullum
1020 511 1197 590 relinqueret
1216 511 1289 589 and
1303 519 1384 591 agat,
1407 519 1473 574 toto
1488 512 1581 575 dura·

213 603 303 661 tionis
326 609 458 679 tempore
481 600 607 662 caudam
630 618 733 660 versus
756 599 863 660 Ursam
885 600 1029 674 extendit,
1056 603 1100 660 sie
1126 607 1320 678 attemperata
1341 600 1423 661 illius
1443 600 1580 679 longitu-

215 689 282 749 dlne
305 688 343 748 ad
358 706 442 748 suam
465 690 503 749 ab
520 687 597 748 Ursa
621 687 799 761 distantiam,
823 695 857 747 ιιι
878 704 914 748 ea
936 704 1051 765 semper
1065 685 1172 749 Ursam
1194 687 1424 765 demonstraret,
1447 697 1580 751 remotus

214 780 291 837 enlm
312 775 515 852 longissimam
538 775 677 848 extendit,
701 777 943 854 appropinquans
964 776 1152 836 abbreviavit
1174 774 1352 852 tandemque
1374 794 1466 855 super
1483 792 1578 854 equos

214 863 344 923 Plaustri
367 866 511 924 transiens
534 863 678 941 paulatim
700 879 816 925 omnem
840 864 961 922 crinium
983 861 1182 939 prolixitatem
1202 865 1312 940 posuit,
1336 867 1422 941 qnasi
1440 880 1521 941 quae
1534 863 1579 924 illi

212 968 299 1028 porro
321 951 395 1010 nulli
417 954 456 1010 sit
475 953 543 1010 usui
558 950 597 1010 ad
612 950 830 1010 monstrandam
847 948 962 1024 Ursam,
986 967 1075 1026 quam
1094 951 1157 1026 J‘anr
1180 952 1244 1028 ipse
1266 953 1364 1029 capito
1386 959 1450 1012 erat
1472 969 1601 1031 super-4

213 1055 343 1115 messus.
384 1038 489 1115 Itaque
512 1041 536 1098 si
560 1037 783 1115 conjectandum
806 1045 852 1097 ιιι
875 1054 911 1096 ex
933 1038 1121 1114 imaginibus,
1143 1037 1201 1098 boc
1223 1053 1308 1115 opus,
1333 1038 1382 1099 bic
1402 1037 1490 1098 labor
1512 1041 1576 1114 erit,

213 1132 247 1184 nt
273 1129 417 1200 sciamus,
448 1125 519 1202 quid
544 1122 619 1185 Ursa
645 1142 741 1186 rerum
768 1132 933 1185 normarum
962 1125 1091 1186 denotet.
1135 1122 1213 1185 Ursa
1241 1127 1393 1186 nauticum
1414 1124 1499 1185 sidus
1522 1135 1576 1202 est,

214 1210 290 1273 Ursa
320 1215 436 1273 rusticis
463 1214 631 1286 notissima,
662 1212 832 1272 Plaustrum
853 1214 885 1269 in
907 1229 943 1272 ea
964 1214 1106 1272 rusticum
1129 1220 1175 1272 est
1196 1214 1435 1288 instrumentum,
1463 1223 1578 1292 septem

214 1300 279 1377 ejus
310 1300 414 1360 stellae
443 1302 636 1377 septentrioni
663 1316 771 1360 nomen
793 1319 812 1359 a
834 1307 947 1375 septem
975 1301 1070 1361 bobus
1099 1301 1302 1361 triturantibus
1324 1300 1441 1361 dedero.
1490 1304 1576 1364 Anne

213 1389 302 1463 igitur
333 1394 447 1448 cometa
476 1387 720 1467 septentrionales
748 1395 929 1463 argonautas
951 1387 1168 1464 expeditionem
1190 1393 1379 1465 suscepturos
1400 1388 1576 1465 portendit?

213 1476 263 1533 An
291 1475 419 1552 populos
449 1476 656 1552 septentrionis
688 1473 726 1534 ad
756 1475 814 1534 sibi
844 1473 1009 1534 cavendum
1031 1493 1051 1535 a
1072 1473 1169 1535 cauda
1197 1476 1322 1535 tortuosi
1352 1474 1488 1537 ιιιιιιιιιι
1518 1475 1576 1537 ad-

213 1562 336 1623 mouet?
369 1564 417 1621 An
441 1566 588 1635 triturare,
612 1561 872 1637 frugescoiligere
894 1567 924 1620 st
946 1561 1108 1622 sterilitatis
1130 1578 1274 1622 annorum
1295 1577 1424 1640 septem,
1455 1563 1496 1623 ad
1516 1581 1576 1623 nu·

212 1662 323 1711 merum
352 1649 474 1710 totidem
504 1648 657 1710 stellarum
689 1649 870 1725 totidemque
897 1649 986 1708 bourn
1014 1652 1044 1707 in
1075 1651 1190 1709 somnio
1217 1648 1344 1728 Josepbi
1375 1651 1574 1729 Aegyptiace,

190 1736 346 1801 ‚subsidia
368 1754 538 1814 comparare
557 1736 666 1812 jubet?
698 1738 758 1796 Αιιι
781 1735 920 1813 quidnam
944 1746 988 1797 ost
1010 1735 1083 1795 illud
1096 1735 1233 1813 speciale,
1257 1736 1336 1815 quod
1350 1747 1468 1814 praeter
1481 1756 1576 1814 gene-

212 1824 287 1884 ralia
313 1842 403 1900 supra
431 1825 580 1901 explicata
608 1831 722 1884 cometa
744 1821 849 1884 Ursam
879 1830 1045 1883 monstrans
1072 1825 1245 1883 nunciatum
1271 1824 1379 1885 veuit?
1411 1824 1502 1886 Dicat
1525 1827 1576 1902 qui

211 1914 346 1990 spiritum
361 1912 419 1972 Dei
441 1911 541 1986 habet,
565 1927 620 1986 ogo
644 1912 876 1987 conjecturarum
892 1928 1022 1972 mearum
1037 1911 1234 1971 infirmitatem
1249 1915 1334 1971 unice
1347 1919 1450 1973 ιιοιιιιι
1466 1912 1576 1975 babeo.

317 1999 394 2058 Nam
417 1999 496 2076 quod
518 2002 604 2077 sigua
628 1999 702 2059 coeli
720 2001 834 2074 attinet,
858 2016 924 2059 cum
940 2008 1056 2059 cometa
1070 1998 1235 2076 Scorpium,
1259 1999 1390 2074 Libram,
1412 1999 1576 2077 Virginem,

164 2158 168 2165 1
213 2085 352 2161 Leonem,
378 2086 542 2163 Cancrique
564 2087 669 2145 ultima
691 2089 878 2164 percurrerit,
902 2084 1016 2146 nullum
1040 2088 1129 2163 Igitur
1144 2088 1260 2162 signum
1276 2094 1330 2160 est,
1353 2086 1434 2163 qnod
1448 2100 1511 2147 non
1524 2104 1578 2165 per

214 2172 436 2250 quadrangulos
458 2174 497 2233 ad
520 2176 579 2234 ista
600 2174 750 2249 reseratur,
772 2172 871 2233 nullus
893 2173 992 2247 locus,
1015 2172 1098 2233 nulla
1119 2175 1289 2251 provincia,
1313 2177 1360 2234 cui
1382 2173 1439 2237 hae
1460 2177 1577 2237 ratione

212 2276 272 2320 non
294 2262 440 2338 significet
462 2270 585 2322 cometa
622 2261 687 2320 Etsi
709 2263 785 2321 euim
809 2265 838 2319 in
861 2261 952 2321 Libra
974 2268 1072 2320 motus
1094 2267 1227 2322 cometae
1243 2261 1457 2336 velocissimus,
1480 2262 1578 2324 undu

213 2349 388 2425 longissima
410 2351 480 2422 suit,
505 2348 543 2409 ad
567 2350 715 2409 Ananiam
737 2357 853 2419 tamen,
878 2366 955 2424 qnae
976 2349 1033 2408 sub
1055 2348 1146 2408 Libra
1168 2356 1318 2422 censetur,
1350 2366 1407 2426 ego
1428 2358 1577 2411 cometam

115 2429 119 2437 ’
212 2453 271 2495 uon
295 2444 413 2514 propter
435 2437 554 2497 Libram
577 2437 685 2510 resero,
714 2436 766 2497 sed
789 2435 998 2512 multomagis
1021 2441 1139 2513 propter
1161 2434 1330 2513 Scorpium,
1359 2435 1437 2496 uude
1459 2446 1577 2499 cometa

213 2531 311 2598 ortus,
335 2532 365 2584 et
387 2524 547 2599 Gancmm,
578 2541 717 2601 quorsum
739 2542 772 2584 se
794 2524 912 2600 recepit.
957 2523 1054 2584 Notae
1077 2528 1145 2582 aunt
1167 2522 1327 2584 lectoribus
1348 2525 1423 2586 meis
1444 2526 1577 2586 rationes

212 2628 311 2672 ureae:
336 2612 416 2688 quod
437 2613 607 2689 provinciae
630 2614 723 2689 signis
745 2612 852 2688 subjici
874 2617 1022 2687 nequeant
1043 2610 1266 2685 rationabiliter,
1289 2612 1347 2671 nisi
1367 2610 1441 2671 torte
1456 2619 1577 2692 propter

211 2714 337 2777 geneses
366 2701 588 2776 imperantium,
620 2697 656 2759 de
687 2700 794 2776 quibus
821 2699 884 2774 jam
911 2698 997 2774 plura
1025 2697 1129 2757 dicam.
1176 2697 1307 2757 Primum
1328 2700 1407 2758 euim
1428 2707 1577 2761 cometam

213 2786 378 2862 obscurum,
402 2789 454 2864 qui
477 2804 576 2847 mense
593 2785 758 2862 Septembri
781 2804 816 2847 ex
840 2785 942 2846 Leone
964 2784 1154 2845 lucanorum
1176 2783 1347 2860 motns'est,
1370 2789 1471 2846 atatim
1486 2800 1578 2849 seen·

211 2879 260 2934 tae
284 2882 353 2932 sunt
374 2882 484 2935 mortes
507 2875 628 2934 fratrum
650 2873 847 2951 Imperatrieis
871 2879 901 2934 et
923 2873 1119 2949 Imperatoris,
1144 2872 1324 2934 Murohionis
1346 2889 1387 2933 sc
1403 2874 1578 2952 Burgaviae

212 2967 241 3021 ιι
263 2960 461 3022 Maximiliani
476 2960 659 3031 Archiducis,
684 2963 735 3037 qui
758 2978 823 3020 curn
848 2978 882 3021 ox
906 2962 1001 3037 pactis
1023 2960 1154 3020 iamdiao
1175 2976 1375 3020 successorem
1395 2963 1425 3019 in
1446 2961 1578 3022 adrului-

212 3050 352 3108 stretione
383 3052 540 3109 comitatus
569 3047 746 3122 Tirolensie,
777 3050 904 3124 partium
928 3047 1057 3107 Sueviae
1084 3055 1113 3106 et
1136 3047 1304 3124 Burgaviac
1335 3048 1472 3109 babuerit
1493 3048 1578 3110 Lce-

210 3135 352 3215 poldum,
381 3135 479 3195 Caroli
503 3135 595 3193 lilium
617 3135 747 3194 seeundo
769 3137 917 3212 genitum,
951 3137 980 3193 in
1002 3134 1160 3194 Teutonici
1187 3151 1257 3195 vero
1279 3133 1391 3195 ordinis
1412 3135 1578 3198 ditionibus

214 3221 351 3281 Carolum
376 3224 440 3300 ojus
463 3223 579 3283 fratrem
603 3224 761 3296 minorem,
786 3222 986 3294 Archiduccs,
1010 3224 1190 3298 Episcopos,
1221 3221 1304 3282 illum
1327 3224 1576 3299 Argentinensem

214 3316 244 3369 et
259 3308 494 3385 Passaviensem,
518 3310 595 3370 iruuc
610 3310 885 3389 Vratislaviensem,
908 3326 963 3369 neo
984 3317 1087 3369 secuta
1109 3311 1261 3370 sitacus
1284 3311 1484 3388 exspectanda
1506 3315 1576 3389 qni·

214 3396 280 3458 dem
311 3397 446 3458 videatur
475 3396 576 3474 aliqua
606 3400 732 3457 mutatio
761 3406 855 3457 status
885 3400 914 3454 iu
943 3397 1028 3455 dictis
1054 3398 1231 3473 provinciis,
1263 3397 1302 3456 ad
1329 3406 1463 3459 cornetae
1485 3401 1577 3475 igitur

213 3484 379 3560 significata
405 3492 513 3546 mortes
535 3487 609 3544 istae
633 3482 819 3565 (quanquam
842 3484 950 3544 Leonis
972 3485 1089 3560 signum
1111 3486 1141 3541 in
1164 3492 1229 3543 ortu
1252 3483 1447 3545 Maximiliani
1469 3482 1576 3568 luerit)

213 3588 271 3631 non
295 3590 471 3649 magnopere
495 3571 631 3631 videntur
652 3571 832 3633 referendae.
873 3571 1058 3645 Adiungatnr
1079 3572 1167 3647 igitur
1181 3572 1218 3630 iis
1235 3571 1373 3631 tilbertus
1389 3572 1575 3634 Friedericns

213 3659 372 3719 Bornssiae
395 3661 478 3734 Dux,
508 3658 659 3719 eiumilia
681 3659 1002 3734 Brandenburgicornm
1024 3657 1242 3732 Marcbionum,
1274 3660 1359 3735 cujus
1380 3663 1574 3738 provinciam,

214 3748 297 3822 regni
318 3746 462 3807 Poloniae
492 3746 629 3818 feudum,
662 3749 770 3806 tutorio
800 3749 933 3821 nomine,
967 3745 1046 3821 quod
1076 3747 1199 3822 principi
1228 3763 1312 3805 mens
1334 3763 1393 3807 non
1414 3757 1575 3823 constaret,

211 3833 354 3893 hacteuus
378 3836 478 3911 agnati
500 3835 625 3912 proximi
648 3835 856 3910 gubernarunt
895 3833 964 3893 Jam
990 3832 1100 3892 dudum
1121 3849 1193 3893 vero
1216 3841 1358 3893 certatum
1379 3834 1435 3893 fuit
1451 3835 1489 3895 da
1503 3850 1575 3897 suc-

213 3922 354 3994 cessione,
378 3922 562 3982 variantibus
584 3922 746 3982 incolernm
769 3920 888 3993 studiis,
912 3922 1014 3995 itaque
1038 3918 1227 3997 cogitandum
1251 3920 1386 3997 adeoque
1409 3920 1575 3998 deprecan-

213 4007 298 4081 dum,
329 4026 368 4069 ue
398 4008 469 4086 quid
497 4026 656 4086 prunarum
684 4009 740 4068 sub
769 4008 828 4068 illis
855 4008 1001 4067 cineribus
1030 4007 1128 4068 latens
1156 4010 1185 4065 in
1208 4007 1331 4084 aliquod
1352 4009 1520 4071 incendium
1543 4018 1574 4070 ιι

211 4096 370 4173 perniciem
399 4099 495 4175 gentis
518 4103 659 4174 erumpat.
704 4096 796 4156 Erant
817 4094 861 4154 illi
882 4096 1005 4172 principi
1029 4094 1123 4170 Mars,
1154 4094 1258 4175 Luna,
1285 4094 1404 4174 Jupiter
1423 4097 1521 4173 juncti
1542 4101 1573 4158 in

211 4183 268 4244 tine
291 4183 411 4244 Leonis.
810 4239 812 4243 .

316 4269 386 4331 Jarn
415 4288 481 4331 curn
509 4271 636 4329 maxime
664 4270 800 4347 flagraret
828 4275 944 4328 cometa
975 4270 1093 4342 tertius,
1131 4271 1257 4330 excessit
1285 4272 1374 4331 Anna
1395 4271 1574 4349 Imperatrix

211 4356 347 4435 Angusta
375 4367 441 4436 post
470 4358 636 4417 diuturnum
666 4360 799 4417 morbum
829 4366 859 4417 ιι
889 4373 955 4415 curn
985 4373 1021 4415 oa
1050 4354 1157 4416 cecidit
1179 4358 1265 4435 stirps
1289 4358 1485 4431 I'erdinuudi,
1519 4361 1571 4436 qni

212 4443 346 4506 Caesaris
368 4446 545 4506 Ferdinandi
567 4445 645 4504 iilius
669 4453 732 4505 erat
754 4443 883 4505 seeundo
906 4446 1032 4520 genitus.
1069 4443 1145 4503 Nam
1168 4462 1244 4521 quae
1267 4455 1424 4524 supersunt
1444 4464 1572 4522 sorores,

212 4548 264 4591 ιιι
300 4533 481 4594 secularibus
516 4533 751 4611 possessionibus
786 4531 990 4591 valedixerunt
1027 4529 1145 4589 dudum.
1198 4532 1307 4592 Secuta
1338 4533 1384 4593 ιιι
1413 4541 1483 4611 post
1512 4541 1573 4596 tres

211 4635 327 4681 menses
359 4638 437 4681 mors
465 4623 594 4680 omnium
621 4620 842 4681 luctuosissima
869 4617 1014 4678 Matthiae
1041 4618 1115 4694 Imp.
1143 4617 1286 4695 Augusti,
1322 4620 1386 4680 orbi
1413 4625 1572 4699 superstite

212 4724 248 4766 ex
269 4714 353 4784 patre
367 4708 570 4769 Maximiliano
584 4708 669 4786 Imp,
693 4705 871 4769 I'erdiuandi
885 4706 959 4782 Imp.
984 4706 1199 4782 primogenito,
1222 4708 1310 4769 sratra
1333 4710 1422 4768 unico
1437 4707 1571 4784 Albsrto,

210 4793 308 4872 Belgii
337 4797 549 4873 gubernatore,
580 4813 651 4857 senc
680 4804 712 4856 ιι
737 4797 826 4873 orbo,
860 4801 891 4856 et
918 4811 956 4854 ex
982 4808 1082 4856 sorore
1112 4793 1214 4872 Αιιιι,
1247 4794 1420 4877 nepotibus,
1450 4797 1572 4875 regibus
