3284 5520
210 318 277 386 25ss
696 310 834 384 Tychonls
852 310 1064 383 Hyperaspistes

211 494 299 555 tidem
327 493 501 566 habeamus,
532 490 589 551 hoc
618 499 663 551 551
685 501 717 551 51
740 490 907 552 videntibus
929 491 1022 553 oculis
1044 507 1148 552 coecos
1171 508 1226 550 nes
1247 454 1446 569 profiteamur.
1491 492 1570 554 Nam

212 590 377 642 monstrosa
399 579 517 656 quidem
540 589 586 638 est
609 582 726 638 omnino
748 576 960 656 5555555156υ
983 582 1012 637 in
1035 587 1094 639 tam
1114 587 1195 639 arcta
1215 578 1315 640 circuli
1330 582 1451 641 maximi
1466 590 1570 642 custu-

212 670 269 742 dla,
293 669 483 727 monstrosior
505 675 603 726 tamen
626 666 717 726 multo
741 665 948 726 demonstratio
972 666 1023 727 illa
1038 666 1238 740 Claramontii,
1261 668 1300 728 ad
1323 686 1411 744 quam
1434 668 1482 728 hic
1497 686 1569 746 pro·

214 765 314 829 55551,
342 758 412 829 1511,
444 772 510 815 oum
532 770 621 831 supra
643 772 679 813 ex
702 752 858 814 collatione
882 770 940 813 non
964 755 1202 814 observationum
1223 755 1276 815 sed
1298 755 1430 816 locorum
1451 755 1570 836 ecliptl-

212 862 310 905 corum
333 842 483 920 Tyehonis
505 849 536 902 51
557 841 736 918 [landgravii
758 840 921 918 parallaxin
946 840 1027 900 illam
1050 851 1219 902 exstrueret.

318 932 369 991 35.
408 930 533 990 Desinat
556 928 681 1006 denique
703 928 899 1002 rhetoroulus,
931 931 982 1004 qui
1004 929 1139 1006 Tyoheni
1161 929 1338 990 rhetoricum
1360 931 1490 992 colerem
1513 932 1568 991 oh·

208 1022 283 1097 jlcit,
308 1023 503 1096 importunam
525 1019 674 1077 instituere
697 1019 945 1092 comparationem
968 1019 1042 1076 inter
1055 1016 1320 1092 Regiomontrmum
1342 1026 1372 1077 51
1386 1017 1569 1096 Tychonem.

213 1107 357 1184 Equidem
372 1105 606 1182 Regiomontauo
621 1103 723 1183 Tycho
746 1103 901 1182 plurimum
925 1104 1034 1175 tribuit,
1058 1105 1248 1182 multiplicem
1271 1107 1299 1163 in
1323 1121 1359 1166 eo
1373 1105 1569 1173 eruditionem

213 1197 322 1273 passim
343 1193 533 1270 praedicavit,
555 1194 665 1269 ingenii
687 1191 814 1269 palmam
835 1194 893 1271 ipsi
916 1193 1003 1251 cessit
1018 1191 1103 1265 ultro,
1127 1195 1262 1268 peritiam
1277 1203 1374 1252 tamen
1389 1194 1569 1254 iustrumen-

212 1290 315 1356 torum,
331 1280 370 1341 ad
386 1282 605 1342 observationes
621 1282 747 1341 maxime
763 1279 942 1351 idoneorum,
959 1287 989 1338 et
1003 1277 1206 1341 dexteritatem
1222 1283 1251 1338 lu
1267 1279 1452 1340 observando
1466 1280 1569 1360 Tycha

211 1371 266 1430 sihi
292 1371 479 1447 praeeipuam
501 1369 650 1429 vindicare
674 1375 702 1429 et
721 1367 788 1444 jure
809 1369 906 1445 potuit
928 1375 957 1426 et
977 1368 1014 1426 55
1031 1369 1162 1426 veritatis
1178 1385 1306 1428 amorem
1322 1370 1440 1427 omnino
1456 1367 1568 1428 debuit.

320 1458 371 1517 36.
409 1456 509 1517 115555
531 1473 572 1517 55.
596 1457 668 1534 ipsis
689 1453 893 1533 loquentibus,
924 1456 1024 1531 inepta
1055 1463 1100 1514 est
1129 1464 1158 1514 et
1187 1457 1255 1514 vilis
1278 1459 1305 1514 in
1329 1455 1495 1516 coufitendo
1520 1454 1569 1515 vel

213 1547 302 1606 etiam
325 1547 354 1603 iu
377 1542 540 1623 profitendo
562 1552 591 1604 et
614 1541 777 1620 arrogando
800 1541 954 1602 modestia.
991 1542 1053 1603 Nec
1072 1546 1149 1601 enim
1165 1544 1220 1600 uiri
1236 1555 1281 1603 est
1297 1545 1415 1619 ingenui
1431 1550 1461 1603 et
1473 1544 1568 1619 tortis,

212 1631 350 1693 simulato
372 1632 581 1692 moderationis
603 1647 702 1691 amore
724 1632 767 1691 sic
788 1646 890 1690 auram
912 1638 1030 1706 capture
1052 1630 1238 1706 popularem,
1270 1639 1303 1689 ut
1333 1631 1447 1689 interim
1472 1649 1569 1692 rerum

211 1728 374 1797 gestarum,
407 1719 465 1780 hoc
497 1727 543 1779 est
575 1718 813 1779 observationum
846 1718 953 1776 veritas
986 1733 1040 1776 suo
1076 1717 1241 1778 destruatur
1269 1719 1441 1795 patrocinio.
1488 1716 1570 1794 Q'uid

185 1807 337 1868 0multis‘l
369 1805 436 1868 Stat
458 1823 557 1867 coram
579 1805 636 1866 hoc
654 1804 767 1882 judicio
791 1813 869 1864 totus
891 1803 1013 1864 fixarum
1035 1807 1194 1879 exercitus,
1224 1805 1481 1867 observationibus
1503 1796 1571 1884 Tyss

213 1897 315 1956 555515
336 1910 462 1971 perenne
485 1900 515 1953 et
536 1891 734 1970 irrefragabile
756 1892 911 1970 perhibens
934 1895 1145 1965 testimonium,
1168 1893 1248 1970 quod
1271 1896 1387 1971 quoties
1409 1910 1492 1953 serus
1514 1912 1571 1954 ac·

213 1982 311 2042 cendit
333 1980 445 2041 lumina
466 1997 581 2057 vesper,
605 1996 780 2056 cognoscere
802 1987 926 2058 possunt
949 1996 1064 2056 omues,
1088 1982 1139 2058 qui
1162 1998 1247 2040 usum
1271 1981 1432 2057 legitimum
1455 1982 1571 2041 instru-

130 2100 133 2105 ,
214 2078 376 2130 mentorum
399 2067 588 2143 laboremque
610 2071 640 2125 in
663 2084 698 2128 eo
723 2084 781 2126 non
805 2077 985 2126 aversantur.
1031 2067 1108 2127 Vide
1132 2066 1167 2128 de
1190 2068 1246 2129 555
1268 2067 1317 2129 iol.
1342 2069 1415 2132 295.
1438 2075 1519 2128 tomo
1542 2067 1569 2127 1.

214 2155 411 2234 Epistularum
434 2154 601 2232 loquentem
624 2157 719 2232 ipsum
742 2154 922 2232 Tychonem.

318 2244 369 2307 37.
406 2242 451 2303 De
474 2244 679 2303 5555155551
705 2244 798 2302 1556.
820 2243 942 2302 seorsim
966 2242 1029 2316 agit
1051 2239 1276 2316 claromontius,
1300 2242 1433 2303 diurnum
1459 2240 1515 2302 1u⁰
1539 2245 1572 2303 in

212 2340 416 2408 argumentum
438 2329 556 2391 trahens
578 2328 636 2390 loci
652 2329 834 2403 sublunaris,
858 2338 930 2405 puta
945 2332 1033 2388 natus
1048 2327 1167 2403 adhoc,
1190 2336 1223 2389 51
1239 2329 1416 2391 5555515155
1431 2331 1572 2391 omnibus

213 2420 272 2479 lere
294 2416 493 2496 paragraphis,
518 2417 652 2478 omnibus
675 2416 772 2478 verbis
793 2416 951 2495 'l'yohonis

320 2510 370 2565 38.
401 2504 497 2584 Supra
518 2522 583 2565 cum
599 2505 702 2583 Tyoho
725 2503 934 2581 probabilitate
957 2502 1013 2563 hac
1036 2510 1165 2562 uteretur
1179 2504 1209 2560 in
1224 2505 1410 2582 eontrarium,
1434 2522 1471 2565 ex
1486 2514 1572 2564 motu

86 2596 96 2606 “
212 2592 296 2661 tardo
319 2591 415 2652 locum
431 2592 598 2652 aethereum
614 2590 764 2669 colligens,
787 2591 1001 2651 claramontius
1024 2597 1125 2649 centra
1144 2592 1268 2667 excepit,
1290 2599 1493 2677 argumentum
1515 2610 1573 2652 ex·

215 2680 318 2761 ploait‚
340 2682 537 2740 necessarium
559 2679 632 2740 nihil
655 2681 759 2739 inlerrc
782 2678 863 2738 dixit
899 2677 968 2738 Jam
992 2694 1057 2737 eum
1080 2683 1110 2737 et
1132 2679 1195 2755 ipse
1220 2685 1352 2747 versetur
1372 2682 1401 2737 in
1425 2679 1573 2756 augendis

215 2770 276 2828 suis
299 2768 613 2842 demonstrationibus,
642 2769 767 2845 egregiis
790 2775 862 2845 puta
886 2765 957 2839 illis,
988 2782 1039 2824 cur
1061 2764 1171 2841 legem,
1200 2783 1290 2841 quam
1313 2768 1425 2826 eaucire
1447 2765 1573 2827 volebat

213 2854 356 2933 'l'ychoni‚
379 2872 437 2916 uon
460 2862 560 2916 servat
582 2857 659 2933 ipse,
682 2871 733 2914 cur
753 2870 812 2913 non
836 2854 918 2913 aliert
940 2851 1126 2912 necessaria?
1149 2869 1200 2912 cur
1221 2852 1376 2930 gloriatur,
1399 2861 1432 2915 ut
1455 2853 1491 2915 de
1515 2853 1573 2914 de-

214 2944 433 3015 monstratione,
457 2943 537 3019 quod
561 2946 587 3000 in
612 2942 668 3002 hoc
690 2948 861 3016 argumento
884 2957 941 2999 555
958 2941 1035 3017 prior
1050 2939 1119 3013 lecit
1133 2939 1262 3018 'l'yoho‘l
1290 2941 1396 3019 155115,
1419 2943 1473 3015 515,
1495 2941 1573 3001 boec

213 3029 249 3089 de
277 3030 422 3104 analogia
451 3033 531 3088 inter
559 3037 658 3090 metas
685 3036 713 3087 51
734 3029 800 3088 1555
822 3045 921 3087 merae
942 3044 1048 3104 parrae
1069 3035 1097 3085 et
1117 3028 1264 3104 falsitates
1287 3028 1467 3088 arbitratur.
1512 3027 1573 3103 Tu,

215 3121 343 3192 inquam,
368 3118 392 3174 15
408 3133 448 3190 55,
473 3118 523 3191 551
546 3134 635 3194 supra
657 3117 733 3176 hanc
749 3134 767 3175 a
782 3114 922 3193 Tyahene
946 3114 1107 3174 adhibitam
1130 3123 1162 3174 at
1184 3115 1270 3174 simul
1286 3124 1314 3175 et
1329 3116 1483 3175 limitatam
1497 3133 1573 3192 pro·

216 3202 398 3263 babilitatem
420 3219 519 3281 gerrae
541 3210 571 3263 et
592 3220 686 3279 nugae
708 3221 739 3263 55
762 3203 932 3274 arbitratus,
962 3219 1016 3262 555
1039 3200 1267 3263 moderationem
1291 3202 1450 3279 dogmatis,
1480 3221 1573 3280 quam

214 3290 373 3351 inculcavit
388 3289 500 3368 Tyeho,
524 3291 684 3364 attendisti,
708 3308 783 3350 nunc
805 3298 961 3366 postquam
985 3306 1061 3364 quae
1084 3290 1227 3365 rejeceras
1251 3293 1313 3366 ipse
1342 3292 1395 3350 tibi
1418 3290 1574 3369 sequenda

215 3394 325 3451 censes,
348 3379 436 3437 miser
450 3377 552 3455 Tycha
575 3396 641 3438 eum
664 3396 718 3437 sua
740 3377 939 3437 moderatione
962 3377 1008 3435 bis
1024 3384 1084 3437 515
1106 3377 1228 3454 vapulat
1243 3395 1279 3437 ex
1295 3380 1392 3439 causis
1407 3379 1572 3439 5551555115.

321 3467 371 3525 39.
401 3464 484 3540 Quae
508 3468 536 3525 in
559 3465 642 3526 coelo
667 3466 836 3536 discurrunt,
862 3482 897 3524 55
920 3464 1011 3523 libera
1033 3463 1109 3536 lerri,
1133 3481 1388 3541 quorsumcunque
1404 3467 1574 3538 incitentur,

218 3553 327 3628 impetu
349 3552 487 3625 naturali,
510 3553 613 3630 'l'ycho
637 3552 724 3626 dixit;
749 3560 780 3611 tu
803 3551 877 3612 haec
901 3553 944 3610 aie
968 3567 1032 3611 esse
1055 3553 1200 3611 55515555
1215 3554 1260 3626 115,
1285 3554 1451 3629 5555511115
1465 3551 1573 3631 Tyeho

215 3638 252 3698 de
275 3637 373 3712 eaelo,
406 3657 517 3714 negans
540 3639 571 3699 id
594 3657 658 3700 5555
681 3640 826 3717 particeps
849 3638 1024 3715 qualitatum
1048 3637 1278 3699 elementarium.
1323 3638 1380 3715 Qui
1402 3643 1459 3714 515,
1492 3640 1574 3700 5555

216 3727 274 3799 55,
298 3726 466 3786 5551555151
499 3725 615 3802 Quidve
637 3728 707 3787 lacit
729 3726 767 3786 ad
789 3733 923 3786 naturam
946 3729 1121 3786 continentis
1144 3727 1286 3789 naturalia
1308 3727 1452 3804 impetus,
1481 3726 1572 3788 velox

216 3831 254 3872 55
278 3813 377 3872 tardus
401 3814 582 3874 continenti?

320 3902 372 3959 40.
402 3900 495 3974 Facit,
519 3905 626 3978 inquis,
651 3901 763 3963 coelum
787 3900 940 3977 liquidum,
964 3899 1044 3977 quod
1067 3910 1111 3961 eet
1133 3903 1209 3961 adria
1232 3909 1261 3961 et
1284 3918 1379 3977 aquae
1394 3909 1461 3976 515,
1484 3910 1516 3961 51
1539 3909 1572 3961 15

215 3989 287 4049 15515
312 3987 432 4062 durum,
464 3988 542 4064 quod
565 4000 610 4050 cst
631 3998 725 4050 terrac
748 3999 778 4052 et
799 4006 946 4050 saxorum.
992 3988 1067 4049 Sunt
1087 3988 1144 4049 hae
1168 3988 1347 4050 diliereutiae
1370 3991 1513 4066 eorporis,
1539 3997 1572 4049 ut

215 4092 331 4152 corpus,
355 4091 413 4134 non
437 4093 507 4136 vero
532 4083 563 4136 51
585 4076 635 4137 551
656 4077 783 4138 55515515
806 4075 854 4137 551
877 4077 1062 4137 elementata.
1100 4075 1192 4136 Aliud
1212 4084 1256 4137 est
1271 4075 1416 4154 pollucere
1430 4084 1460 4138 51
1476 4093 1573 4154 peue-

215 4165 296 4242 trari‚
319 4162 400 4222 aliud
422 4162 520 4236 fluere,
544 4167 605 4241 pati
628 4173 657 4225 et
679 4168 832 4243 corrumpi,
877 4163 968 4224 Aliud
991 4171 1044 4237 551,
1068 4163 1169 4225 cedere
1193 4166 1305 4241 corpori
1329 4164 1450 4225 coelesti
1471 4163 1572 4225 locum

216 4250 359 4322 curriculi,
384 4249 464 4310 aliud
487 4252 613 4328 recipere
637 4269 772 4330 corpora,
797 4270 832 4313 ex
856 4253 914 4311 ime
938 4251 1148 4312 elementorum
1170 4251 1251 4312 15555
1274 4251 1442 4312 exhalantia
1464 4269 1572 4329 supra·

216 4356 273 4418 que
296 4344 459 4415 compacta,
482 4345 515 4397 ut
536 4347 704 4416 putrescant
726 4343 837 4401 iterum.

322 4434 372 4486 41.
409 4425 513 4504 Tyeho
543 4443 663 4486 causam
691 4426 780 4500 dixit,
810 4443 861 4488 eur
889 4426 1104 4506 probabilitatis
1133 4425 1300 4502 analogiam
1330 4442 1388 4485 non
1419 4427 1509 4487 etlam
1532 4425 1573 4487 ad

219 4522 316 4573 cetera
338 4515 393 4574 suh
418 4513 532 4574 Lunam
555 4513 679 4575 locanda
702 4515 856 4575 extendat:
881 4515 951 4591 qula
973 4521 1088 4574 cometa
1109 4513 1573 4575 5551855515151151155155

216 4617 305 4678 supra
327 4600 435 4662 Solem.
482 4600 696 4662 claramontiue
727 4602 846 4677 clamat,
876 4602 1047 4679 'lychonem
1076 4609 1263 4662 occoeoatum
1295 4618 1393 4662 amore
1416 4603 1572 4678 positionis

217 4687 406 4758 hecdicus,
431 4688 499 4749 dum
523 4706 580 4749 555
605 4689 704 4751 videat
726 4707 758 4749 se
779 4691 953 4768 principium
975 4700 1091 4767 petere,
1115 4692 1185 4766 quin
1209 4688 1245 4750 de
1267 4689 1324 4751 hoc
1347 4691 1443 4766 queri,
1473 4695 1573 4750 utrum

217 4784 333 4837 cometa
354 4776 462 4853 aliquls
484 4779 513 4835 iu
536 4775 620 4838 55515
643 4794 708 4838 esee
729 4779 831 4854 possit
