3284 5520
572 344 631 402 nib.
650 344 671 399 1.
699 344 811 400 Cometa
827 343 892 398 anni
913 343 990 401 teni.
1374 328 1377 335 Ι
1419 342 1462 410 57

99 527 191 602 EGF,
221 524 301 587 EGF
333 532 402 587 sunt
428 523 578 600 aequales.
623 521 684 583 Sed
706 520 786 581 EGI'
813 527 860 582 est
887 538 1024 582 mensura
1046 528 1143 582 motus
1166 520 1261 582 diurni
1283 523 1460 600 apparentis,

98 625 127 676 et
149 614 175 675 G
198 622 244 675 est
264 623 405 692 punctum
427 615 457 671 in
480 613 613 691 portione
635 610 816 687 trajectionis
837 608 959 670 diurnae
975 610 1048 669 DB:
1071 616 1153 686 patet
1175 627 1245 688 ergo
1267 612 1459 687 propositum.

631 775 823 847 Tneerema
851 772 932 844 vttt.

209 892 306 952 Terra
326 898 467 952 versante
488 895 522 951 in
541 891 640 966 picem
662 891 859 961 traiectionis,
886 889 1050 962 trajiciens,
1073 886 1221 964 siqnidem
1238 904 1341 948 nance
1354 891 1460 949 sectio·
1486 912 1489 917 ·

94 998 148 1041 nes
170 988 224 1052 est,
246 980 336 1039 labet
356 979 484 1038 candem
506 996 577 1038 eum
599 979 728 1038 cernone
750 975 945 1036 altitudinem
960 993 981 1034 a
995 982 1097 1035 centro
1117 974 1230 1034 Terrae
1235 997 1247 1051 ,-
1278 976 1373 1035 Terra
1391 992 1461 1036 uero

93 1074 187 1129 atra
208 1067 342 1142 pianum
364 1069 553 1142 traiectionis
573 1073 729 1138 versante,
763 1066 920 1138 trajiciens
942 1070 999 1121 ant
1020 1079 1118 1137 snpra
1138 1066 1298 1124 sectionem
1320 1071 1378 1142 est,
1406 1071 1463 1123 ant

94 1158 197 1233 insta.

204 1241 280 1301 ilem
302 1258 356 1317 per
379 1240 449 1300 VII.
472 1239 600 1317 angulus
623 1220 719 1297 motus
743 1233 839 1295 diurni
854 1235 943 1310 EGF,
966 1237 1023 1296 hoe
1038 1243 1083 1295 est
1098 1238 1246 1310 sectionis,
1269 1245 1379 1314 aequet
1394 1244 1464 1299 tnnc

94 1328 174 1389 ECF
198 1328 356 1405 angulum,
387 1330 439 1404 qui
462 1329 499 1387 ad
521 1334 665 1405 punctum
687 1323 892 1383 intermedium
916 1324 940 1383 C
962 1324 1144 1400 trajectionis
1168 1324 1289 1385 diurnae
1312 1325 1366 1384 ΠΒ
1390 1341 1463 1384 eon·

93 1419 238 1476 stituitnr.
284 1415 337 1475 Est
365 1425 465 1476 antem
493 1415 541 1474 hic
572 1413 699 1491 angulus
722 1409 801 1469 EGI'
831 1414 961 1490 proxime
989 1411 1072 1471 illum
1100 1410 1243 1487 angulum
1267 1411 1358 1485 ECI',
1392 1414 1464 1489 qnia

94 1504 188 1581 plana
212 1506 361 1564 visionum
384 1501 448 1576 ΕΙ),
472 1503 523 1561 FB
548 1509 578 1562 et
599 1500 780 1577 traiectionis
797 1500 850 1558 AB
873 1505 1023 1577 ponuntur
1037 1516 1216 1559 concurrere.
1253 1498 1352 1559 Sectis
1373 1502 1463 1577 igitur

94 1592 190 1651 hebet
212 1591 336 1651 eandem
359 1589 545 1650 altitudinem
567 1606 633 1649 cnm
656 1588 790 1664 portione
813 1587 917 1646 diurna
941 1585 1137 1661 trajectionis,
1161 1586 1219 1647 hoc
1239 1594 1284 1646 eet
1306 1605 1372 1647 cum
1396 1604 1461 1647 cor-

93 1695 169 1756 pore
192 1679 365 1754 trajiciente.
412 1676 588 1754 Oppositum
611 1692 718 1753 perse
740 1681 823 1750 patet
844 1693 881 1734 ex
904 1673 1097 1734 antecedenti.

204 1779 250 1834 Co
260 1795 275 1833 r
285 1795 300 1832 o
310 1778 321 1830 l
331 1776 340 1830 l
351 1777 481 1832 arium.
517 1778 605 1831 Terra
622 1777 650 1831 in
668 1775 750 1845 pleno
767 1774 936 1843 trajectionis
950 1780 1087 1842 veramne,
1106 1787 1141 1829 ex
1154 1771 1215 1829 loco
1227 1773 1286 1829 viso
1299 1754 1462 1844 trajicientis
1478 1826 1487 1840 ,

94 1858 180 1914 datur
199 1858 268 1914 sitne
286 1856 364 1929 plani
382 1855 542 1926 trajectorii.

643 1953 835 2025 Theorems
862 1952 915 2024 tx.

203 2078 287 2139 Date
314 2079 430 2139 diurno
458 2080 637 2152 trajicientis
667 2085 695 2136 et
721 2077 964 2153 confipnratione
986 2095 1056 2139 cnm
1079 2077 1162 2149 Sole,
1191 2082 1217 2138 si
1246 2079 1341 2139 Terra
1364 2089 1405 2140 est
1428 2083 1461 2141 in

90 2168 194 2242 plano
215 2169 404 2238 traiectionis
425 2174 454 2226 et
475 2169 631 2241 trajiciens
653 2181 757 2225 nerem
778 2168 947 2239 sectionem,
971 2164 1065 2226 datur
1087 2167 1216 2227 cletario
1239 2170 1418 2238 trajicientis
1441 2186 1462 2226 a

94 2261 201 2314 cesare
227 2252 348 2313 Terras.

203 2340 278 2401 Nam
303 2340 373 2401 dato
396 2340 499 2400 diurno
522 2341 696 2417 trajicientis
719 2347 747 2399 et
771 2337 1001 2415 configuratione
1025 2357 1089 2399 cnm
1114 2340 1198 2412 Sole,
1229 2341 1314 2401 datur
1337 2339 1477 2401 altitudo'

96 2429 238 2487 sectionis
260 2446 314 2505 per
329 2428 367 2488 V.
407 2430 447 2487 At
469 2431 494 2487 si
516 2428 607 2487 Terra
629 2428 724 2488 estin
747 2426 836 2502 plano
852 2428 1041 2504 trajectionis,
1065 2428 1213 2505 trajiciens
1229 2428 1320 2490 habet
1336 2428 1458 2489 candem

98 2533 166 2575 cnm
188 2518 319 2576 sectione
343 2514 527 2576 altitudinem
551 2533 602 2594 per
625 2514 665 2574 th.
689 2512 774 2573 VIII.
822 2513 929 2590 Ergo.
955 2561 961 2573 .
987 2558 994 2573 .

650 2659 839 2731 theorema
867 2658 906 2731 X.

207 2782 342 2862 Quando
369 2782 465 2842 Terra
487 2785 598 2843 transit
616 2784 752 2860 planum
776 2786 978 2859 traiectionis,
1008 2787 1084 2845 situs
1106 2787 1286 2859 trajicientis
1308 2794 1335 2846 ct
1356 2789 1460 2849 sectio·

96 2890 175 2932 num
195 2878 429 2948 permutantur.

203 2958 280 3018 Nam
302 2975 354 3035 per
375 2964 536 3017 assumtum
558 2961 586 3016 2.
611 2959 745 3035 trajectio
770 2966 814 3018 est
836 2977 896 3018 una
919 2966 1014 3018 recta:
1038 2960 1062 3017 si
1087 2975 1165 3035 ergo,
1189 2964 1347 3036 antequam
1370 2958 1461 3021 Terra

98 3047 181 3106 venit
201 3045 241 3106 ad
263 3044 384 3123 planum
407 3047 607 3122 trajectionis,
640 3046 788 3123 trajiciens
818 3053 862 3107 est
885 3046 960 3105 infra
982 3048 1144 3118 sectiones,
1178 3053 1207 3105 et
1230 3046 1347 3123 qnando
1370 3048 1461 3108 Terra

98 3132 203 3193 incidit
225 3136 254 3190 in
277 3133 408 3210 planum,
432 3133 580 3209 trajiciens
603 3132 706 3193 incidit
727 3136 757 3192 in
781 3137 939 3194 sectionem
955 3151 1006 3212 per
1022 3133 1105 3204 VIII,
1129 3134 1162 3192 fit
1180 3137 1268 3212 igitur
1282 3135 1368 3194 altior
1382 3136 1461 3197 linea

99 3221 255 3298 posteriori
280 3227 419 3298 tempere.
458 3219 555 3296 Quare
578 3227 608 3280 et
629 3228 788 3299 postquam
803 3221 892 3281 Terra
912 3222 975 3298 jam
998 3224 1150 3298 superavit
1172 3221 1229 3282 hoc
1251 3222 1381 3299 planum,
1405 3223 1461 3306 ad-

100 3308 158 3367 hnc
183 3309 236 3366 erit
258 3309 288 3365 in
311 3308 404 3367 altum
425 3307 593 3385 productior
615 3307 694 3370 linea
715 3319 745 3371 et
768 3317 837 3370 tunc
859 3327 948 3387 supra
967 3311 1122 3368 sectiones.
1162 3309 1346 3370 Contrarium
1361 3313 1460 3387 igitur,

102 3399 127 3454 si
149 3402 267 3454 cometa
289 3397 328 3453 sit
350 3397 433 3454 initio
457 3412 546 3472 supra
567 3398 736 3468 sectionem,
761 3399 815 3457 erit
839 3401 915 3457 enim
939 3403 1006 3474 post
1028 3397 1109 3456 inira
1149 3396 1182 3455 In
1206 3398 1354 3457 schemate
1371 3401 1400 3458 3.
1424 3402 1463 3458 sit

101 3483 269 3559 trajectoria
291 3482 365 3557 VH,
397 3483 537 3560 quandlu
570 3486 658 3561 igitur
680 3484 770 3544 Terra
804 3493 848 3544 est
881 3488 910 3543 in
943 3485 1076 3561 portione
1109 3486 1219 3544 itiiteris
1242 3485 1313 3560 EV,
1347 3492 1463 3546 cometa

103 3578 145 3629 est
168 3587 258 3648 snpra
278 3573 427 3630 sectiones
450 3595 478 3644 a,
501 3574 529 3648 β,
552 3595 574 3649 7,
600 3578 625 3646 t,
650 3591 679 3645 s;
708 3573 759 3632 sed
789 3579 944 3649 postquam
968 3570 1057 3631 Terra
1087 3575 1238 3648 superavit
1264 3573 1461 3650 trajectoriam

102 3657 170 3735 VH,
192 3675 315 3718 versans
337 3660 367 3718 in
390 3660 523 3737 portione
539 3656 602 3734 VF,
626 3662 773 3720 sectiones
791 3661 854 3737 jam
872 3667 941 3719 sunt
956 3658 1033 3720 ultra
1049 3667 1201 3730 cometem,
1226 3662 1347 3737 utini,
1370 3687 1391 3738 μ
1406 3669 1460 3722 etc.

645 3806 835 3877 theorema
865 3806 918 3878 XI.

208 3926 286 3986 Onm
309 3930 465 4002 trajiciens
487 3947 523 3992 cc
546 3930 657 3991 directo
676 3931 774 4008 suerit
792 3934 912 4010 factum
935 3934 1155 3993 stationarium
1178 3933 1344 3993 secundum
1360 3934 1462 4010 lanai-

101 4013 238 4073 tndinem
260 4022 289 4073 et
308 4016 536 4095 retropradnm,
561 4019 606 4077 nel
628 4027 735 4079 contra
757 4037 794 4079 es·
816 4021 996 4096 retroarado
1017 4023 1236 4080 stationarium
1251 4029 1279 4079 et
1294 4022 1462 4081 directam:

100 4101 247 4178 dosidem
271 4105 360 4164 initio
382 4121 480 4178 snpra
501 4109 642 4166 sectiones
661 4106 765 4183 fucrit,
789 4115 863 4167 tnnc
877 4126 991 4167 necesse
1005 4116 1055 4182 est,
1084 4108 1211 4167 Terram
1227 4111 1291 4176 iam
1306 4125 1462 4185 superasse

97 4189 233 4263 planam
255 4192 454 4265 traiectionis,¹

205 4276 281 4335 Nam
304 4278 447 4354 quamdiu
469 4285 567 4338 motus
590 4289 713 4357 apparet
735 4280 867 4358 ejusdem
890 4283 1014 4359 speciei,
1044 4282 1171 4342 directus
1195 4283 1243 4342 vel
1264 4281 1461 4357 retrogradus,

101 4362 215 4423 tamdiu
236 4364 270 4423 tit
290 4368 383 4425 sectio
406 4367 456 4425 vel
478 4369 508 4424 in
533 4386 601 4442 nna,
626 4368 673 4428 vel
697 4371 727 4426 in
750 4369 844 4429 altera
865 4370 964 4447 plaga,
988 4387 1041 4445 per
1062 4370 1105 4430 tlr.
1122 4370 1178 4428 III.
1217 4370 1291 4429 Cum
1310 4386 1379 4429 vero
1396 4388 1462 4429 mo·

102 4461 147 4509 tus
178 4468 326 4529 apparens
354 4457 506 4513 evanescit
533 4457 561 4511 in
591 4457 762 4525 stationem,
795 4466 865 4516 tunc
894 4466 990 4517 cessat
1017 4456 1080 4517 fieri
1110 4461 1203 4519 sectio
1232 4477 1250 4516 a
1275 4456 1364 4533 plaga
1392 4475 1460 4517 nne.

103 4536 175 4597 Cum
197 4546 382 4615 permutatur
404 4544 549 4602 coenaria
572 4546 671 4620 specie
694 4556 801 4617 motus,
825 4548 917 4604 sectio
940 4544 1019 4604 cedit
1041 4548 1069 4603 in
1093 4544 1211 4620 plagam
1235 4547 1408 4604 contrariam
1432 4554 1462 4604 et

103 4642 137 4683 ex
159 4635 243 4703 perte
267 4626 441 4701 trajicientis
464 4627 663 4689 divaricantes
684 4633 773 4710 plena
798 4632 916 4690 visoria.
962 4633 1002 4690 At
1024 4650 1076 4709 per
1098 4632 1175 4690 idern
1197 4632 1261 4703 111,
1286 4648 1351 4690 cum
1373 4632 1462 4710 plana

102 4729 133 4770 se
154 4719 265 4787 secant,
289 4717 465 4775 contrariam
488 4733 577 4794 supra
599 4722 746 4779 sectiones
769 4717 907 4778 incedunt
929 4721 1025 4790 viem,
1052 4738 1140 4796 quarn
1164 4737 1230 4779 cum
1253 4718 1460 4779 divaricantnr.

106 4799 146 4859 Ec
168 4817 244 4863 rere
263 4805 418 4865 conversio
441 4820 543 4867 curem
566 4821 626 4866 non
649 4815 694 4868 est
716 4825 753 4869 ex
776 4806 956 4887 trajiciente,
987 4808 1058 4883 quia
1080 4824 1131 4887 per
1153 4815 1316 4869 assumtum
1341 4813 1369 4868 2.
1398 4815 1461 4868 tra·
