3284 5520
654 333 976 406 bonumamicum
1424 324 1488 395 tue

74 570 86 587 ,
139 512 200 573 Soli
224 512 440 590 Massagathae,
465 531 720 592 quorsumcunque
743 515 883 591 locentur,
907 516 1056 593 negotium
1078 514 1237 572 lacessunt.
1275 509 1351 569 Nam
1373 509 1398 567 si
1421 512 1490 565 eunt

139 601 216 660 ultra
233 602 367 672 Araxum,
391 609 459 660 sunt
481 619 550 678 argo
574 604 601 659 in
625 614 702 664 sorte
726 604 946 681 Aelamitarum,
970 614 1001 663 at
1023 603 1089 662 illos
1105 603 1142 659 ab
1160 599 1310 669 Aramitie,
1333 613 1372 655 ec
1388 613 1407 654 a
1423 592 1489 653 Mae

141 696 170 747 at
193 684 303 748 Gathar
326 688 501 750 descendere
524 690 678 755 contendo.
724 693 768 750 An
800 695 869 769 quie
896 692 1042 770 populosa
1065 692 1118 748 luit
1142 688 1241 746 Arami
1265 684 1391 756 familia,
1423 681 1489 740 ideo

139 792 196 834 non
221 774 278 834 illis
300 775 365 834 sola
388 777 539 850 Armenia,
568 777 619 838 eed
647 780 733 838 etiam
764 779 816 839 illa
839 783 970 858 superior
992 796 1059 857 pare
1083 779 1171 837 Asiae
1194 790 1284 852 prope
1307 788 1385 829 mare
1410 769 1490 846 Hyr-

140 880 244 922 canum
267 863 353 947 longe
377 865 405 921 in
430 866 568 924 orientem
590 865 645 924 fuit
664 868 836 943 assignata?
860 867 966 927 Persae
983 884 1050 926 varo
1067 864 1161 940 magis
1177 869 1260 921 erunt
1276 858 1488 928 mediterranei,

139 968 210 1010 saue
234 953 304 1026 quia
327 968 426 1010 omues
450 952 579 1012 historici
602 953 668 1012 illos
692 954 940 1020 meridionaliorea
960 955 1078 1026 iaciunt,
1103 953 1153 1010 ubi
1167 949 1222 1009 eub
1239 945 1366 1006 Persidis
1382 942 1488 1019 ampli·

138 1035 239 1098 tudine
270 1054 387 1116 quoque
418 1039 665 1117 comprehendunt
687 1045 834 1118 regionem
858 1042 986 1118 aliquam
1011 1040 1196 1119 Elymaeam,
1227 1035 1256 1092 id
1280 1051 1381 1111 perum
1405 1033 1490 1089 abest

141 1126 179 1185 ab
203 1125 317 1186 Aelam.

246 1214 285 1273 At
307 1230 344 1272 ue
366 1215 408 1272 eic
431 1211 549 1289 quidem
567 1216 714 1291 juvamur.
753 1215 828 1277 Nam
843 1215 919 1275 ultra
935 1218 1071 1285 Ararem,
1094 1211 1164 1284 dixi,
1187 1211 1293 1270 fluvios
1309 1225 1371 1267 essa
1389 1205 1490 1264 Persi-

140 1318 238 1360 corum
261 1302 409 1361 nominum
428 1300 534 1379 Cyrum
557 1310 586 1362 et
601 1303 785 1382 Camhyeem,
808 1306 838 1361 in
855 1304 993 1381 Caspium
1018 1301 1177 1360 influentes.
1218 1298 1295 1372 Ergo
1315 1297 1355 1352 ibi
1371 1294 1490 1366 Pareae,

140 1386 248 1448 ibidem
273 1396 302 1449 at
326 1390 452 1459 Armeni,
478 1392 547 1465 quia
570 1392 609 1449 ibi
627 1390 843 1469 Massagathae,
867 1391 966 1451 aMas
983 1398 1011 1448 ct
1028 1388 1145 1456 Gathar,
1171 1384 1238 1444 liliis
1256 1385 1353 1441 Aram.
1392 1380 1487 1440 Daui-

139 1492 197 1551 que
220 1475 328 1536 ibidem
351 1485 380 1536 et
403 1476 496 1550 Medi,
520 1481 590 1555 quia
613 1479 652 1538 ibi
676 1481 842 1557 Atropatia,
864 1483 944 1555 regio
968 1477 1093 1537 Mediae.
1139 1473 1221 1532 Haec
1245 1468 1391 1547 quomodo
1415 1484 1487 1526 cou-

141 1563 284 1623 veniunt?
314 1563 472 1623 Tantamne
503 1565 746 1626 conciliationem.
792 1567 856 1627 Sint
883 1568 948 1644 jure
978 1565 1094 1624 Armeni
1126 1570 1155 1621 at
1183 1557 1404 1632 Massagetbae,
1437 1552 1489 1613 ead

142 1649 274 1711 imbelles
297 1653 389 1724 initio,
413 1654 609 1729 cessarintque
632 1656 755 1731 primum
772 1655 868 1714 Persis
885 1654 1047 1726 Aelamitie,
1072 1659 1101 1709 et
1124 1648 1191 1707 iude
1214 1650 1272 1705 sint
1288 1644 1394 1704 Persae
1411 1642 1490 1713 dicti,

140 1746 209 1815 post
231 1741 382 1797 contrariis
405 1759 423 1799 a
445 1740 626 1816 regionibus,
657 1760 696 1801 sc.
721 1760 740 1802 a
762 1739 858 1802 Medis
880 1743 938 1801 siut
961 1740 1106 1818 occupati.
1152 1736 1215 1794 Imo
1241 1749 1322 1802 vero,
1347 1733 1412 1807 quis
1435 1744 1489 1786 noe

141 1827 229 1902 cogit,
254 1826 418 1885 Aelamitae
441 1837 472 1886 et
487 1827 590 1887 Pareae
613 1832 729 1905 penitus
753 1828 950 1890 confundere?
973 1827 1076 1886 Nonne
1092 1824 1204 1884 Pharea
1225 1821 1320 1900 potuit
1335 1835 1398 1877 esee
1414 1816 1491 1874 filine

142 1912 209 1971 Mas
240 1911 287 1972 val
319 1912 448 1973 Gathar?
485 1914 559 1973 Nam
588 1926 692 1993 postea
721 1935 807 1994 quam
836 1917 882 1976 hic
910 1916 1021 1975 Pheres
1046 1916 1150 1989 jugum
1173 1908 1324 1969 Medorum
1355 1904 1492 1976 excussit,

143 2009 329 2060 accesserunt
350 1999 392 2059 illi
416 2000 593 2074 Aelamitae,
617 2007 692 2063 sicut
716 2006 804 2064 atiam
827 2005 953 2081 Assyrii,
979 2010 1011 2062 ut
1032 2019 1092 2060 uua
1134 2016 1185 2095 pue
1207 1995 1276 2055 dicti
1300 1997 1367 2054 sint.
1415 1991 1490 2068 Ergo
1541 2048 1544 2057 .

143 2086 210 2146 Lud
232 2087 341 2149 babeat
364 2089 465 2148 Asiam
489 2093 636 2161 minorem,
662 2100 752 2150 totam
776 2093 844 2162 lere,
870 2094 956 2150 Aram
980 2090 1087 2148 babeat
1111 2019 1288 2154 araunium,
1313 2077 1492 2151 Colchidem,

144 2175 311 2250 Albaniam,
335 2174 470 2248 Iberiam,
497 2179 687 2255 Atropatiam,
714 2180 901 2251 Ecbatauam,
925 2177 1089 2249 Sosianum,
1112 2173 1306 2251 Hyrcaniam
1329 2172 1358 2226 in
1379 2184 1492 2226 summa

144 2271 285 2322 montana
308 2267 383 2323 circa
407 2281 485 2323 mara
509 2265 656 2343 Caspium.
703 2266 752 2325 Sic
774 2266 812 2326 ab
835 2268 898 2344 ipso
923 2266 1069 2336 Armenia,
1093 2258 1241 2321 aGetber
1263 2257 1322 2315 filio
1346 2253 1440 2314 Cetae
1464 2255 1492 2310 ln

145 2348 271 2424 Isthmo,
305 2349 408 2409 aMae
438 2360 468 2410 et
491 2350 600 2411 Gathar
632 2353 837 2430 Massagethaa
869 2361 899 2412 at
926 2352 1054 2429 Hyrcani
1086 2356 1115 2410 et
1142 2347 1249 2407 Pareae
1281 2342 1492 2404 descenderint.

144 2436 240 2514 (Haec
263 2440 381 2516 optimc,
405 2455 472 2497 nam
486 2438 624 2518 Scythae,
646 2445 696 2517 qui
720 2451 788 2500 sunt
805 2439 905 2513 Gothi,
930 2441 967 2499 ab
990 2438 1139 2514 aliquibus
1162 2436 1298 2493 Aramaai
1322 2439 1389 2490 sunt
1412 2428 1493 2501 dicti,

144 2532 174 2584 at
195 2524 339 2585 Herodoti
363 2527 513 2585 Arimassi.
561 2527 741 2606 Agalthyrei,
766 2527 891 2605 populus
914 2527 1062 2604 Scythiae,
1087 2523 1209 2601 Plinio).

249 2612 312 2672 Imc
335 2615 484 2672 mittamus
507 2614 583 2674 hauc
606 2616 786 2690 indigetundi
810 2618 997 2693 pertinaciam
1014 2609 1275 2674 GetaeaGetber.
1316 2605 1385 2666 Jam
1403 2603 1494 2660 Assur
1566 2651 1573 2664 .

144 2700 271 2759 obtinuit
294 2700 514 2776 mediterranea,
539 2720 557 2761 a
580 2707 775 2781 septentrione
798 2703 909 2762 habene
925 2703 1022 2776 Aram,
1046 2701 1084 2761 ab
1108 2715 1213 2758 occasu
1234 2694 1308 2768 Led,
1333 2711 1351 2752 a
1373 2687 1493 2750 meridia

146 2786 318 2863 Arpbaxad,
343 2789 381 2848 ab
405 2796 469 2847 ortu
494 2788 606 2848 Aulam.
653 2791 757 2867 ltaque
780 2790 844 2850 Lud
868 2791 995 2850 ambitur
1017 2790 1088 2848 mari
1111 2786 1211 2858 Jonio,
1235 2785 1272 2842 ah
1297 2788 1362 2839 ortu
1386 2779 1493 2836 Aramo

146 2885 175 2934 at
199 2876 308 2934 Assure
331 2885 360 2935 et
384 2875 571 2952 Arpbaxado,
595 2881 698 2954 partim
723 2887 752 2938 et
775 2878 917 2937 Chamitis
940 2894 1028 2955 prope
1051 2875 1189 2935 Taurum.
1230 2869 1332 2929 Aelam
1355 2865 1496 2940 tangebat

144 2962 182 3021 ab
214 2979 319 3021 occasu
350 2964 506 3036 Aseurum,
538 2967 773 3043 aseptcntrione
801 2966 905 3038 Aram,
938 2962 1096 3024 ameridie
1120 2957 1340 3037 Arpbaxadum.
1385 2951 1494 3011 Incluei

144 3067 213 3126 ergo
236 3059 304 3109 sunt
328 3050 401 3125 Lud,
426 3053 550 3111 maxime
567 3054 665 3126 Aram,
690 3053 741 3112 sad
764 3055 867 3113 ceteris
890 3054 983 3112 tribus
1005 3066 1098 3127 usque
1121 3052 1150 3107 in
1173 3056 1332 3107 extremum
1356 3042 1495 3102 orientem
1545 3082 1548 3087 -

143 3139 238 3214 putuit
261 3136 362 3202 Terra.

248 3224 349 3285 Placet
377 3225 405 3284 id
435 3228 523 3286 etiam
546 3228 702 3288 ohservare
725 3229 754 3284 iu
777 3225 877 3305 Japati
901 3226 1090 3303 patrimonio,
1122 3220 1201 3300 quod
1225 3221 1378 3279 diremtum
1401 3214 1453 3273 luit
1477 3230 1495 3270 a

144 3311 241 3384 Semo,
265 3316 357 3390 primo
382 3316 452 3374 mari
469 3313 689 3388 mediterraneo,
714 3314 817 3374 deinde
832 3315 948 3387 isthmo,
972 3314 1067 3373 Ponto
1084 3319 1113 3370 et
1128 3310 1287 3387 Hyrcanio,
1311 3304 1379 3364 iude
1395 3299 1493 3379 paral-

144 3398 202 3458 lelo
228 3398 284 3459 40⁰
307 3400 462 3462 latitudine
486 3410 514 3462 at
537 3402 684 3462 montibus
707 3405 852 3462 continuis
877 3419 969 3477 usque
992 3399 1030 3461 ad
1053 3402 1148 3458 sinum
1165 3396 1348 3454 Cbiuausem.
1387 3389 1425 3448 Et
1440 3405 1495 3446 an·

144 3486 230 3562 gulos
262 3487 325 3561 ille,
357 3507 407 3548 seu
431 3489 553 3566 Scythia
584 3491 753 3549 orientalior
776 3492 814 3548 sit
836 3487 971 3566 Magogi,
1002 3483 1227 3564 septentrionale
1251 3482 1319 3540 litus
1343 3477 1442 3554 Caspii
1465 3481 1496 3534 et

146 3574 269 3633 isthmus
298 3577 361 3651 ipse
391 3579 429 3634 sit
451 3576 584 3651 Mudaei,
619 3597 677 3637 una
706 3595 771 3637 cum
796 3577 946 3647 Cumania,
967 3574 1179 3635 Turcheetauia
1201 3580 1230 3630 et
1253 3567 1374 3647 Scythia
1398 3562 1494 3622 media

144 3664 221 3721 circa
244 3660 311 3740 Oby
334 3664 469 3734 fluvium,
494 3668 590 3739 sitque
612 3665 655 3723 illi
680 3665 834 3725 Bactriana
857 3675 885 3723 et
909 3663 1067 3739 Sogdiana,
1090 3660 1178 3720 bodie
1200 3656 1408 3723 Maureuhaar,
1431 3658 1490 3709 ter·

141 3751 235 3808 minue
258 3754 418 3810 communie
442 3769 506 3810 cum
531 3753 678 3811 Aramitis.
718 3752 804 3812 Hunc
827 3762 966 3826 sequatur
986 3749 1135 3820 Moschus,
1159 3749 1206 3807 cui
1226 3745 1338 3803 Pontus
1363 3750 1391 3802 et
1408 3736 1490 3797 Tau·

140 3839 200 3896 rica
224 3836 442 3897 Chersonnesos
465 3860 482 3897 u
506 3839 642 3913 meridie,
673 3858 751 3899 mara
779 3838 1004 3916 septentrionale
1027 3856 1062 3897 ax
1085 3835 1177 3895 altera
1199 3842 1294 3911 parte·
1328 3828 1439 3903 MMMS
1462 3832 1492 3884 ‘³⁸

141 3922 241 3981 Madai
266 3943 367 3984 versus
391 3937 494 3997 ortum,
519 3927 633 3999 Thirue,
657 3925 754 3986 Tubal
770 3938 798 3986 ct
815 3926 923 3986 Gomer
947 3944 1047 3986 versus
1071 3940 1215 3991 occasum,
1239 3919 1351 3978 termini
1377 3914 1489 3972 dentur.

142 4009 250 4070 Gomer
273 4029 341 4071 vero
359 4013 524 4073 Balthicum
548 4015 688 4086 obtineat,
711 4015 816 4074 Thirae
839 4014 1014 4073 Sarmatiam
1038 4020 1067 4072 et
1089 4011 1253 4079 Thraciam,
1277 4002 1373 4063 Tubal
1398 3999 1491 4059 medi·

141 4105 289 4174 terranea,
323 4098 422 4160 Jaran
453 4101 573 4160 insulas.
619 4101 822 4161 Committetur
850 4101 906 4160 lroc
936 4098 1022 4159 modo
1050 4097 1161 4175 Magog
1192 4113 1256 4155 cum
1287 4094 1409 4160 Arenio.
1442 4088 1509 4164 ubi.

141 4204 240 4245 murus
263 4185 351 4248 hodie
374 4197 419 4248 eet
441 4191 516 4247 inter
538 4189 699 4249 Chinaneee
722 4198 752 4250 at
774 4188 930 4261 Tartarus,
956 4186 1002 4247 vel
1025 4194 1102 4246 certe
1125 4202 1191 4245 curn
1217 4181 1360 4257 Assyriis,
1384 4194 1403 4235 a
1425 4175 1493 4252 qul·

142 4275 197 4333 bus
219 4274 314 4334 Seres.

247 4362 298 4419 Est
316 4368 417 4448 'tamen
439 4362 567 4421 absurda
589 4362 663 4423 baec
687 4362 793 4423 divisio
810 4362 886 4436 ideo,
911 4362 981 4438 quia
997 4357 1159 4420 extruditur
1174 4358 1286 4432 Magog
1301 4356 1329 4411 in
1346 4353 1494 4429 regionam

142 4450 366 4508 remotissimam
390 4457 418 4509 et
442 4450 559 4509 minime
582 4453 738 4527 cognitam,
763 4457 863 4510 contra
877 4467 947 4508 vero
963 4447 1049 4508 India
1065 4449 1183 4525 propior
1197 4460 1266 4523 praa
1282 4443 1366 4500 nimis
1383 4445 1495 4498 remota

143 4538 315 4614 praeteritur
337 4539 366 4594 iu
389 4544 476 4597 sorte.

247 4623 326 4682 Nota
349 4623 444 4685 locum
469 4624 573 4694 Plinii,
598 4624 724 4702 Scythae
747 4642 765 4683 a
787 4623 883 4684 Persis
906 4622 1012 4694 Sacae,
1041 4619 1230 4694 abantiquis
1256 4616 1415 4673 Aramaeoe
1440 4610 1495 4671 dici

145 4710 208 4787 (lib.
228 4718 255 4771 6.
273 4728 297 4769 c.
316 4712 379 4786 et).
418 4711 525 4772 Scribit
548 4713 583 4771 de
607 4713 653 4784 iis,
677 4715 727 4788 qni
751 4711 826 4770 ultra
846 4710 953 4769 Pareae
976 4718 1051 4768 eunt.
1089 4706 1137 4768 Sic
1160 4703 1323 4766 exciderent
1349 4700 1496 4772 Armenia,

145 4800 282 4863 Mamaci
306 4793 399 4882 (adde
423 4802 611 4878 Arimaspos,
642 4802 711 4861 item
733 4798 815 4875 Mae,
842 4793 968 4882 Gathar)
992 4805 1022 4858 et
1039 4796 1126 4873 juxta
1148 4791 1254 4855 Medos
1276 4788 1497 4863 collocarentur,
