3284 5520
140 300 205 371 542
613 302 1028 376 Eprberueridibnslleplari.

141 482 265 555 utimur,
297 489 399 541 exacte
427 482 451 540 is
475 482 666 542 eoniirmatur
687 484 726 544 ab
749 483 955 544 observatione
977 485 1043 543 ista.
1089 470 1198 545 Verum
1219 501 1280 545 non
1304 484 1374 546 idco
1394 486 1491 545 trium·

141 568 251 645 pbaudi
273 585 391 629 causam
414 569 533 643 babent,
558 573 608 647 qui
631 569 709 631 buno
724 573 951 632 astronomicum
966 570 1085 631 modum
1100 577 1226 648 tuantur,
1248 573 1405 634 indultum
1421 574 1492 635 euim

141 655 198 715 boc
220 663 265 717 est
288 673 323 716 ex
346 674 489 717 concursu
512 658 668 718 multarum
691 675 855 734 causarum,
879 660 1056 737 saepiusque
1079 659 1203 721 eundem
1224 659 1349 722 modum
1371 659 1492 723 rusum

142 743 362 804 observationes
385 744 471 805 aliae.

245 832 297 891 list
319 830 400 892 aliud
422 832 542 909 majoris
564 834 720 905 momenti,
744 831 824 909 quod
847 848 900 892 nos
921 835 1009 895 docet
1029 834 1103 896 baec
1126 833 1308 894 obseruatio.
1354 830 1490 892 Duratio·

140 936 206 979 nem
238 920 316 979 enim
346 918 476 980 calculus
507 921 587 981 elicit
613 919 642 979 b.
668 926 697 980 3.
722 923 783 993 52‘,
818 936 929 982 moram
960 925 990 981 iu
1022 923 1125 983 umbra
1155 919 1185 980 b.
1211 926 1240 981 i.
1265 918 1329 995 ob‘,
1356 914 1491 996 'majores

140 1006 221 1066 illam
239 1010 299 1081 14‘,
321 1005 399 1067 banc
424 1005 486 1087 10¹,
509 1010 626 1068 omnino
649 1009 739 1083 igitur
761 1010 983 1070 contractiorem
1006 1009 1181 1071 diametrum
1203 1007 1335 1068 umbrae.
1375 1006 1491 1067 Debet

138 1094 342 1173 phaenomeno
374 1094 496 1155 disserui
527 1096 605 1173 Epit.
634 1094 713 1154 Astr-
736 1093 787 1154 iol.
812 1099 875 1154 870
899 1100 957 1168 (vi.
976 1119 1002 1168 p.
1021 1100 1097 1170 oua),
1124 1095 1177 1157 sed
1205 1110 1327 1155 oausam
1356 1094 1402 1155 ibi
1429 1093 1489 1165 dixi.

140 1198 217 1259 quae
239 1199 351 1242 moram
373 1180 469 1242 solum
492 1185 597 1243 attinet
619 1183 649 1239 in
671 1181 808 1255 tenebris,
833 1181 1014 1243 durationem
1036 1183 1181 1261 reliquam
1201 1198 1260 1242 non
1283 1184 1425 1259 attingit,
1449 1181 1490 1241 bit

138 1284 209 1329 vero
232 1286 291 1330 uon
314 1286 397 1329 mora
419 1268 525 1329 saltem
548 1271 638 1330 totius
660 1269 762 1329 Lunae
784 1272 814 1327 in
837 1269 963 1329 tenebris
987 1271 1083 1332 brevis
1105 1273 1168 1346 luit,
1191 1270 1243 1330 sed
1266 1272 1358 1329 ctiam
1377 1264 1488 1329 'duratio

138 1356 253 1432 reliqua
285 1356 377 1417 multo
409 1359 512 1433 magis.
557 1358 595 1417 Et
625 1359 749 1416 occurrit
774 1355 878 1416 similia
900 1356 1049 1435 rl'yobonis
1072 1360 1240 1420 observatio
1262 1358 1335 1416 anni
1360 1360 1488 1418 1b88b

140 1443 243 1521 eclipsi
266 1446 355 1505 etiam
374 1443 458 1504 totali
481 1454 510 1505 et
526 1443 647 1504 centrali
659 1444 801 1520 proxima.
825 1450 891 1516 ectr.
911 1450 960 1501 vot
978 1452 1025 1505 111.
1042 1467 1068 1516 p.
1088 1454 1138 1503 oet
1157 1458 1208 1520 aa.)
1243 1441 1393 1504 Videntur
1411 1446 1490 1521 igitu

140 1531 413 1610 circumspiciendus
439 1549 546 1592 causae
572 1532 713 1610 physicae
736 1530 785 1591 vel
808 1534 935 1609 opticus,
960 1533 1067 1609 quibus
1090 1529 1317 1591 umbra'l'errae
1339 1534 1371 1590 iu
1394 1546 1489 1592 worn

139 1635 271 1695 pressum
297 1618 482 1693 deformetur,
506 1628 539 1678 ut
560 1620 624 1695 ejus
648 1618 810 1692 dimetiens,
833 1637 852 1678 a
874 1634 950 1679 aona
972 1618 1082 1678 torrida
1104 1621 1322 1695 consurgentis,
1345 1620 1386 1677 sit
1406 1622 1489 1678 minor

141 1706 309 1768 dimetiente
331 1707 395 1783 ejus
410 1724 428 1765 a
442 1706 519 1783 polis
535 1706 643 1767 Terrae
666 1707 821 1783 surgentis.
858 1706 905 1766 lta
927 1723 973 1766 ras
991 1723 1038 1766 ma
1053 1705 1192 1766 admonet
1203 1706 1359 1766 relationis
1371 1704 1488 1785 Josepbi

139 1811 158 1852 a
179 1792 285 1867 Costa,
315 1796 366 1870 qui
389 1793 496 1854 alicubi
518 1797 548 1853 in
572 1793 708 1853 Ameriae
730 1793 901 1870 crepuscula
932 1792 1002 1853 dicit
1031 1810 1097 1853 esse
1126 1793 1317 1867 brevissima,
1347 1794 1394 1854 sic
1413 1796 1488 1853 ntin

143 1879 304 1956 quadrante
326 1880 417 1941 boras
439 1899 475 1941 ax
497 1887 584 1941 nocte
606 1880 833 1958 profundissima
854 1880 917 1941 dies
941 1884 1067 1941 enitatur
1081 1896 1170 1955 mara,
1193 1880 1263 1941 Sole
1278 1882 1403 1944 oriente.
1439 1878 1487 1941 ssi

138 1966 299 2043 legitimam
323 1985 359 2029 ax
380 1967 438 2029 bac
458 1984 489 2028 re
512 1984 631 2028 eausam
654 1970 828 2030 concinnare
850 1985 903 2029 nec
925 1967 1011 2028 iaciie
1034 1974 1087 2042 est,
1110 1984 1164 2028 nec
1184 1967 1273 2043 bajus
1296 1965 1366 2029 loci.

245 2056 357 2116 Forsan
380 2064 409 2116 et
431 2056 488 2116 boc
509 2055 549 2116 ad
570 2072 632 2115 rem
654 2056 725 2117 iacit
746 2058 922 2129 meminisse,
945 2053 1025 2132 quod
1048 2054 1137 2115 rubor
1150 2056 1252 2115 Lunae
1271 2052 1438 2116 deliciantis
1451 2058 1488 2113 la·

140 2144 233 2219 siguis
247 2142 334 2203 luerit
349 2150 411 2202 toto
426 2159 525 2204 moras
541 2152 680 2222 tempore,
703 2146 874 2220 praesertim
889 2146 919 2201 iu
935 2159 995 2217 ora,
1012 2159 1088 2220 quae
1102 2144 1234 2204 terminis
1249 2143 1373 2203 umbrae
1389 2156 1488 2222 appro-

139 2229 311 2309 pinquabat.
348 2228 452 2307 Neque
474 2239 572 2291 umen
596 2230 713 2292 diiiioile
735 2233 799 2305 iirit,
822 2232 918 2309 ipsum
940 2236 1120 2291 momentum
1142 2244 1312 2307 agnoscere,
1336 2246 1398 2307 quo
1419 2244 1489 2290 mera

139 2316 198 2391 lux,
222 2318 335 2378 Lunam
359 2318 492 2393 induens,
515 2320 650 2379 ruborem
672 2319 750 2378 bunc
773 2320 901 2378 tenebris
916 2319 1101 2379 recensebat
1138 2316 1236 2378 Tanta
1250 2333 1322 2378 vero
1336 2318 1396 2377 init
1410 2317 1488 2394 bnjar

139 2406 254 2465 ruboris
276 2404 432 2478 evidentia,
457 2415 490 2465 ut
512 2422 578 2466 oum
599 2407 660 2483 jam
684 2413 762 2465 totus
786 2405 912 2465 dodrans
929 2409 1057 2484 corporis
1071 2408 1101 2463 in
1117 2405 1213 2466 lucem
1227 2406 1406 2480 emersisset,
1428 2404 1489 2465 reli·

142 2508 218 2569 quus
242 2493 306 2569 ejus
329 2492 476 2570 quadrans
498 2493 594 2554 adbuc
617 2497 646 2551 in
669 2494 800 2554 umbram
824 2495 976 2553 immersus
999 2493 1056 2553 boc
1077 2493 1183 2553 rubore
1205 2508 1259 2552 suo
1274 2493 1402 2553 eniteret
1412 2492 1489 2569 iuxta

141 2579 250 2640 claram
278 2588 390 2657 partem
419 2587 553 2658 essetque
575 2588 657 2640 tanto
681 2581 793 2641 iacilior
816 2584 980 2641 aestimatio
1003 2581 1162 2658 digitorum
1184 2579 1395 2642 deficientium.
1439 2576 1490 2640 Sed

141 2667 322 2728 obvalianda
343 2675 388 2727 est
402 2670 540 2745 suspicio,
563 2670 647 2746 quasi
663 2671 692 2726 in
708 2668 955 2728 demonstratione
970 2668 1091 2728 umbrae
1107 2667 1209 2727 Lunae
1223 2670 1262 2727 sit
1276 2684 1367 2728 error.
1406 2666 1490 2744 igitar

141 2753 304 2832 perpende,
335 2755 482 2816 horarium
506 2755 608 2816 Lunae
636 2773 699 2816 esse
728 2763 836 2816 certum
866 2764 894 2815 at
916 2755 1131 2816 observationis
1154 2756 1288 2834 propriae
1311 2757 1342 2813 ln
1364 2755 1490 2832 quolibet

139 2844 199 2901 situ
232 2844 384 2903 eccentrici
407 2843 509 2903 Lunae
538 2843 651 2921 plenas.
696 2842 874 2919 Hujusmodi
907 2845 1076 2904 occasiones
1108 2845 1225 2903 crebrae
1257 2850 1337 2905 sunt
1382 2840 1490 2903 Deinde

139 2928 266 2989 latitudo
296 2947 390 3007 parra
419 2937 479 3004 est,
509 2931 609 3009 itaque
633 2931 718 2990 Luna
743 2947 832 3006 quam
855 2932 984 3009 proxime
1007 2930 1134 2991 medium
1158 2930 1277 2990 umbras
1299 2928 1421 3006 trajicit.
1463 2927 1489 2989 lii

141 3032 249 3076 noxam
273 3016 380 3076 dixeris
402 3034 466 3078 esse
488 3033 507 3075 a
530 3017 722 3078 collocatione
745 3018 831 3093 nodi,
862 3035 919 3077 uon
944 3035 1009 3079 eam
1032 3019 1079 3079 vel
1104 3014 1139 3077 4⁰
1161 3018 1310 3077 lunatione
1332 3016 1489 3078 sustuleris

140 3103 171 3163 Si
203 3121 272 3181 ergo
303 3121 356 3163 ora
378 3104 480 3164 Lunae
508 3105 683 3166 antecedens
706 3105 744 3165 ab
768 3123 802 3165 oo
826 3112 988 3180 momento,
1020 3123 1078 3181 quo
1101 3107 1259 3182 marginem
1283 3103 1489 3165 occidentalem

142 3191 262 3252 umbrae
285 3192 414 3253 delibare
438 3194 547 3269 coepit,
578 3194 607 3252 b.
635 3200 662 3253 1.
687 3190 737 3254 49³
763 3196 923 3253 consumsit
945 3210 1038 3270 usque
1060 3191 1098 3253 ad
1120 3193 1248 3253 medium
1270 3191 1401 3268 indeque
1425 3192 1489 3252 aliu

142 3279 170 3341 b.
195 3284 223 3338 0.
242 3276 339 3360 bi¹l.,‘
361 3299 380 3338 a
402 3280 498 3340 medio
521 3298 614 3356 usque
636 3279 674 3339 ad
696 3280 727 3339 id
749 3289 936 3354 momentum,
960 3298 1019 3357 quo
1043 3298 1079 3341 ex
1101 3282 1205 3339 umbra
1227 3281 1326 3356 coepit
1348 3292 1489 3357 emergere

142 3382 244 3426 versus
275 3369 429 3441 orientem,
461 3369 515 3428 iter
537 3368 591 3427 luit
613 3368 749 3428 botarum
773 3372 801 3428 i.
827 3364 931 3448 soils,
961 3384 1000 3429 sc.
1024 3385 1079 3427 sor.
1105 3374 1154 3430 91.
1181 3370 1250 3441 18”,
1279 3367 1392 3443 quibus
1415 3367 1490 3426 buna

144 3452 252 3526 Solem,
277 3472 329 3515 seu
352 3472 453 3541 margo
469 3455 572 3515 Lunae
596 3455 743 3516 orientalis
767 3456 977 3516 occidentalem
992 3462 1120 3532 superat,
1143 3453 1362 3515 semidiamater
1376 3456 1489 3515 umbrae

142 3539 175 3599 iit
191 3545 244 3601 to‘
261 3542 337 3617 39⁴‘3
361 3542 435 3603 adde
458 3542 704 3602 semidiametrum
719 3542 807 3617 Solis,
830 3543 914 3619 cujus
937 3544 1105 3604 observatio
1127 3559 1241 3602 rursum
1255 3550 1300 3601 est
1313 3549 1404 3615 certa,
1429 3558 1490 3619 pro·

140 3631 205 3703 pria
234 3636 263 3688 et
290 3629 385 3689 iacilis
412 3631 440 3688 in
469 3632 548 3689 omni
576 3632 634 3689 situ
662 3632 828 3704 eecentrici,
856 3638 959 3706 estque
982 3630 1038 3690 bac
1060 3632 1124 3690 rice
1149 3627 1198 3691 15³
1225 3631 1297 3703 15“,
1326 3628 1360 3688 iit
1383 3644 1490 3689 summa

144 3718 195 3773 60‘
220 3714 289 3775 54¹‘.
334 3717 426 3777 Aufer
452 3717 614 3796 parallaxin
641 3717 720 3778 Solis
750 3726 1006 3795 quantamcunque
1036 3720 1097 3792 ris,
1128 3720 1308 3794 relinquetur
1336 3716 1491 3793 parallaxit

143 3801 246 3862 Lunae
276 3803 370 3862 minor
397 3821 485 3879 quam
510 3806 560 3865 ὅθ’
584 3803 654 3866 bau.
698 3806 791 3882 Atqui
819 3823 855 3866 ea
876 3822 990 3866 rursum
1012 3814 1091 3866 certo
1113 3806 1208 3882 major
1229 3813 1273 3865 aet
1295 3806 1325 3861 in
1347 3803 1408 3865 boe
1429 3807 1490 3875 situ,

144 3887 234 3950 babet
258 3893 333 3949 enim
358 3899 387 3951 et
409 3891 482 3952 baec
505 3892 740 3953 observationem
763 3900 928 3969 separatam
952 3903 982 3953 et
1002 3894 1159 3969 propriam,
1181 3892 1251 3952 lieet
1271 3907 1330 3950 uon
1345 3893 1391 3952 ita
1405 3889 1492 3952 iaciiia

142 3985 171 4037 et
193 3977 314 4037 cuilibet
336 3980 426 4038 obvia
447 3980 496 4042 sit.
541 3980 606 4039 Non
630 3982 719 4056 igitur
741 3981 825 4040 lineis
848 3988 950 4041 exacte
979 3982 1065 4041 rectis
1096 3980 1153 4040 bac
1182 3982 1246 4039 vics
1268 3996 1287 4038 a
1310 3977 1405 4039 Terra
1428 3993 1492 4056 pno-

140 4072 250 4141 pagata
271 4066 326 4125 luit
348 4066 422 4126 baec
445 4069 594 4143 quantitas
616 4068 746 4142 umbrae,
769 4066 821 4128 sed
844 4066 952 4127 accidit
965 4066 1079 4144 aliquid
1094 4066 1183 4126 radiis
1198 4066 1286 4140 Solis,
1311 4082 1372 4143 quo
1396 4067 1492 4127 uate

140 4159 239 4212 rentur
260 4152 393 4212 nonnihil
416 4156 580 4214 introrsum.
626 4157 688 4215 Aut
708 4161 734 4214 si
763 4154 914 4217 retinenda
942 4165 987 4215 est
1016 4153 1161 4216 rectitudo
1190 4152 1354 4227 radiorum,
1391 4154 1493 4232 globus

141 4240 203 4316 ipse
227 4239 335 4301 Terrae
357 4240 408 4302 liet
430 4242 596 4316 ovilormis,
626 4242 768 4303 diametro
796 4260 848 4319 per
869 4242 954 4319 polos
984 4244 1125 4319 longiore.
1171 4242 1218 4302 Ita
1240 4247 1390 4317 mergetur
1414 4241 1492 4318 aquit

139 4343 215 4385 aona
237 4327 361 4402 torrida,
393 4327 580 4390 nudabuntur
608 4329 747 4406 trigidae,
778 4347 846 4390 uam
872 4330 986 4389 nubum
1013 4330 1062 4390 bie
1083 4336 1262 4390 momentum
1284 4331 1315 4387 ln
1337 4332 1426 4405 αὔτως
1459 4328 1493 4386 sit

140 4413 190 4473 ille
221 4418 355 4490 quamvis
384 4418 481 4477 tenuis
511 4426 540 4477 et
567 4417 686 4477 humilis
710 4420 738 4476 in
762 4417 885 4491 torrida,
915 4418 953 4477 sit
975 4421 1110 4494 quamvis
1133 4417 1256 4490 damus,
1287 4415 1493 4477 umbrositati

142 4500 220 4560 altus
242 4505 272 4560 in
296 4503 408 4578 frigidis
430 4505 500 4579 (etei
523 4503 665 4581 disputari
687 4512 785 4581 potest
807 4507 905 4564 resin
928 4504 1126 4579 contrarium),
1157 4521 1194 4565 ex
1217 4504 1267 4563 illa
1291 4511 1372 4565 cene
1393 4502 1492 4563 altitu·

141 4585 209 4648 dine
232 4592 307 4649 aiirie
330 4590 496 4666 parallaros
519 4591 620 4652 Lunae
642 4609 700 4652 non
723 4594 866 4664 metimur,
890 4591 942 4652 sed
964 4610 1001 4653 ex
1022 4592 1175 4669 superficie
1197 4591 1316 4651 Terrae.
1363 4592 1505 4677 lienique·

143 4691 240 4733 rarum
263 4683 308 4736 est
330 4677 386 4739 boc
407 4678 640 4755 phaenomenon,
664 4678 806 4757 plurimae
828 4681 958 4740 vicissim
980 4680 1203 4741 observationes
1223 4678 1303 4739 aliae
1325 4678 1492 4739 nnuman

141 4760 249 4824 Terrae
274 4763 490 4843 globositatem,
514 4767 635 4828 umbrae
658 4784 764 4829 conum
786 4768 958 4846 regularem.
