3284 5520
137 332 206 403 310
553 331 704 389 nunna
721 328 834 401 11111
851 329 887 387 es
902 328 1088 400 11111111

247 510 463 572 ildmundus
487 508 725 584 Giinthcrus,
749 510 1118 587 protessorastranomlss,
1142 516 1172 571 at
1193 508 1376 573 Haurieua
1397 508 1495 589 Brig-

138 604 233 679 gius,
257 600 329 679 proi.
353 601 532 675 geometriae
555 602 586 658 in
608 597 732 675 collegio
752 597 960 659 Grcshamensi
977 597 1111 668 lioudini,
1135 598 1273 676 Briggina
1295 596 1423 677 posthac
1437 595 1495 660 01·

137 690 215 760 lorti,
244 687 352 763 Nepcri
374 690 574 747 inventionem
596 686 791 746 emendarunt
813 689 903 763 inque
925 704 989 747 cam
1012 686 1136 746 formem
1157 686 1334 763 redegerunt
1356 684 1495 765 111111111-

139 794 212 849 mos,
236 792 296 850 qua
318 773 385 833 inde
409 776 447 833 ab
471 774 523 833 illo
545 783 676 852 tempore
698 777 741 832 uti
765 773 823 832 illis
847 785 1063 835 consueverunt
1082 773 1291 835 mathematici.
1329 770 1495 835 Giinthcmt

139 862 217 923 dono
247 860 328 921 dedit
350 861 480 938 Keplero
506 861 943 936 ,01111111Τ111111111111(ι
969 858 1057 943 (anne
1083 863 1177 921 1610.
1207 862 1285 941 typis
1314 857 1495 943 impressum]

138 952 225 1027 eique
247 949 398 1026 respondit
420 949 566 1025 Keplerus
591 948 669 1008 hunc
691 950 721 1005 iu
744 947 878 1007 modum:

509 1086 540 1147 S.
565 1087 598 1146 P.
623 1087 661 1146 D.

243 1200 338 1278 Quem
353 1200 392 1261 ad
414 1217 461 1261 me
475 1201 580 1260 misisti
602 1200 733 1261 libellum
748 1203 865 1261 sinuum
889 1201 1121 1275 artificiosorurn,
1151 1200 1304 1263 lldmunde
1321 1200 1495 1275 cacumine,

138 1288 220 1351 sdic
236 1293 287 1348 21.
304 1290 390 1348 Febr.
410 1290 502 1361 teet,
518 1286 638 1349 tandem
653 1288 715 1348 Cal.
731 1289 908 1349 Novembris
923 1292 992 1348 anni
1010 1290 1165 1366 sequentis
1180 1292 1282 1366 accepi
1298 1290 1492 1351 Franeolnrto

245 1392 341 1452 Valde
364 1410 410 1452 me
434 1391 610 1451 exhilaravit
631 1393 689 1451 ista
710 1392 811 1463 lorma,
836 1394 920 1469 cujus
943 1391 1132 1453 adornandae
1147 1392 1301 1452 consilinm
1315 1409 1353 1453 ex
1371 1391 1495 1453 Mereor·

139 1481 230 1541 stenii
253 1478 353 1540 libelle
369 1479 527 1557 posthumo
550 1481 603 1553 (11
621 1481 646 1538 11
660 1480 715 1537 1111
738 1480 802 1556 ejus
818 1478 905 1558 dliii)
928 1480 1017 1556 paulo
1036 1482 1117 1555 prius
1132 1479 1287 1557 Tubiugae
1310 1481 1341 1538 ln
1358 1480 1496 1541 Wirtn·

138 1568 241 1645 bergis
256 1584 451 1645 perceperam.
490 1565 643 1625 Collocari
659 1575 689 1626 ct
704 1568 766 1643 ipse
782 1567 952 1627 nonnullam
975 1585 1095 1643 operam
1111 1568 1139 1625 in
1163 1567 1220 1627 lroe
1235 1584 1350 1643 genere,
1375 1570 1495 1644 primum

140 1663 230 1731 atque
247 1654 379 1716 Lincium
402 1670 537 1713 reversus
562 1670 627 1711 sum
642 1653 801 1713 Novembri
824 1658 893 1714 anni
920 1656 1012 1728 1621,
1036 1655 1197 1731 scripsique
1221 1654 1495 1715 demonstrationem

139 1742 302 1818 legitimam
327 1740 584 1818 Logarithmomm
613 1740 650 1799 ad
674 1758 810 1801 numeres
831 1741 972 1802 rotundos
994 1744 1079 1802 seriei
1103 1741 1244 1802 naturalis
1267 1760 1286 1801 a
1310 1743 1396 1803 1000
1420 1742 1459 1801 ad
1485 1744 1495 1803 l

141 1829 351 1907 appellavique
383 1828 529 1888 chiliada.
575 1828 649 1886 Eum
679 1828 811 1888 libellum
843 1831 989 1888 transmisi
1021 1828 1190 1905 Tublngam
1219 1845 1297 1889 anno
1331 1830 1437 1903 1622,
1470 1844 1495 1889 ut

142 1919 363 1993 imprimeretur.
402 1916 443 1974 At
456 1922 614 1990 postquam
636 1932 811 1992 perannum
827 1924 856 1976 ct
877 1917 1004 1992 amplius
1019 1916 1115 1975 haesit
1135 1920 1164 1974 in
1180 1916 1331 1976 Maestliui
1354 1916 1493 1978 manibus

144 2003 264 2063 taudem
287 2004 407 2080 repetii3
429 2003 504 2061 torte
527 2004 707 2079 imprimetur
729 2020 798 2063 eura
821 2002 890 2062 111ΙΙΙι
914 2003 1094 2079 landgravii
1117 2003 1245 2064 Hassiae
1267 2004 1409 2082 Philippl.

249 2090 334 2149 Nune
349 2089 440 2162 lubet,
463 2106 521 2149 nou
542 2091 605 2163 tibi,
628 2088 681 2149 aed
698 2090 818 2168 Briggio
841 2092 963 2168 ejusque
979 2088 1105 2151 Chiliadi
1128 2107 1248 2151 morere
1271 2090 1495 2153 coutroversiae

143 2178 302 2253 ancipitem
326 2179 406 2236 etin
430 2194 475 2235 me
498 2179 593 2253 ipsum
616 2177 690 2237 lonc
714 2182 881 2237 recisuram.

246 2264 362 2337 Video,
393 2281 452 2340 quo
476 2263 599 2323 consilio
623 2266 686 2342 ipse
711 2264 915 2342 Logarithmos
938 2264 977 2324 ad
1005 2266 1095 2324 1411
1121 2266 1161 2323 15
1185 2262 1251 2324 1111
1273 2266 1440 2339 continuet,
1471 2280 1495 2323 ut

141 2350 255 2411 scilicet
278 2354 316 2410 sit
339 2352 442 2427 aliqua
465 2351 629 2411 differentia
651 2351 819 2412 ultimomm
842 2352 1096 2429 Logarithmomm
1119 2351 1239 2411 ultimae
1263 2349 1418 2417 chiliadis.
1464 2350 1495 2411 Αι

142 2442 193 2516 qui
224 2439 301 2499 hanc
333 2439 530 2516 prolixitatem
563 2438 765 2515 amplectitur,
800 2443 825 2498 11
857 2440 954 2516 legem
990 2440 1047 2498 sibi
1080 2441 1135 2516 ipsi
1169 2438 1232 2515 tigit
1263 2440 1495 2499 accuratissima«

142 2528 369 2604 computationis
401 2544 453 2602 per
484 2529 583 2586 omnia
614 2527 680 2586 loca
709 2545 802 2604 usque
834 2527 872 2587 ad
902 2528 1046 2587 ultimum.
1092 2526 1161 2586 Jam
1191 2541 1261 2586 rsro
1292 2527 1413 2586 invenio
1446 2542 1495 2605 sgr

142 2612 342 2674 diversitatem
372 2616 447 2673 inter
476 2631 522 2674 ms
553 2622 581 2673 et
609 2615 760 2692 Briggium
788 2615 854 2675 loco
881 2618 980 2676 statim
1009 2631 1087 2673 nouo
1115 2631 1134 2672 a
1163 2615 1296 2676 sinistris.
1339 2612 1419 2673 liam
1445 2630 1495 2691 eg<

141 2704 359 2776 proportionem
394 2702 470 2760 inter
507 2704 521 2759 l
559 2708 589 2761 et
625 2703 664 2760 10
698 2706 803 2762 metior
836 2719 957 2763 numero
992 2701 1245 2773 2302585141,
1285 2703 1348 2777 ipse
1379 2717 1495 2761 numere

145 2788 482 2847 100000000000000.
527 2786 595 2847 Jam
627 2791 701 2847 inter
733 2793 747 2848 l
780 2798 810 2850 et
840 2793 855 2848 7
888 2791 1106 2866 proportionem
1137 2790 1200 2864 ipse
1231 2790 1350 2847 metitur
1379 2804 1495 2848 numer<

144 2875 459 2946 84509804001426,
483 2893 553 2951 ergo
569 2876 643 2936 inter
660 2879 676 2934 7
695 2884 724 2934 11
743 2878 782 2936 10
798 2885 842 2936 111
858 2879 913 2953 ipsi
928 2876 1003 2937 haec
1018 2877 1168 2954 proportio
1187 2875 1495 2936 15490195988574.

144 2960 256 3035 Quodsi
286 2979 351 3021 mea
375 2963 599 3022 2302585141
633 2970 678 3021 est
705 2965 760 3040 ipsi
787 2963 1129 3036 100000000000000,
1163 2964 1217 3021 erlt
1244 2962 1274 3019 in
1302 2960 1409 3022 eadem
1430 2980 1495 3041 pro·

142 3051 278 3125 portione
300 3050 393 3127 ipsius
421 3051 543 3109 154901
564 3091 670 3110 .....
694 3051 765 3109 milri
790 3050 1112 3122 356674951369943
1140 3057 1170 3108 at
1194 3065 1249 3125 ego
1271 3050 1347 3108 inter
1372 3050 1413 3108 10
1435 3053 1495 3110 etl

142 3136 239 3196 habeo
270 3137 485 3214 proportionem
510 3138 824 3197 35667494813721.
870 3140 932 3197 Aut
959 3140 1047 3214 igitur
1069 3136 1282 3197 demonstretur
1303 3134 1393 3209 milri,
1424 3135 1495 3196 hunt

143 3240 240 3282 mcum
255 3239 407 3282 numerum
422 3241 487 3282 esse
503 3225 642 3283 vitiosum
658 3232 688 3283 et
702 3223 814 3286 differre
830 3245 848 3284 1
864 3227 961 3284 tricies
977 3223 1078 3303 dupla,
1101 3241 1154 3283 seu
1170 3225 1208 3285 ab
1234 3222 1494 3283 tetetttsetrb

144 3314 205 3382 (2³⁰)
228 3327 365 3369 excessus
387 3313 500 3370 numeri
526 3312 851 3371 100000000000000
874 3330 961 3389 super
984 3313 1160 3371 tricesimam
1182 3310 1309 3370 mediam
1332 3311 1495 3387 proportio·

143 3397 240 3457 nalem
267 3400 342 3457 inter
368 3396 446 3456 hunc
474 3405 502 3457 et
528 3399 848 3458 70000000000000:
881 3408 932 3458 aut
962 3399 1089 3457 latentur
1116 3398 1269 3475 Briggius,
1300 3396 1407 3459 ultima
1434 3396 1495 3461 ines

143 3484 399 3560 Logarithmorum
428 3501 546 3543 suorum
570 3484 723 3544 admittere
745 3485 854 3544 limam.
878 3520 919 3529 -
943 3485 1015 3545 Sum
1036 3485 1154 3560 quidem
1177 3502 1349 3564 progressus
1372 3484 1495 3561 lougius

144 3582 173 3632 et
204 3573 380 3631 tricesimam
412 3571 491 3630 illam
527 3574 625 3630 inveni
659 3574 1110 3645 99999999966782056900,
1148 3574 1270 3650 ejusque
1301 3570 1495 3648 legaritlrmut

144 3664 189 3717 est
211 3666 338 3717 statutus
362 3659 807 3731 00000000033217943100,
832 3662 881 3736 qui
897 3660 1109 3736 multiplicatus
1132 3662 1161 3717 in
1189 3656 1404 3720 1073741824
1428 3676 1495 3719 eeu·

143 3746 239 3805 stituit
261 3762 425 3804 mensuram
449 3748 646 3823 proportionis
667 3747 742 3806 inter
769 3749 859 3806 1011
884 3751 899 3805 7
924 3748 1015 3806 hanc:
1042 3747 1495 3807 35667494813722214400;

146 3841 178 3891 11
203 3832 220 3890 5
245 3831 293 3891 rel
318 3834 336 3890 6
359 3832 467 3908 figuras
491 3832 608 3891 ultimas
631 3833 755 3893 libenter
778 3836 806 3892 in
833 3834 939 3894 damno
962 3851 1049 3911 pono.

247 3918 389 3993 Teutavi,
423 3937 492 3977 num
516 3920 653 3997 Briggius
683 3938 752 3980 usus
781 3923 820 3980 sit
847 3938 983 3981 mensura
1012 3920 1119 3997 duplae
1147 3920 1314 3996 Neperiaua
1338 3921 1491 3981 6931469

143 4024 233 4083 quam
261 4023 316 4081 ego
347 4008 464 4065 ornnino
495 4008 614 4067 invenio
644 4007 734 4067 hauc:
769 4009 992 4068 6931471928.
1038 4008 1234 4084 Nequaquam
1256 4007 1323 4067 hoc.
1368 4006 1448 4067 Nam
1471 4024 1495 4067 ut

143 4096 235 4171 ipsius
262 4094 587 4153 100000000000000
610 4094 648 4153 ad
673 4096 994 4169 30102999566398,
1024 4112 1190 4155 mensuram
1213 4093 1339 4170 duplae,
1368 4097 1413 4154 sio
1436 4110 1495 4155 met

143 4181 355 4241 2302585141
388 4180 425 4239 ad
457 4180 767 4254 1111693147195,
802 4200 877 4259 quae
905 4184 1036 4259 proxime
1065 4199 1130 4242 cnm
1161 4199 1228 4241 mea
1257 4180 1412 4255 coincidit,
1444 4198 1495 4242 not

142 4286 209 4327 eum
232 4268 406 4343 Neperiaua.

248 4354 398 4414 chiliades
421 4354 534 4431 Briggii
556 4355 687 4431 reliquas
707 4355 768 4431 jam
792 4355 945 4415 absolutas
969 4355 1113 4414 existimo.
1157 4354 1264 4429 ltaque
1287 4371 1378 4431 rogo,
1402 4362 1437 4414 ut
1457 4371 1495 4415 mr

143 4458 194 4518 per
217 4440 362 4501 nundinas
385 4441 562 4517 reliquarum
586 4444 758 4515 diluerem,
782 4442 903 4502 totidem
925 4449 958 4500 ut
975 4441 1061 4501 rideo
1083 4443 1200 4518 paginis
1217 4440 1495 4518 comprehensarum

141 4529 258 4588 faciatis
280 4532 462 4605 participem.

117 4672 119 4677 .
247 4615 455 4693 liogarithmos
486 4624 600 4675 restros
633 4615 720 4676 rideo
753 4617 879 4693 effugere
912 4617 1064 4676 cautiones
1096 4616 1224 4675 cossieas
1254 4614 1322 4675 illas
1352 4615 1495 4685 molestas,

141 4700 231 4762 rideo
254 4720 383 4763 crescere
405 4703 473 4763 illos
496 4720 562 4762 cum
586 4711 734 4764 crescente
757 4704 879 4764 termino
902 4703 1099 4781 proportionis
1122 4702 1243 4778 majore,
1271 4700 1359 4763 rideo
1382 4700 1495 4782 pulchre

143 4787 212 4849 illos
234 4790 379 4865 incedere,
402 4800 522 4852 ornatos
544 4798 615 4868 toga
636 4794 762 4853 sinuum.
809 4792 849 4851 At
871 4808 937 4852 eum
959 4791 1079 4875 longius
1101 4790 1240 4853 recedant
1262 4806 1281 4849 a
1301 4807 1357 4851 sua
1381 4792 1495 4871 origiue,
