3284 5520
639 347 729 403 Notae
746 348 877 406 lddttoris.
1378 349 1441 416 141

79 519 137 575 dem
155 521 333 591 orientalem
354 520 431 590 edunt
449 518 534 591 enim,
552 522 660 579 volasse
678 523 788 595 globum
807 538 890 594 super
907 520 1011 588 iorum,
1035 520 1109 591 qnod
1127 521 1195 592 ipsis
1213 528 1272 577 erat
1290 521 1325 578 ed
1343 526 1440 593 odam,

78 599 218 655 conditum
235 596 301 671 post
317 600 400 654 aedes
418 599 612 670 provinciales,
639 600 712 669 quod
731 609 774 657 est
791 600 825 655 ab
845 607 906 656 ortu
924 616 1019 670 parum
1039 601 1073 655 ad
1092 599 1231 655 meridiem
1252 640 1363 656 .....
1400 606 1441 654 to

79 682 224 743 opinionem
242 681 399 747 Scblckardi,
419 678 501 746 „qnod
521 681 583 731 baec
601 692 711 731 meteore
729 698 759 733 ex
779 684 853 731 lamis
871 684 898 731 in
911 681 993 731 altum
1005 679 1111 731 sublatis
1123 683 1271 731 naturaliter
1282 684 1439 745 gignantur?

78 750 144 815 qnod
163 750 261 817 eredat,
281 751 430 814 ,draconem
449 753 601 814 anul1618,
620 753 741 815 postridie
760 753 870 802 incendii
882 751 1062 812 Vsibingensis
1075 754 1165 816 visum,
1185 766 1216 800 ex
1229 754 1326 813 maguis
1339 754 1440 814 ignibus

78 821 218 879 exbalasse,
237 821 374 871 contulisse
393 823 469 871 etiam
487 823 584 887 ailquid
603 823 725 872 cadevera
743 828 782 873 tot
798 819 938 879 hominnm,
957 824 1069 871 inlausto
1089 820 1156 871 bello
1176 822 1324 872 Germanico
1343 825 1440 873 occiso·

76 906 136 957 rum,
156 896 182 940 st
200 892 396 941 similitudinem
414 898 522 956 quaerat
539 894 565 940 in
579 891 683 941 flatibus
695 894 873 942 intestinorum
886 897 941 958 etc,
961 892 994 941 ad
1007 893 1066 940 baec
1080 891 1203 954 Kaplerns
1218 894 1245 940 in
1258 893 1347 941 iisdem
1359 891 1441 942 literis

77 975 171 1019 nocet:
201 966 339 1036 Quicquid
362 967 399 1023 sit
423 984 484 1023 cnm
506 966 688 1033 incendium,
714 967 869 1037 exemplum
888 973 961 1021 certe
979 967 1018 1021 rei
1036 966 1123 1036 ipsius
1142 958 1352 1033 Schiclrardus,'
1365 966 1439 1021 haud

77 1045 161 1113 paulo
187 1047 356 1115 ingeniosius
381 1063 463 1116 quem
486 1047 582 1116 purius
606 1047 710 1114 attigit,
736 1047 783 1101 ubi
806 1045 840 1101 de
865 1045 974 1101 datibus
997 1043 1188 1101 intestinorum
1206 1046 1347 1114 loquitur·
1369 1046 1439 1101 Nam

76 1126 219 1180 nuteriam
242 1128 374 1182 nitrosum
395 1127 590 1196 interspersum
612 1140 675 1180 esse
697 1125 878 1180 excrementis
902 1124 1071 1189 animalium,
1097 1141 1142 1179 ars
1160 1125 1221 1193 ipsa
1240 1124 1359 1180 faciendi
1376 1125 1440 1179 nitri

76 1202 170 1257 docet:
195 1205 268 1259 solet
290 1205 362 1259 enim
385 1203 500 1258 materis
526 1204 583 1272 peti
606 1218 640 1256 ex
666 1202 794 1268 embolis,
820 1201 848 1254 in
867 1216 937 1270 qaae
954 1200 1102 1255 multorum
1119 1217 1253 1257 annorum
1272 1204 1440 1259 urinationes

77 1280 263 1337 deduxerunt.
306 1283 377 1337 Eam
400 1297 465 1336 vero
489 1281 580 1336 subito
606 1282 677 1337 intra
699 1296 799 1350 corpus
823 1280 948 1335 animalis
973 1279 1135 1335 inflammari
1159 1282 1238 1350 qnasi
1261 1298 1309 1337 sen
1333 1283 1440 1351 difflari,

77 1359 168 1412 calore
186 1361 284 1428 utique
302 1376 358 1414 non
377 1360 448 1414 Solis
467 1359 515 1414 sed
534 1360 669 1429 corporis,
693 1372 816 1414 rumores
839 1358 1032 1412 intestinorum
1054 1358 1189 1415 subitanei
1210 1369 1329 1429 arguunt
1347 1369 1375 1416 et
1392 1361 1440 1416 illa

77 1437 167 1492 tristia
186 1438 291 1494 colicas
309 1438 445 1508 passionis
465 1446 614 1507 tormenta,
635 1453 705 1509 quae
723 1445 791 1508 puto
812 1452 872 1491 esse
891 1452 907 1490 a
925 1436 1068 1491 subitanea
1085 1438 1168 1492 nimia
1186 1438 1258 1493 mole
1276 1439 1371 1493 talium
1389 1439 1440 1494 fle-

76 1522 160 1577 tuum,
180 1531 252 1583 quae
266 1516 372 1572 viscera
384 1517 508 1573 extendit
519 1525 548 1572 et
561 1517 671 1574 infercit
683 1524 711 1572 et
724 1515 859 1571 cholerico
872 1514 961 1569 halitu
972 1521 1110 1583 pungente
1124 1516 1299 1573 acerbissime
1311 1517 1440 1575 lancinat.
1541 1518 1543 1523 '

180 1596 222 1644 Ad
246 1611 290 1663 eu,
316 1612 381 1663 qnae
399 1598 558 1648 liabreobtus
583 1599 613 1648 de
636 1598 772 1647 altitudine
794 1594 863 1657 globi
888 1593 997 1643 volantis
1021 1595 1094 1663 dicit,
1120 1597 1243 1662 Keplerus
1263 1600 1324 1649 baec
1343 1606 1440 1649 monet:

76 1673 129 1739 tit,
154 1673 240 1728 veluti
259 1690 276 1728 a
294 1673 343 1731 60⁰
366 1673 516 1730 altitudinis
534 1684 657 1731 coortum
676 1689 737 1728 csse
755 1671 865 1742 globum
884 1671 1007 1739 igneum,
1034 1672 1149 1726 assumit
1166 1680 1258 1727 antem
1276 1673 1384 1729 initium
1401 1675 1441 1729 illi

77 1750 173 1820 lapsus
191 1751 278 1806 inisse
296 1750 331 1807 ab
350 1751 452 1807 ultimis
471 1752 553 1807 radiis
573 1752 645 1808 Solis
664 1750 865 1812 occumbentis,
889 1747 953 1801 inde
971 1747 1081 1802 coniicit
1097 1748 1292 1805 sublimitatem
1308 1753 1327 1809 8
1344 1754 1440 1808 millia·

78 1830 161 1892 riom;
185 1830 292 1899 locum,
314 1831 360 1885 cui
378 1830 513 1886 verticalis
532 1842 592 1888 erat
611 1833 656 1887 ille
674 1846 807 1888 excursus
824 1828 900 1882 velut
919 1841 934 1878 e
952 1826 1121 1895 carceribus,
1139 1827 1156 1880 t
1174 1828 1334 1885 milliaribus
1352 1847 1369 1885 a
1387 1831 1440 1885 Tu·

76 1908 159 1976 binga
181 1908 314 1965 distitisse
337 1925 433 1964 versus
455 1915 555 1966 ortum.
590 1912 654 1966 Non
671 1907 794 1974 excedit,
821 1913 852 1961 ut
875 1904 964 1972 vides,
987 1901 1055 1958 fines
1074 1905 1326 1979 Wdrtembergiae3
1353 1926 1388 1964 ex
1407 1925 1440 1965 eo

75 1986 135 2042 loeo
161 1995 312 2056 supersunt
333 2004 421 2056 usque
444 1987 473 2042 in
495 1989 601 2045 radices
620 1989 689 2045 Cetii
714 1986 814 2042 montis
838 1984 894 2050 (cui
918 1998 1017 2037 nomen
1035 1998 1052 2036 a
1069 1983 1179 2053 Strena,
1207 1984 1265 2039 rivo
1284 1986 1347 2041 inde
1366 1988 1440 2056 orto)

77 2067 204 2121 milliaria
221 2082 276 2121 non
292 2067 383 2122 minus
400 2068 443 2123 ld.
475 2067 516 2121 Sit
534 2069 558 2122 T
575 2068 752 2138 Tubinga,*0
771 2078 891 2132 carcere,
911 2061 983 2117 unde
1002 2068 1112 2117 coortus
1130 2061 1237 2131 globus,
1255 2063 1378 2130 Plecus,
1396 2066 1441 2120 oui

76 2153 142 2200 tune
165 2146 339 2213 imminebat,
364 2145 479 2201 Smons
497 2147 648 2216 Strenberg
666 2145 870 2218 (Kahlenbergl.
909 2142 951 2195 Sit
968 2141 1015 2195 ΤΡ
1038 2141 1211 2209 midumai,
1236 2141 1278 2195 PS
1296 2144 1344 2209 70,
1370 2143 1440 2200 OTP

78 2224 112 2279 sit
130 2225 189 2294 60⁰,
208 2223 357 2293 largiamur
372 2223 435 2288 ista,
453 2224 536 2293 igitur
553 2235 584 2282 ut
600 2228 677 2282 sinus
696 2229 743 2281 30⁰
761 2222 851 2292 (POT)
869 2221 904 2275 ad
923 2220 968 2274 PT
987 2221 1013 2288 (l
1026 2220 1112 2289 mill),
1131 2221 1171 2274 sic
1189 2220 1265 2274 sinus
1277 2221 1326 2274 ott
1343 2220 1440 2289 (OTP)

75 2304 105 2358 ad
127 2304 184 2359 ΟΡ.
221 2304 304 2358 Venit
326 2304 372 2359 ΡΟ
395 2304 453 2359 lere
477 2306 494 2359 7
515 2306 648 2362 milliaria.
692 2306 730 2362 Ut
1061 2365 1065 2374 ,

76 2392 165 2437 sutem
185 2382 228 2439 SO
256 2381 292 2438 ad
314 2388 416 2453 totum,
442 2384 481 2438 sic
503 2384 549 2438 Po
576 2385 612 2439 ad
639 2385 728 2440 sinum
1037 2364 1093 2423 mg,
1115 2366 1156 2413 ¹⁰·

75 2463 164 2531 anguli
183 2463 259 2518 OSP.
296 2461 379 2516 Venit
397 2462 464 2517 OSP
483 2464 514 2518 3⁰
530 2464 580 2519 39¹.
610 2464 685 2532 Ergo
704 2465 728 2520 si

75 2540 96 2595 0
113 2541 215 2597 inisset
230 2542 259 2595 in
273 2539 492 2608 thrtembergie
510 2540 616 2597 elevate
633 2545 650 2597 l
668 2543 726 2597 mil·

73 2617 163 2688 liaris,
182 2620 255 2674 linea
273 2635 314 2674 sc.
331 2618 385 2686 ΟΡ,
402 2619 432 2674 in
449 2628 542 2674 monte
560 2620 725 2691 Strenbergo
1074 2559 1383 2817 ‘k

74 2714 126 2754 non
144 2700 282 2768 pottdsset
300 2698 432 2753 elevatior
449 2699 533 2754 videri
552 2699 679 2768 gradibus
698 2702 724 2754 d.

72 2777 156 2845 Atqui
182 2776 305 2833 relerrmt
327 2779 445 2834 viatores
464 2785 516 2837 etc.
545 2783 614 2850 (vide
631 2782 727 2850 supra.)
833 2836 852 2884 ⁸

73 2855 137 2909 Fuit
157 2856 242 2924 igitur
264 2863 403 2912 meteoron
429 2858 537 2914 minime
558 2859 659 2914 aenum
681 2876 725 2915 ra·
1241 2829 1264 2881 ²
1380 2827 1404 2875 Ὦ

74 2934 147 2990 tione
164 2934 228 3003 loci,
247 2935 296 2990 sed
314 2937 393 2991 valde
411 2936 535 3007 sublime,
553 2938 594 2993 sic
611 2946 642 2994 ut
660 2940 696 2995 70
708 2940 751 2994 vel
763 2944 798 3002 80
815 2945 943 3003 milliaria
960 2963 1016 3003 non
1028 2947 1108 3006 valde
1120 2966 1249 3019 magnam
1263 2959 1440 3007 causarentur

73 3011 221 3082 adspectus
240 3012 433 3071 diversitatem.

180 3095 298 3159 Denique
315 3096 439 3158 Keplerus
457 3099 507 3146 boo
524 3100 573 3148 tert
588 3101 714 3161 jndielnm
731 3103 762 3151 de
781 3106 912 3155 conatibus
932 3108 1090 3173 Schicksrdi,
1109 3092 1257 3160 dimetiendi
1276 3112 1438 3162 altitudinem

75 3174 193 3220 nemost:
219 3171 311 3238 Atque
333 3172 408 3227 buno
431 3188 483 3241 ego
501 3173 668 3228 Mercurium
694 3193 744 3231 cur
767 3194 822 3231 non
847 3178 1034 3236 lubentissime
1057 3181 1180 3250 audiam,
1207 3184 1277 3239 dam
1301 3200 1350 3254 per
1367 3186 1440 3241 invia

76 3247 233 3303 molientem
250 3247 486 3316 ingeniosissime?
511 3253 585 3308 Ecce
603 3254 674 3309 eninr
692 3255 915 3325 promtitudinem
934 3264 962 3312 et
980 3259 1156 3315 calliditatem
1174 3263 1300 3322 hominis,
1317 3264 1359 3318 nti
1377 3279 1438 3318 sese

74 3326 274 3382 circumventus
296 3327 389 3397 iuopia
413 3331 633 3389 observationum
659 3349 693 3388 ex
719 3334 850 3401 angustiis
874 3336 1007 3405 explicet,
1032 3343 1145 3405 receptu
1162 3339 1196 3392 ad
1214 3340 1438 3396 illuminationem

75 3405 147 3460 freto
166 3408 344 3473 (Sebickardus
363 3415 521 3463 sceleribus
545 3417 648 3465 meteori
672 3422 697 3464 et
720 3416 852 3480 splendore
876 3418 1004 3468 concludit
1025 3419 1053 3466 in
1077 3417 1256 3485 altitudinem).
1294 3418 1360 3487 Quis
1383 3437 1437 3475 non

74 3482 171 3539 lovem
189 3482 308 3555 lapidem
323 3486 414 3558 juret,
442 3490 561 3547 colorum
581 3493 699 3548 omnium
718 3493 800 3562 hrq'us
818 3494 1000 3563 phaenomcni
1019 3506 1115 3550 causae
1133 3495 1285 3565 ipsissimas
1303 3500 1331 3552 in
1350 3499 1437 3555 lucem

75 3578 135 3619 esse
151 3563 286 3636 prolatas,
304 3567 343 3622 sic
361 3575 392 3622 ut
410 3567 480 3623 aliae
497 3577 636 3640 noqueunt
654 3571 736 3627 esse?
763 3572 877 3640 gradum
894 3571 929 3627 ad
948 3572 1141 3628 dimensionem
1153 3573 1305 3630 altitudinis
1319 3584 1347 3632 et
1358 3579 1439 3636 molis

77 3657 125 3710 per
142 3657 207 3697 enm
224 3648 360 3699 coactum
379 3662 440 3703 esse
457 3645 659 3703 firmissimum?
690 3649 778 3703 Velim
796 3650 862 3705 mihi
879 3650 953 3705 huuc
970 3650 1046 3706 illum
1064 3666 1157 3706 coram
1174 3651 1242 3714 sisti,
1261 3662 1294 3708 nt
1310 3658 1438 3712 observa-

46 3723 56 3741 *
79 3720 183 3775 tionum
201 3720 338 3777 euidentia
356 3733 512 3794 coargutus,
531 3726 597 3795 quid
615 3743 745 3785 novarum
762 3729 862 3783 artium
875 3727 909 3783 sd
922 3743 952 3782 sc
964 3729 1140 3785 muniendum
1153 3738 1228 3788 esset
1240 3733 1437 3804 explicaturus,

78 3814 159 3854 orans
178 3807 304 3870 spectare
322 3817 440 3871 possem.

181 3882 391 3934 Controversiam
407 3885 478 3936 illam
501 3889 567 3936 inter
592 3887 774 3938 Scblctardum
800 3894 826 3937 et
849 3888 1022 3939 Esbreohtnm
1046 3892 1133 3953 paucis
1158 3893 1239 3952 tangit
1263 3893 1388 3956 lieplerus
1410 3895 1438 3943 in

77 3950 155 4002 literis
182 3955 215 4002 sd
239 3955 423 4016 Berneggernm
449 3958 681 4017 Argentoratensem
707 3961 816 4021 scriptis.
854 3960 1024 4022 Berneggerns
1049 3960 1073 4012 d.
1100 3965 1140 4011 14.
1165 3962 1224 4013 Feb.
1245 3965 1314 4013 1624
1337 3966 1436 4013 scribit:

79 4021 166 4072 Habes
191 4025 234 4073 bic
251 4025 284 4075 D.
303 4026 439 4075 Habrecbti
465 4028 496 4076 de
520 4026 595 4087 globo
613 4029 687 4088 lgneo
705 4035 858 4095 tractatum,
882 4044 938 4078 nam
957 4031 989 4080 D.
1008 4031 1156 4080 Sobiclrardi
1174 4032 1228 4080 sine
1247 4034 1325 4083 dublo
1343 4034 1438 4095 vidisti,

78 4106 224 4159 quenquam
246 4096 289 4144 bio
313 4098 389 4144 etiam
407 4097 510 4146 additus
529 4104 578 4156 est,
604 4098 648 4146 sed
666 4100 806 4158 germanice
824 4114 918 4149 sersus.
955 4101 995 4148 Ad
1014 4102 1075 4148 baec
1093 4100 1219 4164 Keplerns
1237 4099 1273 4166 (d.
1291 4106 1335 4155 29.
1353 4104 1438 4153 Martii

79 4172 169 4237 rotet:
187 4170 242 4225 Pro
259 4171 409 4228 Habrechti
427 4172 520 4228 libello
538 4173 650 4244 gratiss.
682 4174 743 4229 Vidi
760 4175 894 4245 principia
911 4177 1097 4246 responsionis
1116 4176 1284 4246 Schickardi,
1303 4177 1339 4233 ad
1356 4195 1438 4248 quem

78 4246 147 4304 buno
165 4248 287 4305 ldsellnm
306 4248 455 4321 adiedum,
478 4252 524 4307 ubi
542 4251 697 4323 perlegeris,
716 4253 739 4308 si
757 4253 842 4309 otium
861 4261 903 4309 est
920 4255 1028 4309 remitte
1048 4253 1136 4323 (petiit
1154 4255 1234 4323 enim)
1253 4255 1332 4325 eiquo
1349 4256 1437 4313 scribe

79 4327 146 4389 (nam
170 4327 303 4384 excludor
325 4334 471 4400 tempore),
496 4345 594 4398 rogare
616 4347 675 4399 me,
698 4337 730 4385 ut
752 4330 797 4385 ille
815 4331 911 4397 Falco,
938 4348 1018 4401 quem
1043 4332 1108 4386 mihi
1133 4333 1331 4388 commendavit
1347 4341 1375 4390 et
1393 4337 1439 4392 cui

79 4404 148 4462 bunc
172 4404 297 4463 libellum
320 4408 557 4478 petiit„libellnm
582 4410 610 4464 iu
634 4409 721 4466 forma
745 4410 937 4480 disputationis
961 4409 1071 4481 publice
1087 4419 1236 4482 proponat,
1261 4413 1321 4482 ipae
1338 4430 1438 4470 nomen

80 4502 165 4543 neum
182 4487 299 4544 Falconi
317 4505 371 4545 non
389 4488 500 4558 prodat3
519 4489 625 4545 initium
643 4490 829 4560 impressionis
847 4506 864 4546 a
880 4490 960 4545 litera
977 4492 1002 4546 Α
1019 4489 1076 4558 dat,
1094 4496 1125 4545 ut
1142 4490 1338 4560 praelationem
1356 4492 1436 4547 aliam

80 4566 134 4636 ipse
151 4565 305 4637 praefigere
322 4570 433 4639 possim.
465 4569 569 4625 Theses
581 4586 636 4625 non
649 4568 806 4639 intervallis,
826 4571 875 4626 sed
887 4569 968 4625 nudis
980 4569 1158 4641 paragraphis
1172 4576 1199 4624 et
1211 4571 1330 4626 numeris
1343 4571 1437 4628 distin·

10 4674 13 4684 ·
83 4656 202 4712 guantur.
239 4646 332 4715 Dicat,
351 4664 381 4703 se
398 4649 470 4704 huno
488 4647 575 4716 ignoti
592 4649 711 4703 auctoris
731 4647 851 4703 libellum
870 4649 987 4703 examini
1005 4648 1189 4704 studiosorum
1206 4646 1234 4700 in
1253 4647 1438 4719 disputatione

84 4723 188 4791 publica
209 4725 355 4794 subjicere.
391 4727 466 4783 Scito
489 4725 562 4781 alind
581 4725 721 4794 exemplar
738 4725 804 4779 mihi
823 4740 877 4780 non
896 4740 966 4784 esec.
1003 4726 1178 4796 Exemplaria
1195 4724 1322 4795 pluscula
1338 4728 1437 4802 iaciat3

86 4816 141 4858 uam
158 4803 207 4860 ubi
226 4804 351 4873 denique,
368 4805 456 4862 idaeis
474 4806 542 4861 meis
559 4804 710 4874 maleredo,
727 4819 825 4861 nomen
844 4819 934 4861 meum
946 4807 1102 4876 accesserit,
1120 4806 1230 4863 libellos
1248 4808 1315 4865 loris
1332 4810 1436 4866 venalis
