3284 5520
220 332 286 402 812
568 334 610 391 Da
628 334 801 404 septuaginta
817 332 1033 391 hebdomadibus
1050 332 1079 389 in
1096 331 1218 389 Daniele.

219 508 504 586 ,abominationes“.
542 510 640 588 Atque
664 513 719 572 hoc
742 521 786 572 est
809 511 932 573 alterum
955 514 1079 587 signum,
1104 528 1163 589 quo
1178 510 1262 571 Deus
1286 509 1394 571 electis
1411 511 1474 569 suis
1489 511 1575 587 signi·

215 598 325 669 licavit,
348 600 497 658 imminere
520 600 599 657 urbis
624 599 830 673 calamitatem,
857 599 935 675 quod
959 598 1090 659 Christus
1114 601 1176 676 ipse
1199 599 1318 676 repetiit
1341 599 1470 674 suisque
1492 597 1575 657 disci·

215 684 292 762 pulis
316 686 485 747 intuendum
508 688 669 763 proposuit.
716 684 864 761 Quantum
887 690 1037 764 apparuit,
1060 686 1161 746 debuit
1183 686 1239 746 hoc
1262 684 1304 743 illi
1330 702 1428 745 musa
1451 703 1525 759 esse,
1546 693 1575 745 ut

215 775 240 832 si
268 773 465 833 abominabile
493 774 605 850 aliquid
630 777 658 832 in
682 773 747 834 loco
770 777 968 834 sacratissimo
991 786 1135 851 repertum
1159 775 1211 846 sit,
1241 772 1391 849 religione
1415 774 1501 832 vetiti
1524 775 1576 832 sint

215 861 381 920 sacerdotes
405 861 568 931 immolare,
593 870 644 920 aut
666 864 690 920 si
707 862 817 939 templo
831 879 883 938 per
897 862 1072 921 seditionem
1088 868 1230 938 occupato
1247 878 1266 918 a
1281 860 1483 919 sacrificando
1498 860 1576 937 plebs

215 956 244 1009 et
266 948 434 1008 sacerdotes
456 948 595 1025 prohibiti
618 950 684 1023 sint,
709 960 759 1007 aut
782 950 840 1008 tale
864 948 944 1024 quid.
983 948 1066 1008 Haec
1089 950 1166 1008 enirn
1182 949 1345 1007 arctissime
1363 950 1494 1007 invicem
1510 964 1576 1006 coa-

214 1044 368 1095 uectuntur
399 1037 571 1111 ,abrogatio
602 1038 662 1096 veri
693 1036 787 1095 cultus
815 1048 844 1095 et
873 1037 1053 1095 abominatio
1083 1039 1112 1094 iu
1140 1037 1206 1095 loco
1229 1036 1367 1094 saucto.“
1417 1033 1576 1111 Utrumque

214 1125 302 1183 etiam
325 1123 503 1199 conjunctim
526 1133 655 1200 tempore
678 1123 921 1183 Maccahaeorum
944 1123 1060 1183 accidit
1106 1122 1189 1199 Quae
1212 1140 1258 1181 res
1281 1140 1329 1181 me
1353 1132 1470 1195 movet,
1494 1140 1575 1183 acce-

216 1210 304 1270 dente
328 1213 416 1269 etiam
438 1213 596 1271 salvatoris
618 1214 708 1270 nostri
732 1214 915 1283 auctoritate,
939 1219 971 1270 ut
994 1211 1142 1270 discedam
1166 1211 1204 1269 ab
1227 1226 1327 1269 eorum
1344 1212 1507 1281 sententia,
1530 1211 1574 1287 qui

214 1298 287 1359 haec
318 1300 415 1357 omnia
445 1298 484 1358 ad
515 1299 620 1357 Christi
644 1300 809 1374 passionem
833 1309 862 1358 et
885 1300 954 1358 novi
977 1301 1143 1358 testamenti
1168 1299 1384 1356 institutionem
1409 1316 1574 1357 accommo-

215 1385 294 1457 dant,
319 1402 442 1460 quorum
466 1386 583 1461 quidem
607 1388 708 1464 pietati
731 1385 802 1444 nihil
828 1388 855 1442 in
880 1403 916 1446 eo
939 1386 1171 1463 praejudicatum
1196 1386 1278 1456 volo,
1303 1387 1378 1461 quin
1402 1386 1463 1445 hoc
1486 1388 1573 1463 ipsun

214 1492 273 1533 urta
296 1491 360 1531 curn
385 1473 442 1531 illis
465 1473 600 1549 religiose
623 1482 722 1544 testor,
746 1476 919 1550 principium
942 1472 1030 1549 hujus
1054 1473 1164 1532 oraculi
1188 1471 1223 1531 de
1246 1474 1420 1548 expiatione
1439 1480 1572 1549 peccato·

215 1578 278 1619 rum
301 1569 330 1619 et
353 1563 489 1620 unctione
513 1563 687 1619 sanctissimi
711 1578 768 1618 raon
793 1560 829 1619 dc
851 1561 910 1620 alio
935 1559 1083 1636 quamde
1107 1560 1222 1620 Christo
1245 1558 1456 1635 intelligenda.

318 1648 359 1705 Et
380 1666 476 1724 usqae
499 1648 541 1706 od
561 1650 662 1725 finem.
702 1646 785 1708 Haec
809 1647 940 1707 Christus
963 1643 1052 1730 (Luc.
1070 1644 1137 1728 21.)
1160 1650 1203 1706 sic
1226 1649 1368 1725 exponit:
1395 1647 1572 1724 „calcabitur

211 1733 379 1795 Jerusalem
402 1752 420 1793 a
442 1737 586 1810 gentibus,
612 1735 705 1794 donec
729 1734 902 1812 impleantur
924 1746 1055 1811 tempora
1077 1737 1260 1795 nationum“.

315 1821 404 1882 Hisce
428 1825 470 1882 sic
494 1841 530 1882 ex
552 1823 709 1883 collatione
732 1825 920 1900 interpretum
943 1824 1110 1899 praemissis
1134 1831 1163 1883 et
1177 1821 1363 1896 singulorum
1379 1825 1498 1881 ratione
1512 1821 1570 1881 red·

213 1907 290 1981 dita,
323 1909 570 1986 paraphrasticam
599 1909 709 1969 oraculi
734 1912 1015 1987 interpretationem,
1045 1918 1130 1985 prout
1154 1926 1209 1985 ego
1232 1909 1411 1986 prophetam
1436 1910 1569 1985 intelligo,

213 1994 400 2072 subjungam.
448 1995 677 2073 „Quadringenti
706 2000 865 2073 nonaginta
894 2000 1006 2057 circiter
1036 2000 1104 2055 anni
1127 2016 1146 2055 a
1168 1997 1225 2054 Dei
1252 1996 1446 2073 providentia
1470 1995 1569 2075 populo

212 2090 241 2142 et
264 2083 328 2142 urbi
352 2092 420 2143 tuac
444 2083 580 2143 destinati
602 2094 685 2157 sunt3
710 2102 784 2159 quos
807 2086 883 2144 intra
905 2084 1084 2144 coercebitur
1107 2086 1242 2159 impietas
1267 2092 1296 2142 et
1320 2093 1450 2161 peccata
1476 2087 1570 2160 expia·

213 2171 292 2229 tione
316 2170 395 2230 lacta
418 2170 648 2230 obliterabuntur
665 2172 841 2247 justitiaque
863 2172 1289 2249 sempiterna-instaurabiturr
1325 2188 1388 2246 quo
1412 2171 1569 2248 impleatur,

212 2257 351 2334 quicquid
375 2260 404 2315 in
427 2260 517 2319 sacris
540 2258 665 2318 oraculis
681 2276 700 2317 a
714 2259 866 2335 prophetis
889 2277 1017 2336 unquam
1039 2269 1083 2318 eet
1097 2258 1254 2335 proditum,
1279 2260 1462 2335 inaugurato
1478 2268 1569 2318 sancto

212 2342 264 2405 illo
288 2354 455 2406 sauctorum
479 2348 608 2407 omnium
632 2347 827 2405 sanctissimo.

317 2430 502 2509 Quapropter
523 2437 565 2492 ita
588 2434 712 2493 habeto:
743 2453 762 2493 a
784 2432 1016 2512 promulgatione
1047 2432 1153 2492 decreti
1178 2430 1213 2491 de
1238 2429 1466 2492 reaedificandis
1488 2432 1567 2493 Jero-

212 2518 344 2598 solymis,
368 2539 456 2596 quam
480 2520 529 2579 diu
554 2530 656 2580 unctos
678 2521 805 2597 populus
829 2521 949 2580 habebit
972 2521 1127 2594 antistites,
1152 2522 1221 2577 anni
1244 2518 1568 2595 quadragintanovem,

213 2615 242 2665 et
271 2614 338 2683 post
367 2608 421 2666 hos
445 2606 494 2668 alii
519 2611 586 2666 renni
611 2607 814 2685 quadringenti
840 2610 960 2683 triginta
982 2618 1107 2684 quatuor
1130 2606 1229 2667 tluent.
1275 2605 1428 2685 Principio
1453 2624 1568 2684 namque

211 2712 311 2753 murus
335 2702 363 2754 et
388 2697 443 2753 vici
469 2696 548 2754 urbis
564 2696 803 2755 restaurabuntur
818 2694 976 2755 admodum
991 2694 1156 2753 difficilibus
1172 2703 1201 2753 et
1217 2693 1368 2770 impeditis
1385 2698 1567 2772 temporibus.

318 2779 401 2856 Quae
424 2783 475 2840 ubi
495 2783 558 2859 jam
581 2782 810 2859 quadringentos
834 2785 952 2860 triginta
975 2792 1101 2855 quatuor
1124 2799 1216 2841 annos
1233 2780 1327 2840 dictos
1343 2787 1491 2855 steterint,
1514 2802 1569 2842 ma·

211 2870 351 2945 gistratus
381 2870 459 2928 uncti
488 2887 573 2948 porro
602 2869 712 2930 aboleri
742 2872 882 2947 incipient
903 2868 1035 2946 nullique
1058 2869 1183 2947 amplius
1205 2886 1335 2945 unquam
1361 2878 1458 2930 erunt
1503 2870 1569 2930 Nam

213 2958 313 3016 urbem
336 2964 365 3016 et
389 2958 530 3033 templum
554 2965 666 3017 evertet
688 2958 830 3035 populus,
861 2960 911 3033 qui
940 2959 1092 3033 imperium
1115 2956 1277 3032 posthaec
1301 2966 1437 3033 tempora
1463 2958 1569 3017 demum

212 3046 344 3120 accipiet,
365 3045 428 3119 jam
452 3044 630 3104 nonhabet.
669 3045 711 3103 Eo
736 3048 825 3104 exitio
849 3062 901 3104 ceu
925 3044 1037 3103 diluvio
1060 3044 1188 3121 quodam
1204 3043 1272 3102 urbs
1288 3046 1409 3120 penitus
1427 3047 1568 3117 obruetur,

212 3141 241 3191 ct
264 3132 345 3189 finito
370 3133 486 3190 demum
510 3132 587 3191 bello
611 3150 629 3191 a
652 3131 848 3191 ltrndamentis
872 3134 1044 3191 vastabitur.

317 3218 435 3294 Septem
464 3228 560 3279 tamen
586 3219 695 3278 ultimis
718 3221 801 3279 aunis
825 3220 862 3278 ad
886 3218 1076 3296 supplendam
1101 3218 1207 3276 dictam
1231 3233 1393 3290 summam,
1427 3228 1458 3277 et
1481 3221 1569 3296 prius·

214 3323 301 3380 quarn
326 3305 399 3365 haec
423 3310 567 3379 evenient,
593 3308 673 3366 licus
697 3307 799 3366 loedus
823 3307 903 3379 illud,
928 3307 1005 3383 quod
1030 3325 1094 3365 cum
1118 3308 1212 3381 gentis
1233 3306 1398 3380 majoribus
1414 3309 1490 3381 iniit,
1513 3326 1569 3365 cum

211 3394 310 3450 multis
342 3395 504 3453 renovabit.
551 3393 683 3468 Quattuor
706 3404 802 3454 autern
828 3396 862 3453 de
887 3393 944 3453 illis
968 3404 1080 3470 septem
1104 3394 1229 3462 exactis,
1261 3394 1493 3470 interrumpetur
1515 3412 1570 3451 mor

210 3480 347 3540 offerendi
381 3491 409 3540 et
440 3480 575 3541 adolendi
605 3483 730 3555 hostiae,
763 3492 921 3559 apparente
951 3482 1028 3558 apud
1057 3490 1173 3540 sanctos
1197 3479 1355 3538 Cherubim
1381 3481 1570 3540 abominabili

213 3568 392 3640 confusione,
419 3568 511 3628 donec
534 3569 650 3629 tandem
675 3580 804 3628 extrema
828 3578 857 3628 et
879 3569 977 3627 fatalis
1002 3571 1125 3627 vastitas
1149 3567 1301 3626 inducetur
1316 3585 1408 3644 super
1424 3579 1570 3629 aeternum

209 3656 378 3731 rejectam.“

313 3741 465 3801 Hactenus
490 3744 576 3817 igitur
599 3743 753 3821 prophetia
776 3746 848 3820 ipsa.
894 3742 963 3803 ,lam
992 3759 1078 3820 porro
1106 3741 1310 3820 aggrediamur
1333 3741 1464 3803 alterum
1489 3754 1570 3820 caput

210 3827 246 3889 de
270 3831 425 3888 eventibus
449 3831 628 3889 certioribus.

316 3917 436 3976 Initium
459 3917 645 3977 monarchiae
661 3918 825 3991 Persarum,
850 3935 975 3994 qarocum
997 3917 1117 3976 libertas
1134 3915 1316 3977 ludaeorum
1338 3919 1420 3991 genti
1438 3920 1569 3977 restituta

210 4012 239 4061 ct
262 4002 360 4063 soluta
384 4007 540 4081 captivitas
565 4013 627 4076 est,
653 4005 754 4064 incidit
777 4008 805 4062 in
829 4024 937 4064 aunum
961 4005 1060 4063 mundi
1083 4010 1166 4065 3434
1191 4001 1352 4064 secundum
1378 4004 1566 4081 Burrtiugum,

209 4093 261 4166 qui
286 4090 363 4150 hanc
385 4111 527 4150 surumam
552 4109 691 4151 acinorum
716 4096 845 4152 omnium
860 4112 935 4169 qrrae
952 4093 1084 4171 prodiere
1100 4094 1291 4152 certissimam
1307 4094 1420 4149 statuit.
1464 4093 1566 4151 Verum

141 4202 150 4220 ·
208 4195 244 4237 ne
268 4169 437 4255 magnitudo
461 4183 571 4238 numeri
595 4198 649 4238 nos
672 4191 848 4253 remoretur,
879 4199 948 4252 nos,
982 4184 1089 4239 omisso
1121 4179 1218 4238 mundi
1250 4178 1413 4254 principio,
1448 4192 1566 4240 eventus

209 4282 310 4325 omnes
334 4286 353 4326 a
376 4267 472 4325 soluta
496 4266 667 4344 captivitate
691 4278 719 4326 et
742 4270 883 4345 principio
906 4268 1093 4327 monarchiae
1115 4268 1249 4326 Persicae
1272 4268 1507 4326 numerabimus.

313 4355 389 4430 Ergo
406 4372 482 4413 anno
502 4363 527 4413 1.
553 4356 620 4432 Cyri
644 4355 841 4431 promulgavit
857 4357 950 4432 Cyrus
974 4356 1110 4427 edictum,
1135 4374 1193 4432 qrro
1216 4355 1390 4430 permissum
1415 4364 1461 4413 est
1479 4354 1566 4415 redire

207 4436 331 4500 Judaeis
355 4440 571 4519 lerosolymam
598 4443 733 4518 jussique
764 4452 831 4502 aunt
861 4444 1014 4503 aedificare
1038 4441 1177 4518 templum
1199 4435 1305 4523 (Esd.).
1354 4440 1470 4501 Eodem
1493 4459 1565 4501 auaro

207 4528 415 4603 protectionem
431 4530 559 4606 suscepit
575 4531 702 4607 populas
718 4530 790 4589 duco
806 4530 997 4604 Zorobubele,
1021 4530 1171 4590 sacerdote
1186 4529 1287 4598 Jesua,
1313 4531 1487 4606 emensique
1507 4532 1564 4601 iter,

208 4614 273 4674 Deo
299 4620 431 4675 victimas
455 4616 646 4676 adoleverunt
669 4619 698 4673 in
721 4616 925 4695 Jerosolymis.

313 4705 398 4763 Anno
423 4710 451 4762 a.
477 4703 545 4781 Cyri
570 4714 727 4783 coeperunt
750 4705 903 4766 aedificare
926 4704 1083 4783 templum,
1106 4704 1157 4765 sed
1181 4722 1199 4764 a
1222 4703 1325 4763 ricinis
1349 4705 1490 4780 gentibus
1513 4706 1563 4762 im-

208 4785 300 4863 pediti
322 4799 400 4867 suut,
425 4791 523 4868 quoad
545 4794 707 4870 superuixit
729 4792 832 4871 Cyrus.
