3284 5520
150 335 213 403 160
605 332 811 406 Hyperaapistis
828 333 925 391 Index.

149 507 301 634 rationibus
325 508 492 565 5155555555
516 508 646 567 horarum
670 507 794 578 eiusdem
817 509 880 569 diei.
920 508 1012 577 Hujus
1035 522 1182 579 processus
1208 508 1364 569 (1111555555
1387 525 1406 565 5
1427 508 1510 579 priori

149 580 239 635 55115
292 619 298 631 .
1160 594 1163 599 ·

182 597 200 649 p
254 650 318 773 Gap.
336 650 379 706 15.
404 647 1111 717 [15555155551551155550155555551115551555555
1123 649 1295 721 altitudinem
1313 656 1410 706 contra
1423 648 1509 705 diver-

148 719 256 774 sitatem
275 718 448 775 atitudinum
466 718 669 774 observatamm
687 735 704 772 5
722 720 897 789 5555515115;
926 725 1022 774 555155
1039 716 1260 789 declinationem,
1280 721 1359 790 quasi
1377 719 1518 787 alienam.

149 797 244 845 555155
261 789 400 845 1151155555
419 789 589 857 parallaxeos
607 804 729 857 magnae.
758 789 907 845 Processus
919 790 1008 844 555155
1019 805 1055 843 ex
1067 789 1222 861 Tycbonico
1235 806 1377 847 converso,
1409 792 1510 846 055155

148 859 357 929 discrepantiam
376 859 549 914 altitudinum
568 858 685 913 visarum
703 865 732 913 et
752 860 884 928 provisis
903 867 1128 929 computatarum.
1167 861 1268 917 Contra
1290 877 1397 917 errores
1415 862 1444 916 in
1462 861 1509 916 ob·

148 930 291 986 servando.
327 929 369 985 Ob
388 927 573 985 refractiores.
611 931 712 984 Contra
730 928 909 985 subtilitatem
927 929 1159 985 inobservabilem.

255 1001 321 1069 Cap.
341 1000 384 1055 16.
421 999 524 1054 051555
541 999 610 1053 55115
629 998 776 1069 Tychonis,
814 1014 940 1055 roccssus
959 1000 1168 1069 Regiomontani
1186 1001 1272 1071 priori
1289 1007 1433 1070 cognatus.

253 1071 320 1139 Cap.
340 1070 383 1124 17.
421 1068 570 1124 Diluuntur
588 1069 763 1138 exceptiones
779 1016 955 1124 Claramontii
974 1070 1009 1124 ob
1027 1070 1214 1126 551555115555,
1244 1071 1399 1126 Ρ55555555
1416 1070 1462 1124 hic
1480 1071 1508 1125 15

148 1141 274 1210 exemplo
287 1140 425 1210 Tychonis
444 1140 627 1195 continuatus.
657 1139 727 1208 Ejus
745 1139 888 1194 instructio
907 1141 999 1195 tutior.
1030 1140 1085 1195 055
1096 1141 1190 1210 Tycha
1208 1142 1261 1197 hoc
1278 1141 1373 1198 subtili
1392 1146 1420 1197 et
1438 1140 1507 1195 diffi-

148 1212 193 1268 cili
210 1226 342 1280 processu
361 1218 463 1266 utatur.
492 1210 642 1279 Temporis
660 1209 797 1265 observati
814 1208 942 1265 immistio
960 1226 1043 1266 causa
1060 1211 1281 1280 perturbationis.

148 1353 193 1408 df
254 1282 319 1352 Cap.
347 1282 387 1338 18.
432 1280 642 1338 Observationes
669 1279 807 1350 Tychonis
836 1287 932 1336 contra
960 1280 1111 1337 calumnias
1137 1289 1166 1338 et
1192 1280 1302 1337 fraudes
1330 1279 1508 1337 claramontii

166 1369 285 1410 censae.

253 1424 319 1505 Cep.
341 1423 381 1477 19.
402 1422 444 1478 20.
481 1420 614 1503 Rationes
632 1420 770 1490 Tychonis
794 1419 865 1475 aliae
888 1435 1001 1489 sparsae
1023 1421 1127 1490 passim
1142 1419 1387 1490 *objectionomque
1411 1427 1508 1476 contra

148 1510 196 1550 eae
214 1493 322 1550 solutio.
358 1491 449 1545 Prima
467 1490 562 1544 similis
581 1490 620 1543 1111
640 1506 699 1558 555.
721 1491 762 1545 12.
780 1506 831 1559 555
847 1506 936 1544 meras
953 1491 1067 1545 aliorum
1086 1491 1303 1558 observationes,
1323 1492 1373 1547 sed
1391 1491 1507 1547 dirersis

148 1565 216 1621 locis
235 1563 355 1628 habitas,
379 1562 474 1616 cadem
493 1562 568 1615 lrora.
604 1560 694 1628 Scipio
714 1559 840 1616 clusuras
860 1568 1049 1629 argumentum
1080 1576 1161 1617 casus
1177 1571 1316 1629 recenset,
1335 1563 1383 1630 qui
1401 1561 1506 1616 faciunt

148 1634 315 1701 instantiam,
335 1647 372 1686 sc.
392 1631 493 1686 omittit
511 1645 621 1685 causam
640 1637 801 1698 argumento
820 1646 871 1700 pro
891 1631 967 1688 riam
1001 1603 1330 1703 Redarguimrparallaxi
1342 1631 1505 1687 latitudinis.

148 1702 356 1774 Argumentatio
374 1718 424 1770 pro
443 1709 565 1756 cometae
584 1699 648 1754 anni
665 1700 733 1755 1585
752 1700 813 1754 1555
832 1647 952 1757 coelesti.

251 1775 317 1843 055.
336 1772 380 1826 21.
399 1773 444 1827 22.
478 1772 520 1826 De
539 1777 644 1825 cometa
661 1770 822 1836 55511585,
840 1785 901 1825 earn
918 1771 1066 1827 coelestem
1083 1771 1177 1827 fuisse.
1269 1824 1273 1831 .

253 1845 319 1914 055.
337 1842 381 1898 23.
399 1843 444 1898 21.
480 1842 522 1896 De
546 1846 652 1896 cometa
676 1839 837 1908 55511590,
864 1849 893 1895 51
915 1857 985 1910 quac
1010 1842 1068 1911 ejus
1089 1841 1150 1897 loco
1169 1840 1281 1898 coelesti
1299 1840 1395 1909 objicit
1413 1841 1505 1898 Clara·

148 1915 276 1981 montius,
296 1929 329 1969 ea
347 1910 442 1977 diluta,
460 1912 494 1966 ob
512 1909 697 1979 retractiones,
716 1909 751 1964 ob
768 1909 978 1979 regularitatem.

251 1984 315 2054 055.
334 1981 376 2039 25.
407 1981 539 2037 Rationes
557 1979 670 2034 aliorum
707 1995 738 2034 ro
756 1979 817 2034 loco
835 1981 947 2035 coelesti
963 1986 1084 2038 cometae
1097 1981 1160 2036 5551
1174 1983 1248 2038 1577.
1269 1981 1398 2037 defensae
1409 1988 1507 2038 555155

146 2055 364 2111 claramontium.
394 2082 427 2092 —
455 2052 519 2120 055.
539 2050 652 2106 26-28.
687 1997 729 2104 Be
746 2056 853 2104 cometa
877 2051 941 2105 anni
960 2052 1036 2107 1618.
1061 2053 1181 2107 55115555
1206 2053 1333 2122 anonymi
1357 2059 1386 2106 51
1412 2053 1506 2108 01555-

145 2126 240 2181 muntii
257 2123 435 2179 refutationes
453 2121 647 2177 consideratae.
665 2150 699 2160 -
718 2122 782 2189 Cap.
800 2121 841 2176 29.
863 2120 1012 2177 Diluuntur
1029 2122 1197 2190 objectiones
1215 2122 1392 2179 claramontii
1410 2130 1508 2179 eontra

146 2203 334 2266 argumentum
353 2193 387 2248 51)
406 2194 566 2262 apparentia
584 2198 704 2246 cometae
722 2206 783 2245 cum
802 2191 896 2246 eadem
914 2190 979 2247 fixa.
1000 2222 1032 2231 -
1053 2194 1118 2261 055.
1131 2194 1174 2249 30.
1199 2194 1366 2260 Argumenta
1382 2192 1416 2248 de
1433 2191 1507 2247 mole

147 2275 278 2322 cometae.
297 2265 342 2319 Ex
355 2263 515 2331 trajectione
524 2261 655 2330 probatur
664 2260 794 2315 materiae
802 2267 880 2315 55155
889 2260 1026 2316 coelestis.
1040 2291 1074 2302 ·-
1086 2264 1150 2332 055.
1161 2264 1204 2318 31.
1222 2264 1265 2318 De
1275 2262 1506 2319 caudaeometae.

253 2336 319 2404 055.
338 2334 381 2389 32.
410 2333 491 2388 Ratio
509 2348 559 2402 pro
577 2338 699 2387 55555155
717 2331 780 2386 anni
802 2331 876 2388 1618.
895 2331 955 2386 1555
974 2332 1092 2398 55515511,
1110 2348 1127 2387 5
1144 2332 1210 2388 tubo
1229 2335 1319 2403 optico
1337 2349 1471 2404 expensa.

250 2421 326 2476 Libri
344 2421 393 2476 111.
412 2437 472 2490 cap.
494 2425 517 2475 1.
553 2418 673 2474 Prirnum
696 2425 884 2501 argumentum
905 2416 1078 2474 claremontii
1099 2435 1150 2488 pro
1175 2426 1342 2475 cometarum
1365 2419 1428 2476 loco
1452 2421 1506 2476 ele·

144 2492 266 2558 55551551,
286 2508 302 2546 5
319 2498 410 2547 motus
428 2490 636 2560 irregularitate,
655 2495 846 2544 exammatum.

251 2562 318 2630 055.
337 2563 364 2616 2.
397 2560 605 2629 Argumentatio
624 2559 744 2615 secunda
757 2558 933 2615 Claramontii
949 2573 985 2613 cx
1002 2556 1137 2627 parallaxi
1156 2567 1286 2631 cometae,
1305 2576 1386 2631 quam
1405 2575 1440 2615 ex
1457 2559 1504 2614 ob·

146 2634 261 2689 serratis
279 2631 417 2701 Tychonis
436 2631 597 2702 reputabat
615 2637 764 2713 exstruere.
800 2630 870 2699 Ejus
889 2626 1051 2698 profligatio.

251 2703 318 2841 gig.
337 2703 363 2827 Ξ.
397 2700 802 2840 11113653ῗὲ5εοῖξέῗᾶᾌῶ
821 2776 849 2824 51
865 2767 1002 2838 Tychonis
1026 2767 1180 2837 parallaxin
1198 2784 1228 2825 se
1245 2775 1327 2839 putat
1343 2775 1504 2839 exstruer03

148 2843 262 2928 assumit
281 2849 372 2898 sutem
391 2840 603 2909 obseruationes,
623 2840 796 2897 destruentes
815 2838 1083 2895 demonstrationem.
1113 2839 1242 2908 confugit
1259 2839 1294 2895 ad
1312 2840 1504 2896 retractiones.

143 2913 318 3053 Repelhffi·
337 2984 362 3036 5.
381 2983 406 3038 6.
442 2981 487 3035 Ex
499 2994 554 3035 555
566 2980 666 3049 555515
678 2978 897 3034 observationum
910 2977 1032 3046 duarum,
1049 2979 1137 3033 altera
1190 2980 1293 3043 chunis,
1311 2978 1400 3035 altera
1410 2978 1504 3035 Land-

146 3055 231 3125 grarii
254 3068 345 3120 exque
368 3066 464 3106 earum
486 3049 689 3105 differentiam
712 3049 824 3118 longum
847 3056 875 3101 et
897 3048 996 3110 latum,
1021 3064 1092 3119 quae
1110 3057 1152 3104 est
1188 3049 1285 3105 551115
1304 3049 1505 3115 observationis

145 3124 312 3206 alterutrius,
331 3121 500 3177 demonstrat
516 3121 576 3190 ipse
594 3119 748 3189 parellaxin
765 3126 794 3173 et
811 3117 982 3174 altitudinem
995 3127 1117 3175 cometae
1130 3136 1147 3175 a
1159 3126 1252 3174 55555
1265 3119 1375 3176 Terrae.
1404 3118 1504 3175 ldultia

143 3194 230 3249 modu
243 3191 625 3346 ‚gipfusstmitdditameutum
657 3259 692 3316 ad
723 3259 855 3316 rationem
885 3258 1094 3329 praecedentem
1118 3257 1294 3329 prodigatur,
1327 3257 1437 3315 ademta
1463 3259 1505 3315 iili

140 3333 317 3487 refractrcorrg,
331 3403 356 3459 8.
392 3401 437 3456 Ex
460 3400 598 3472 Tychonis
625 3406 653 3455 et
674 3399 814 3456 1155511151
838 3399 975 3469 copularis
998 3398 1231 3455 observationibus
1256 3399 1431 3469 parallaxeos
1455 3415 1501 3454 ex·

142 3474 444 3612 sbucuocgllppegrffii'
480 3539 585 3596 Eadem
604 3555 639 3595 er
658 3539 796 3610 Tychonir
813 3547 842 3595 et
861 3541 990 3595 Gemmas
1009 3539 1158 3610 copulatis,
1176 3555 1211 3597 ex
1230 3539 1367 3610 Tyrionis
1385 3546 1414 3594 et
1431 3540 1502 3597 1155·

143 3613 189 3667 1151
207 3614 329 3668 erroneis
347 3612 518 3682 comparatis.

199 3753 205 3765 .
247 3684 446 3752 05512-15.
482 3682 530 3764 Ex·
546 3680 691 3750 erroribus,
711 3696 780 3749 quos
797 3679 891 3750 Tycha
910 3680 938 3734 in
957 3678 1017 3734 aliis
1035 3678 1147 3748 detexit,
1166 3695 1215 3749 per
1234 3678 1425 3736 5555565555
1443 3679 1502 3749 pal·

141 3753 234 3821 lem,
247 3751 923 3903 ggufflmsscsffltgegtrgffiffls.eorum,
950 3819 998 3888 qui
1021 3826 1143 3875 cometae
1165 3819 1318 3890 parallaxin
1336 3817 1502 3902 tribuerunt,

141 3895 239 3950 5515511
256 3893 417 3965 5555115515.
455 3892 571 3947 Errores
588 3907 682 3946 eorum
700 3889 834 3960 defendit,
855 3908 910 3946 non
933 3905 1027 3946 omnes
1043 3898 1136 3946 tannen
1153 3897 1245 3960 potest
1262 3905 1312 3959 555
1330 3904 1381 3945 555
1398 3905 1501 3960 555555-

139 3965 191 4034 515.
229 3965 369 4020 Cometam
387 3962 453 4018 facit
470 3977 540 4031 pene
560 3961 671 4015 Terram
691 3962 855 4028 contingere.

245 4035 311 4107 055.
330 4037 374 4090 17.
409 4032 581 4087 auctoritate
599 4031 808 4099 Regiomontani
829 4037 934 4100 pugnat
951 4046 999 4100 pro
1018 4030 1152 4100 parallaxi
1171 4037 1349 4096 cometarum,
1373 4043 1500 4097 praeser-

140 4106 189 4159 1155
206 4104 281 4160 111155
299 4120 371 4160 anno
392 4104 469 4159 1172.
505 4102 832 4157 Sicetiamcometaea.
852 4103 929 4157 1556.
965 4101 1217 4156 5515555555
1236 4100 1454 4170 Regiomontani.

246 4175 285 4230 05
305 4215 312 4227 .
332 4176 373 4231 18.
404 4174 448 4228 Ex
465 4179 571 4228 cometa
589 4172 652 4226 anni
674 4173 741 4228 1560
758 4172 874 4240 ejnsqoe
893 4168 1137 4240 observationibus,
1156 4171 1256 4241 quibus
1274 4169 1321 4239 qui
1339 4176 1406 4225 tune
1424 4171 1500 4224 vixe-

141 4253 240 4370 runts
301 4246 375 4302 lexin
393 4245 598 4350 destruxerunt,
616 4242 676 4313 1555
693 4240 793 4313 probat
804 4240 966 4364 5555115515ἰ
984 4241 1410 4324 55555555555551155555555
1423 4254 1500 4295 5555-

140 4323 202 4372 runt
241 4321 488 4371 emonstretronem.
561 4313 626 4381 Cap.
642 4314 683 4368 19.
704 4313 849 4380 Appendur
869 4319 945 4367 esta
977 4326 1075 4380 prrora,
1094 4311 1177 4366 infert
1190 4327 1269 4380 enrm,
1289 4309 1501 4367 cruobservara

140 4386 262 4442 locorum
279 4387 428 4442 5151555555
447 4384 492 4438 vix
511 4398 565 4438 uno
584 4383 687 4437 minuto
705 4380 840 4441 differant.
858 4378 1030 4437 hinc'tamen
1048 4380 1181 4450 insignem
1194 4382 1253 4437 fleri
1265 4379 1432 4449 parallaxin;
1452 4380 1500 4434 ubi

139 4456 211 4511 redit
229 4457 265 4512 ad
283 4463 415 4512 cometam
432 4454 498 4509 anni
518 4454 599 4521 15853
618 4467 656 4507 51.
675 4453 836 4521 ostenditur,
856 4452 971 4507 delicere
989 4451 1130 4575 5513515115.
1149 4483 1182 4491 -
1202 4453 1265 4522 055
1278 4451 1320 4506 211.
1339 4448 1499 4508 Pernam

139 4535 262 4582 cometae
279 4526 344 4582 anni
364 4525 432 4581 1618
449 4524 549 4578 astruit
567 4537 617 4592 per
634 4520 755 4577 (11555555
773 4522 956 4592 longitudines
973 4538 1026 4577 cau
1044 4536 1077 4575 ac
1096 4522 1261 4579 observatas.

245 4598 311 4667 055.
331 4597 375 4653 21.
410 4596 455 4650 Ex
480 4592 595 4649 duorum
618 4592 740 4648 locorum
758 4593 836 4648 nimis
855 4593 1003 4648 vicinorum
1021 4590 1255 4648 observationibus
1272 4593 1346 4646 hune
1361 4597 1497 4647 cometem

139 4667 191 4722 551)
208 4669 314 4723 Lanam
331 4664 479 4722 detrudere
496 4663 600 4719 nititur.
620 4693 653 4703 -
678 4663 716 4718 05
736 4703 742 4717 .
760 4664 803 4719 22.
821 4663 865 4718 Ab
882 4661 1039 4718 inductione
1058 4663 1242 4733 experientiae
1259 4677 1314 4719 555
1333 4658 1498 4718 sufficentia

139 4738 256 4808 probare
273 4738 377 4807 nititur,
395 4740 525 4806 cornetae,
542 4739 662 4789 515555
679 4733 703 4787 51
723 4749 777 4800 555,
794 4733 900 4789 coelum
917 4747 974 4787 non
991 4732 1105 4802 ingredi.
