3284 5520
514 326 558 382 ild
576 324 676 381 librum
693 322 742 379 ΙΙΙ.
761 324 976 394 sau-Tycham
992 340 1053 394 cap.
1074 326 1114 380 ti.
1429 318 1494 394 253
1546 372 1550 380 .

244 509 297 567 ti.
332 504 416 566 Nunc
438 503 520 564 illum
544 503 694 578 orationis,
718 504 802 563 initio
823 502 912 580 hujus
934 505 1038 581 capitis
1062 502 1222 580 dimissum,
1245 503 1400 580 requiram.
1438 504 1495 563 Di-

139 592 232 654 terrda
254 596 333 654 enim
356 603 401 654 est
423 610 530 665 causa,
561 609 611 652 eur
634 589 766 650 Brabeus
794 590 906 651 diffisus
929 594 1015 651 luerit
1038 590 1277 652 demonstrationi
1300 589 1495 668 parallarium

138 681 226 759 bajus
249 690 392 756 muratae,
417 697 477 756 qua
491 679 743 756 Regiomontauus
767 690 812 739 est
834 696 919 755 usus,
943 678 1224 756 quoniamquidem
1247 697 1266 739 a
1287 696 1342 753 mc,
1367 696 1426 738 non
1447 682 1493 738 in·

139 770 247 847 epactis
271 769 527 831 demonstrationis
550 769 642 844 ipsius
666 767 773 840 verbis,
795 766 857 827 lieri
879 770 994 845 poterit.

242 856 323 917 iilud
346 858 424 917 enim
446 854 542 915 solum
566 855 661 915 babeo
685 872 720 913 er
744 853 897 931 Tychone,
922 853 1075 913 distantias
1098 862 1229 915 cometae
1252 872 1271 913 a
1293 854 1382 932 Spica
1403 854 1493 914 luisse

142 951 253 1020 aptas,
278 962 315 1004 ex
337 944 444 1021 quibus
460 941 713 1019 Regiomorrtsnus
737 940 868 1002 elicuerit
891 942 1052 1020 paraliaxin
1077 941 1264 1019 dgraduum.
1301 942 1345 1000 Er
1361 944 1397 1001 iis
1413 958 1492 1013 vero,

139 1047 214 1106 quae
241 1030 390 1107 Crugertrs
412 1029 533 1090 adducit
555 1028 630 1089 ultra
654 1047 742 1104 quam
765 1032 795 1087 in
811 1028 945 1089 Cardsno
968 1036 1073 1103 exstat,
1095 1030 1153 1091 boc
1175 1030 1325 1103 babemus,
1349 1030 1492 1089 observa-

139 1121 248 1178 tionem
277 1119 354 1179 banc
383 1120 492 1178 iactam
513 1118 603 1177 inisse
624 1119 726 1194 primis
748 1119 847 1175 statim
871 1116 974 1177 diebus
997 1117 1206 1194 apparitionis,
1239 1117 1357 1193 quando
1380 1125 1493 1177 cometa

140 1215 197 1265 crat
221 1205 323 1266 adbuc
345 1206 445 1266 tardus
468 1215 498 1265 et
521 1207 635 1264 vieirrus
655 1203 770 1279 Spicea.
809 1205 942 1283 Depique
964 1222 1000 1264 ex
1023 1205 1112 1264 ductu
1134 1207 1244 1265 itineris
1268 1215 1398 1265 cornetae
1420 1222 1493 1264 con·

140 1301 205 1367 stat,
229 1290 350 1371 Spicam
372 1292 584 1371 propemodum
605 1291 742 1350 incidisse
765 1293 793 1348 in
818 1310 884 1350 eum
907 1295 1107 1352 continuatum
1131 1302 1296 1366 retrorsum,
1321 1295 1364 1351 sic
1386 1301 1418 1351 ut
1441 1310 1493 1352 co-

141 1390 217 1440 nsta
241 1384 329 1457 quasi
350 1392 431 1441 recta
453 1380 615 1440 discederet
638 1377 768 1455 aSpica,
805 1378 895 1439 Hisce
919 1379 996 1440 datis
1019 1388 1048 1439 et
1071 1383 1100 1438 in
1122 1381 1277 1456 sphaeram
1300 1379 1398 1451 illatis,
1421 1397 1493 1439 con·

141 1467 302 1528 rideremus
321 1469 384 1545 jam
407 1466 588 1529 conditiones
613 1466 701 1542 hujus
724 1466 949 1526 observationis.
994 1467 1081 1526 Patet
1109 1471 1201 1541 enim,
1231 1476 1375 1527 cometam
1398 1475 1493 1527 ortum

143 1573 202 1615 erse
226 1556 409 1631 Noribergse
431 1563 499 1616 ante
522 1555 648 1615 mediam
662 1562 796 1629 noctem3
821 1557 931 1614 oriente
955 1571 1025 1615 vero
1047 1553 1117 1614 Sole
1140 1557 1256 1615 stetisse
1280 1557 1309 1612 in
1332 1554 1493 1629 quadrante

142 1642 213 1703 coeli
237 1643 376 1718 occiduo,
398 1651 481 1719 patet
503 1641 643 1720 amplius,
668 1641 836 1701 distantiam
859 1642 964 1720 Spicea
987 1652 1016 1701 et
1038 1649 1169 1702 cometae
1192 1644 1222 1699 iu
1246 1650 1310 1702 ortu
1334 1641 1381 1701 vei
1404 1641 1493 1718 paulo

143 1748 229 1809 supra
250 1731 342 1791 luisse
364 1747 440 1806 pene
462 1728 635 1808 parallelum
658 1730 810 1803 horisonti,
835 1731 876 1788 sic
899 1738 932 1789 ut
954 1731 981 1789 ei
1004 1728 1076 1787 nibil
1100 1729 1148 1789 rei
1171 1746 1274 1806 parurn
1296 1732 1427 1789 nocuerit
1446 1746 1493 1788 re·

144 1818 259 1892 uacuo,
291 1828 416 1880 atvero
439 1819 469 1875 in
492 1818 589 1878 medio
612 1817 686 1877 coeli
710 1823 740 1876 et
763 1816 839 1877 ultra
860 1816 1029 1876 distantiam
1052 1817 1127 1877 barre
1149 1834 1215 1877 sese
1236 1816 1414 1895 applicuisse
1436 1818 1494 1875 cir·

144 1904 203 1965 trio
236 1904 372 1965 verticuli
399 1908 560 1980 communi,
590 1906 676 1964 sicuti
707 1906 796 1963 etiarn
825 1921 861 1963 ea
891 1921 949 1962 non
977 1903 1101 1964 muitum
1131 1911 1199 1964 tuuc
1222 1904 1334 1964 differre
1359 1906 1494 1981 potuita

145 1992 248 2053 circulo
271 1991 437 2053 latitudiuis
459 1993 535 2052 fixae
560 1992 605 2051 vel
628 1999 768 2052 cometae.
811 1988 894 2051 Unde
917 1994 1057 2067 sequitur,
1079 1991 1246 2069 paraliaxes
1269 1991 1357 2067 hujus
1381 1990 1494 2050 distan-

145 2081 195 2140 ise
227 2088 259 2140 et
288 2078 456 2156 parallaxes
485 2079 648 2139 latitudinis
679 2080 769 2138 inisse
798 2078 1010 2157 propemodum
1032 2079 1159 2139 easdem.
1206 2079 1298 2155 Atqui
1321 2094 1387 2139 cum
1410 2078 1494 2137 Luna

144 2169 166 2225 iu
189 2166 285 2227 Libra
307 2169 406 2241 oritur,
430 2183 599 2242 quanquam
623 2165 781 2244 parallaxis
803 2165 967 2225 altitudinis
988 2168 1018 2223 in
1041 2175 1105 2225 ortu
1125 2168 1252 2225 maxima
1267 2173 1320 2240 est,
1343 2167 1494 2224 minimum

145 2263 235 2315 umen
259 2254 297 2315 de
320 2272 357 2315 es
378 2253 456 2315 cedit
476 2253 639 2326 latitudini,
671 2256 742 2330 quia
765 2251 892 2326 Cancer,
922 2253 1097 2313 altissimum
1120 2256 1249 2330 signam,
1282 2255 1311 2311 iu
1334 2252 1494 2313 meridiano

146 2350 285 2402 rersatur.
332 2341 469 2402 Vicissim
501 2359 567 2401 eum
590 2341 674 2400 Luna
697 2342 727 2399 in
749 2340 839 2401 Libra
861 2339 1016 2415 culminat,
1047 2343 1141 2400 omnis
1163 2342 1222 2400 iere
1244 2338 1402 2418 parallaxis
1424 2339 1494 2400 alti·

145 2428 250 2489 tudinis
273 2426 353 2489 cedit
374 2427 538 2502 latitudini,
562 2437 594 2487 ut
616 2430 659 2487 sic
680 2426 833 2503 aliquanto
856 2428 922 2506 plus
945 2427 1068 2488 decedat
1090 2427 1235 2487 latitudini
1259 2445 1311 2505 per
1332 2426 1494 2504 parallsxin

144 2514 224 2576 buna
247 2515 435 2589 culminante,
460 2534 548 2592 quam
571 2518 692 2575 oriente.
729 2514 811 2576 Haec
834 2515 872 2575 ad
895 2522 1038 2575 cometam
1064 2514 1213 2589 translata,
1236 2531 1301 2574 cum
1322 2516 1347 2573 is
1361 2513 1496 2574 habuerit

144 2604 271 2681 diquam
293 2602 479 2663 latitudinem
501 2603 767 2682 septentrionalem,
791 2605 833 2662 sic
857 2611 889 2661 ut
911 2619 967 2661 non
984 2602 1060 2662 ultra
1075 2600 1132 2662 20⁰
1146 2604 1266 2663 iuferius
1281 2601 1494 2676 culmiuaverit,

144 2708 228 2768 quam
250 2692 364 2751 oriente
385 2699 500 2751 cometa
522 2690 735 2751 culminaverat
756 2690 864 2767 gradus
887 2690 1054 2768 eclipticas,
1078 2697 1169 2766 patet,
1192 2692 1381 2768 perexiguum
1405 2689 1495 2751 luisse

144 2777 296 2840 discrimen
318 2777 513 2856 parallsrium
534 2777 698 2838 latitudinis
721 2786 750 2838 et
772 2780 815 2838 sic
838 2780 926 2838 etiarn
950 2778 1107 2837 distantiae
1130 2796 1148 2836 a
1171 2777 1269 2853 Spica,
1293 2784 1409 2836 cometa
1430 2776 1495 2837 cul·

131 2869 271 2926 'ammte
293 2873 325 2926 et
347 2864 450 2925 eodem
474 2865 598 2925 oriente:
622 2867 672 2923 rix
696 2866 773 2924 enim
796 2872 901 2941 quarta
924 2882 991 2943 pars
1013 2864 1197 2941 parallaxeos
1220 2863 1319 2924 totalis
1342 2863 1496 2925 intercedit

143 2952 351 3032 etparallaxis
374 2952 581 3013 culminantem
603 2954 748 3029 posterius
770 2954 891 3029 propius
913 2952 1092 3013 admovebat
1105 2953 1220 3031 Spicae,
1243 2968 1331 3028 quem
1355 2954 1495 3011 orientem

143 3044 228 3117 prins,
252 3043 279 3099 si
302 3050 418 3101 cometa
440 3042 553 3101 interim
577 3047 656 3099 motu
680 3042 797 3118 proprio
820 3056 878 3098 uon
900 3040 1070 3100 ademisset
1088 3039 1164 3101 banc
1179 3060 1197 3099 s
1212 3039 1301 3116 Spica
1317 3038 1494 3099 distantiam.

144 3127 197 3190 bed
221 3131 294 3205 quia
317 3129 434 3189 interim
455 3136 571 3189 cometa
592 3130 710 3206 proprio
733 3120 823 3201 motu,
847 3130 910 3186 sine
933 3128 1075 3204 paraliaxi
1099 3126 1301 3201 considerato,
1325 3125 1496 3187 discedebat

143 3214 257 3293 longius
273 3234 292 3274 a
307 3214 406 3292 Spica,
428 3214 490 3275 fieri
515 3215 650 3292 equidem
672 3216 777 3291 potuit,
801 3221 834 3274 ut
851 3214 899 3274 vel
914 3232 1040 3274 crescere
1058 3213 1205 3274 videretur
1219 3212 1369 3288 distantia,
1393 3213 1495 3290 paral·

143 3301 199 3363 irxi
223 3302 308 3363 totali
332 3304 475 3363 existente
497 3320 599 3379 parva,
623 3301 669 3361 vel
694 3301 868 3375 decrescere,
891 3319 1007 3378 magna,
1031 3303 1080 3361 vel
1104 3301 1229 3379 denique
1249 3303 1414 3374 consistere,
1437 3319 1494 3378 pa·
1577 3326 1592 3357 a

143 3389 244 3451 auur
267 3399 380 3450 motum
403 3408 439 3451 ex
461 3389 562 3450 libella
584 3397 734 3467 pensante.
774 3388 929 3464 Quodnam
951 3392 1040 3466 igitur
1062 3389 1165 3449 borum
1186 3390 1274 3448 luerit
1297 3388 1493 3462 observatum,

144 3477 298 3555 idopinor
319 3480 350 3536 in
373 3479 585 3552 narrationem,
616 3480 641 3536 si
671 3479 737 3553 quis
766 3494 831 3536 eam
861 3478 1003 3554 integram
1026 3477 1130 3552 habet,
1162 3492 1227 3536 esse
1250 3475 1383 3536 relatum.
1428 3474 1494 3535 Hae

144 3565 229 3642 igitur
249 3572 410 3642 potnerunt
431 3582 496 3624 esse
520 3566 753 3624 circumstantiae
777 3564 1002 3623 observationis.

245 3654 298 3711 ΙΙ.
337 3651 412 3726 Gom
434 3658 533 3712 autem
556 3654 594 3711 sit
616 3658 858 3724 consentaneum,
887 3651 1153 3729 Regiomontsnum
1175 3650 1332 3728 proiecisse
1354 3652 1384 3708 in
1407 3650 1496 3726 bajus

145 3744 275 3800 mareiae
297 3739 442 3818 exemplo,
466 3738 545 3816 quod
568 3749 598 3800 et
619 3756 673 3798 nos
696 3739 784 3798 hodie
806 3738 943 3810 solemus,
968 3756 1062 3816 eoque
1084 3737 1268 3815 problemata
1290 3755 1345 3797 sua
1367 3736 1495 3798 sedecim

144 3824 196 3887 itae
218 3828 377 3887 occasione
393 3829 625 3904 conscripsisse:
649 3843 705 3901 age
727 3829 816 3903 igitur
839 3826 1056 3886 consideremus
1075 3827 1137 3902 jam
1154 3824 1213 3884 illa.
1252 3823 1386 3901 Quattuor
1400 3824 1496 3884 modis

145 3912 227 3975 docet
257 3914 390 3974 insidiari
420 3913 563 3990 parallasi
592 3912 763 3972 altitudinis.
810 3913 907 3973 Primo
936 3917 962 3972 si
990 3920 1135 3973 cometam
1158 3915 1308 3988 contingat
1331 3912 1443 3990 adspici
1467 3915 1496 3969 in

144 4002 334 4079 nonagesimo
364 4000 456 4078 gradu
487 4000 654 4078 eclipticas,
683 4009 717 4060 ut
744 4007 814 4060 tune
844 4002 908 4077 ejus
936 4001 1019 4060 locus
1049 3999 1201 4078 eclipticus
1231 4017 1318 4060 verus
1346 4007 1494 4075 patescat;

145 4087 246 4150 deiude
269 4091 295 4148 si
318 4090 468 4166 sonungst
490 4088 573 4148 illum
596 4091 624 4146 in
648 4087 809 4148 meridiano
832 4088 954 4168 adspici,
977 4096 1010 4147 ut
1031 4094 1166 4165 patescat
1187 4086 1254 4146 hinc
1276 4087 1341 4162 eJus
1363 4087 1496 4145 ascensio

145 4186 222 4237 recta
253 4192 339 4253 νοτες
370 4178 456 4237 tertio
486 4178 512 4234 si
541 4183 624 4237 extra
646 4174 837 4235 meridianum
862 4176 995 4252 quidem,
1027 4183 1058 4236 at
1079 4174 1254 4251 aequalibus
1275 4174 1354 4234 boris
1377 4180 1444 4233 ante
1467 4180 1497 4232 et

145 4272 208 4339 port
235 4262 492 4339 culminationem3
523 4270 627 4340 quarto
656 4263 797 4339 denique,
827 4265 853 4322 si
882 4262 994 4322 nullum
1018 4262 1121 4323 borum
1144 4264 1309 4337 contingat,
1338 4263 1380 4320 nti
1403 4259 1496 4320 nibilo

145 4352 236 4411 minus
259 4352 290 4409 iu
314 4352 510 4429 cognitionem
533 4353 660 4428 quaesiti
684 4353 826 4410 veniatur.
864 4351 978 4410 Primus
1001 4350 1106 4410 modus
1128 4348 1274 4409 reducitur
1291 4351 1320 4407 ‘ur
1335 4347 1497 4408 secundum

147 4446 174 4498 at
192 4437 319 4499 traditm
338 4438 570 4515 problematibus
593 4437 629 4497 V.
655 4436 708 4496 Vl.
732 4437 801 4497 vii.
825 4437 918 4513 viii,
949 4438 1094 4498 secundus
1118 4444 1164 4498 est
1186 4438 1213 4494 in
1237 4435 1418 4514 problemate
1439 4435 1496 4512 ΙΙΙ,

146 4527 244 4587 mour
267 4528 297 4584 in
320 4524 373 4600 iv,
405 4532 527 4602 quartos
556 4525 681 4600 denique
709 4527 738 4582 in
761 4524 801 4583 ΙΙ.
825 4526 1014 4601 problemate.
1061 4524 1199 4585 Omnium
1221 4523 1298 4584 idem
1320 4531 1366 4584 est
1388 4522 1495 4584 lunda·

147 4624 280 4688 mentum,
305 4613 461 4673 observare
484 4612 542 4673 duo
566 4611 722 4684 aalmutba,
748 4610 821 4671 duas
843 4612 1023 4687 altitudines,
1047 4612 1106 4672 duo
1127 4619 1268 4688 tempora.
1306 4611 1381 4670 Nam
1406 4614 1496 4672 retti-

149 4699 237 4761 ealeur
259 4699 379 4777 quidem
402 4717 516 4777 semper
538 4698 662 4760 eundem
685 4697 818 4758 obtinent
841 4697 923 4759 locus
945 4708 1084 4777 uterque,
1117 4708 1177 4757 tam
1207 4716 1294 4757 verus
1317 4716 1405 4775 quam
1428 4714 1496 4777 per-

149 4794 289 4865 mutatus,
319 4786 525 4850 declinationis
554 4803 621 4846 vcro
650 4784 790 4845 circulum
818 4802 877 4848 non
899 4804 1014 4866 semper
1035 4786 1174 4861 eundem,
1205 4784 1257 4846 sed
1279 4803 1340 4861 quo
1360 4788 1455 4864 magis
1477 4806 1497 4846 a
