3284 5520
130 304 206 375 ·268
560 318 565 328 ·
643 304 779 375 'tychonis
799 306 1012 379 Hyperaspistes

142 484 257 546 ecoelo
280 485 368 563 ejicit,
393 493 424 546 at
445 489 532 546 novis
554 487 636 549 hisce
659 487 840 566 longibarbls
860 487 919 564 ius,
943 490 973 546 in
998 503 1033 547 eo
1057 486 1268 563 aliquantisper
1282 485 1498 563 peregrinandi,

141 573 281 651 postulat.
318 573 381 634 Nee
403 575 490 647 anim,
512 576 536 632 si
559 575 624 634 lixis
646 592 705 635 non
728 575 926 636 adnascuntur
949 582 982 634 ut
996 591 1092 634 novae
1107 582 1206 652 partes
1221 591 1340 636 errones
1357 576 1407 633 isti
1423 578 1498 633 tem·

140 663 258 739 porarii,
282 666 436 738 propterea
458 660 531 720 nulli
554 679 654 723 eorum
676 663 738 723 alta
760 662 909 725 coelorum
930 664 1044 741 palatia
1067 662 1261 740 frequentant

246 747 431 825 Quanquam,
455 749 533 825 quod
557 749 594 811 de
615 751 748 827 partibus
771 768 924 828 corporum
947 752 1116 830 perennium
1132 749 1347 810 Claramontius
1369 749 1499 808 mentio-

139 853 207 896 nem
230 837 333 912 injicit,
356 837 385 895 id
408 836 493 897 facile
517 838 651 898 ventilari
675 846 772 916 potest
794 857 830 899 ex
845 837 973 899 Galilaei
996 837 1180 914 aliorumque
1203 839 1371 899 certissimis
1394 837 1500 896 obser·

140 925 218 983 vatis
241 922 422 984 macularum
445 926 473 982 in
498 942 617 1002 corpore
640 926 734 1001 Solis,
758 928 888 985 omniurn
912 926 1083 986 coelestium
1105 925 1301 998 nobilissimo,
1325 942 1375 996 re,
1399 925 1497 1001 prins-

140 1028 230 1089 quam
253 1012 281 1069 in
305 1013 433 1072 omnium
456 1011 557 1072 oculos
579 1015 725 1074 incurrere
740 1017 846 1091 coepit,
869 1031 964 1091 aeque
978 1012 1141 1073 incredibili
1157 1021 1185 1072 et
1201 1010 1382 1089 inopinabili,
1408 1028 1497 1086 quam

141 1097 330 1158 Claramontii
353 1100 457 1159 similis
480 1098 586 1176 aliquis
609 1104 819 1181 peripateticus
844 1102 890 1161 rel
914 1120 980 1162 curn
1003 1102 1155 1176 sanguinis
1172 1099 1320 1178 impendio
1335 1099 1498 1174 profligan-

141 1185 209 1246 dam
233 1189 403 1247 censuisset
450 1185 535 1262 Quod
559 1189 722 1267 exemplum
746 1189 820 1250 adeo
844 1198 890 1249 est
911 1188 999 1248 affine
1021 1197 1122 1248 nosbo
1145 1191 1284 1263 negotio,
1308 1195 1340 1244 ut
1363 1188 1392 1244 in
1417 1187 1498 1263 ipsos

139 1274 249 1348 lentes,
278 1274 354 1334 unde
383 1274 457 1335 haec
484 1285 661 1336 cometarum
689 1294 811 1356 corpora
839 1276 1000 1353 pullulent,
1031 1274 1154 1351 digitum
1177 1275 1326 1335 intendere
1349 1272 1496 1332 videatur.

141 1362 297 1440 Comparet
321 1364 407 1438 igitur
429 1363 493 1436 hoo,
519 1366 568 1438 qui
594 1365 663 1438 vult,
688 1383 752 1425 cum
776 1381 907 1425 meorum
930 1366 1138 1424 cometieornm
1159 1362 1234 1423 libro
1254 1363 1292 1435 ll,
1316 1362 1366 1438 qui
1391 1368 1438 1420 est
1460 1358 1497 1420 de

139 1449 328 1527 physiologia
350 1459 545 1523 cometarum,
574 1470 697 1529 cumque
719 1452 813 1513 libelli
837 1452 873 1513 da
895 1451 981 1512 stella
1003 1450 1181 1528 Serpentarii
1205 1452 1301 1527 capita
1325 1450 1365 1507 23
1390 1456 1421 1507 et
1445 1448 1496 1520 at,

141 1540 192 1613 qui
218 1545 347 1597 cometas
374 1545 405 1598 et
432 1537 555 1597 dissolri
579 1542 833 1617 persuasissimum
856 1541 968 1613 habeo,
996 1555 1051 1598 neo
1072 1538 1140 1598 ideo
1163 1545 1261 1597 tamen
1284 1535 1400 1597 coelam
1423 1536 1497 1611 ipsis

139 1641 225 1701 uago,
250 1632 279 1684 et
300 1643 366 1685 curn
388 1625 537 1703 indulgeo,
561 1644 619 1686 non
643 1627 709 1688 idei>
733 1635 762 1686 et
783 1627 885 1687 stellas
907 1626 974 1687 illas
990 1642 1131 1704 perennes
1148 1624 1250 1685 iisdem
1267 1625 1403 1684 interitus
1418 1621 1498 1698 legi-

139 1712 195 1772 bus
210 1712 346 1787 subjicio.
386 1712 558 1787 Geaerotio,
582 1716 676 1792 inquit
690 1715 820 1788 Salomo,
839 1719 989 1791 praeterit
1010 1721 1039 1773 ct
1059 1717 1217 1789 generatio
1230 1712 1368 1784 aduenit,
1399 1708 1499 1769 Tmo

139 1808 243 1859 onum
272 1803 308 1859 in
336 1808 497 1869 oeta-num
522 1809 591 1861 rtot.
638 1802 754 1878 Quanto
785 1804 882 1861 minus
911 1802 997 1862 coelo
1024 1802 1173 1862 nocebunt
1200 1801 1230 1859 hi
1258 1799 1401 1860 advenae.
1447 1797 1499 1858 Sic

140 1888 228 1964 igitur
250 1904 296 1946 res
318 1886 410 1947 babet
431 1891 519 1947 etiam
543 1906 609 1948 cum
629 1889 886 1965 probabilitatibus
909 1879 1111 1951 claramontii.

242 1973 372 2051 Jamque
389 1975 501 2051 junctis
524 1978 690 2053 agminibus
712 1985 741 2036 et
760 1978 906 2037 accinctus
929 1978 1011 2038 inflat
1026 1974 1243 2036 Claramontins
1257 1974 1347 2033 lituos
1363 1978 1394 2032 et
1407 1988 1497 2049 pom-

139 2079 209 2138 pam
232 2060 382 2141 producit:
416 2081 481 2123 non
503 2064 607 2123 leviter
629 2064 828 2124 recedendum
850 2064 949 2125 dicens
971 2066 1010 2124 ob
1033 2067 1163 2140 antiquo
1184 2060 1395 2138 ptsbropttac
1418 2060 1497 2136 dop-

139 2157 229 2210 motc.
272 2148 374 2209 Habet
403 2168 475 2211 sane
506 2151 563 2212 boe
591 2154 709 2213 axioma
736 2170 822 2213 snum
845 2151 957 2225 locum,
989 2155 1090 2229 itaque
1112 2160 1141 2211 et
1163 2149 1297 2227 Tychoni
1321 2150 1417 2206 risum
1441 2156 1498 2207 est

139 2239 180 2296 aa
202 2255 268 2298 eum
291 2237 452 2314 subjungat
474 2239 551 2299 banc
574 2241 786 2301 contessionem
811 2243 984 2317 ingenuam,
1006 2243 1032 2299 si
1054 2242 1116 2298 sirrt
1137 2238 1409 2298 demonstrationes
1430 2253 1500 2294 cer·

138 2326 270 2385 tbnmoe
297 2329 494 2401 geometricos
520 2330 555 2385 in
576 2332 784 2403 eontrarium,
807 2346 917 2389 emere
937 2346 994 2388 nor
1015 2332 1155 2403 oportere
1177 2332 1306 2385 veurem
1326 2324 1500 2402 falsitatem

138 2419 166 2472 et
187 2430 300 2475 nouom
326 2417 482 2473 toritatem
502 2415 646 2475 inducre:
677 2416 799 2476 babebit
821 2418 909 2492 igitur
931 2415 1102 2494 Tychonem
1125 2419 1310 2485 excusatum,
1336 2413 1405 2488 qni,
1430 2428 1498 2471 cnm

139 2510 217 2560 esset
238 2502 295 2560 sibi
319 2504 452 2561 conscius
474 2502 643 2578 hujusmodi
667 2503 956 2578 demonstrationum,
980 2524 998 2562 a
1019 2501 1222 2561 communibus
1245 2500 1361 2576 placitis
1385 2517 1419 2559 se
1442 2498 1499 2560 da·

139 2588 206 2648 duci
229 2605 334 2667 passus
356 2598 410 2648 est.
448 2589 581 2667 Cumque
604 2591 820 2651 claromontius
842 2592 1063 2662 existimaverit,
1086 2607 1117 2649 se
1140 2587 1249 2661 vidae,
1273 2590 1409 2647 cotiones
1436 2586 1499 2665 Ig-

115 2752 117 2756 ,
138 2676 240 2736 ebonis
261 2677 349 2752 longe
370 2677 468 2736 obem
490 2697 511 2737 o
532 2678 798 2740 demonstrotionr'a
819 2679 1007 2753 certitudine,
1031 2695 1090 2737 csse
1111 2676 1297 2750 deceptorios
1316 2691 1499 2752 pravosque

139 2765 342 2839 dispositionis
364 2772 392 2823 et
414 2768 626 2841 ignorantiam
646 2784 704 2843 pro
725 2770 851 2826 amentia
866 2767 1024 2839 inducere,
1044 2765 1107 2841 jem
1122 2766 1219 2840 igitur,
1245 2770 1404 2840 postquam
1419 2761 1497 2821 banc

139 2868 195 2926 ega
218 2850 354 2913 blennam
377 2853 415 2911 ab
439 2853 531 2912 oculis
555 2854 620 2930 ejus
642 2855 775 2928 abstersi,
799 2863 832 2913 nt
854 2870 1030 2931 cognoscere
1052 2853 1159 2927 possit,
1183 2867 1242 2910 non
1269 2850 1496 2928 tychonis-ro-

138 2942 233 3000 tt'onea
247 2958 268 2998 o
282 2940 548 3015 demembotione,
572 2941 624 3001 sed
646 2960 732 3001 suurn
756 2944 784 3000 in
807 2942 855 3001 his
876 2943 963 3001 rebus
982 2939 1127 3017 judicium
1149 2938 1187 2998 ab
1212 2955 1311 2999 earnm
1335 2945 1425 3014 captu
1440 2937 1497 2997 ab·

136 3028 245 3105 samse,
270 3044 326 3086 nee
348 3027 426 3085 illius
450 3031 584 3088 rationes
605 3030 804 3104 deceptorios,
827 3029 879 3088 sed
901 3047 970 3088 snas
994 3029 1149 3087 instantias
1172 3024 1299 3102 pueriles
1322 3032 1351 3085 et
1374 3025 1496 3101 imperi·

140 3116 278 3186 tissimas,
299 3130 355 3174 nec
377 3117 405 3172 in
430 3118 609 3190 argumentis
631 3116 797 3195 Tychonis,
820 3117 872 3178 sed
894 3119 923 3175 iu
947 3133 1000 3175 suo
1025 3115 1143 3175 cerebro
1165 3132 1294 3192 procons
1317 3114 1409 3173 luisse
1433 3112 1497 3171 dir·

135 3205 326 3277 positionem,
351 3218 404 3261 nee
420 3201 590 3279 Tychonem
611 3208 816 3281 prescientia
839 3207 1049 3280 ignorantium
1072 3202 1225 3272 inducere,
1248 3200 1299 3260 sed
1322 3218 1363 3273 se,
1387 3217 1425 3259 ne
1447 3201 1495 3260 vel

138 3292 202 3366 ipse
225 3288 273 3348 rel
295 3290 347 3347 alii
369 3307 406 3350 ex
428 3292 629 3366 ignorantibus
652 3296 777 3353 seientes
801 3291 982 3363 efficiantur,
1014 3290 1157 3350 hactenus
1188 3292 1267 3346 omni
1290 3289 1360 3366 styli
1385 3291 1497 3364 impor-

139 3379 263 3436 tunitate
286 3394 447 3453 pugnasse:
471 3396 525 3454 par
547 3388 601 3453 est,
625 3389 657 3438 ut
679 3398 764 3439 suum
788 3382 849 3455 ipse
866 3385 1055 3456 praeceptum
1072 3379 1242 3450 observans,
1268 3378 1385 3435 veritati
1402 3378 1497 3437 victas

140 3464 189 3524 det
210 3480 322 3536 marrus,
348 3481 401 3523 nec
423 3467 452 3522 in
476 3468 598 3542 antiqno
621 3467 739 3542 placito,
764 3468 847 3542 cujus
861 3467 1041 3543 prolessores
1057 3466 1222 3540 pertinaces
1238 3463 1313 3522 falsa
1329 3481 1382 3539 pro
1404 3467 1498 3522 reris-

139 3552 220 3609 simis
243 3550 405 3625 venditant,
429 3561 608 3628 permaneat,
632 3553 683 3613 sed
707 3557 736 3612 in
760 3555 991 3613 doctissimorum
1011 3552 1100 3628 hujus
1115 3551 1206 3610 seculi
1222 3551 1498 3612 matbematicorum

140 3634 232 3719 (quos
254 3635 427 3714 Germania,
457 3657 532 3715 quos
555 3641 690 3717 Europae
721 3642 888 3719 provinciae
915 3649 1044 3712 ceterae,
1078 3641 1244 3717 cumprimis
1273 3638 1361 3698 Italia
1390 3637 1498 3722 habet)

138 3733 237 3802 partes
267 3724 401 3786 meliores
430 3734 570 3787 transeat.
615 3727 678 3787 Nisi
708 3730 808 3789 lecerit
831 3736 860 3787 et
882 3731 906 3786 si
929 3728 1116 3786 nihilominus
1144 3727 1303 3803 perrexerit
1329 3726 1498 3803 scribendo,

139 3814 294 3871 veritatem
310 3814 518 3895 oppugnando,
534 3817 675 3892 speciosis
686 3816 825 3877 librorum
841 3816 933 3875 titulis
949 3816 1145 3875 studiosorum
1160 3816 1301 3891 profectui
1318 3813 1500 3896 insidiando,

140 3915 229 3959 eausa
257 3917 315 3960 non
346 3910 405 3975 est,
435 3905 504 3977 quin
534 3904 589 3963 boc
612 3911 762 3981 exspectet
783 3903 934 3963 meliorum
958 3904 994 3963 de
1016 3921 1048 3962 se
1067 3902 1227 3978 judicium:
1259 3920 1325 3961 sesa
1348 3902 1499 3963 bominem

140 4004 204 4048 esse
227 3995 381 4065 corruptae
404 3992 517 4063 mentis,
542 3993 570 4048 in
589 4009 647 4066 quo
662 4000 752 4053 certet
768 4010 834 4052 cum
851 3993 995 4068 imperitia
1009 3993 1167 4059 temeritas,
1192 4008 1286 4066 eoque
1301 4007 1356 4049 uec
1371 3989 1499 4051 audien-

140 4074 208 4135 dum
231 4094 326 4154 neque
350 4080 467 4136 omnino
492 4078 651 4139 curandum
674 4097 761 4156 porro
785 4078 833 4139 rel
855 4079 1053 4150 salutandum,
1078 4078 1130 4138 sed
1153 4080 1228 4138 inter
1251 4095 1315 4152 eos,
1341 4080 1393 4154 qui
1416 4083 1502 4154 prin-

139 4165 217 4241 cipia
238 4171 355 4239 negant,
380 4183 416 4224 ex
441 4173 503 4225 arte
526 4174 626 4226 nostra
649 4166 838 4245 relegandum
862 4175 890 4226 et
913 4165 1086 4227 cavendum.

500 4374 747 4440 Conclusio
771 4380 818 4438 et
841 4375 1136 4439 Protestatio.

244 4514 328 4575 Haec
355 4518 445 4594 igitur
473 4533 564 4594 opera
590 4517 661 4576 mibi
690 4535 744 4594 pro
766 4517 915 4596 'lycbonis
938 4516 1065 4591 Brahai,
1095 4517 1226 4592 magistri
1258 4512 1408 4591 quondam
1432 4520 1503 4592 mei,

140 4600 255 4677 placitis
279 4603 461 4664 vindicandis
484 4613 623 4681 suscepta
645 4615 728 4679 est03
753 4608 860 4665 veritas
876 4607 948 4683 ipsa,
972 4622 1050 4680 quae
1072 4612 1130 4663 stat
1145 4622 1164 4662 a
1180 4602 1330 4680 Tycbonis
1351 4604 1501 4679 partibus,

140 4691 301 4767 patrocinio
325 4690 387 4764 tali,
411 4695 483 4766 scio,
507 4709 566 4751 non
589 4692 715 4769 indiguit
737 4693 817 4770 apud
840 4692 1045 4768 intelligentes.
1085 4691 1143 4750 Sed
1167 4708 1232 4750 cnm
1256 4697 1324 4767 post
1344 4706 1443 4750 annos
1458 4694 1502 4751 20

138 4783 263 4838 amorte
286 4781 413 4840 auctoris
435 4782 567 4840 norltins
589 4781 644 4841 iste
666 4798 704 4841 ex
724 4782 887 4858 improviso
910 4788 1029 4842 coortus
1052 4787 1130 4840 esset
1151 4777 1347 4852 adversarius,
1373 4776 1504 4839 demon-
