3284 5520
429 347 491 404 Lib.
511 347 535 403 1.
571 347 700 404 Comatae
717 348 782 403 anui
802 345 878 402 idid.
915 345 1005 415 Caput
1022 346 1071 402 ΙΙΙ.
1393 348 1436 415 93

64 527 126 584 sita
147 529 189 586 sit
210 542 303 602 prope
325 523 444 598 eadem,
474 527 611 602 quamvis
639 525 749 585 cirenlo
779 522 909 585 verticuli
939 525 1105 601 eclipticam
1133 525 1253 604 oblique
1277 524 1363 587 valde
1385 543 1435 586 se·

66 622 166 672 eante.
222 614 335 673 Vitium
365 615 454 689 igitur
485 612 699 672 observationis
728 615 909 686 intercessit,
940 628 1109 689 quanquam
1139 623 1168 674 et
1198 621 1324 691 quatuor
1354 613 1434 673 horis

67 704 212 760 maturior
241 703 297 760 luit
319 699 562 776 ingolstadiensis
591 717 685 776 eoque
714 708 744 758 ot
769 699 897 759 latitudo
924 716 993 759 vere
1021 700 1173 776 aliquanto
1201 704 1312 774 minor,
1345 718 1434 778 qnam

67 789 204 864 sequenti
234 788 298 847 bor.
323 794 353 847 6.
377 787 504 846 Rursum
533 787 580 847 die
615 789 663 846 13.
691 791 739 848 it.
762 787 834 846 Dec.
857 786 967 846 Remus
991 784 1149 864 Oeniponti
1180 797 1209 849 et
1239 787 1434 848 Sebielrardos

68 873 224 953 Nirtiugae
246 874 284 934 ad
306 874 469 934 Necessum
492 874 658 950 parallaxin
682 873 859 934 excludunt:
890 877 1077 934 consentiunt
1104 878 1182 935 enim
1210 879 1239 934 in
1262 874 1383 951 longum
1406 885 1436 934 et

70 961 162 1021 latum
185 980 278 1041 prope
300 962 469 1034 admodum,
493 965 523 1020 in
538 962 694 1021 latitudine
717 963 805 1022 etlam
820 959 954 1020 Rhodios
970 961 1169 1039 Witebergee,
1192 962 1272 1039 quod
1293 963 1434 1038 maj0rem

72 1049 161 1110 babet
184 1050 347 1128 emphasin,
371 1051 442 1126 quia
465 1044 501 1110 5⁰
523 1056 568 1109 est
590 1048 753 1109 dillereniia
775 1046 940 1108 latitudiuis
963 1047 1102 1109 locorum.
1142 1050 1225 1109 idem
1249 1047 1435 1110 confirmatur

75 1140 160 1197 ctiam
182 1155 235 1214 per
259 1145 310 1197 17.
334 1138 407 1198 Dee.
431 1134 629 1210 mediocriter,
660 1137 738 1196 idem
760 1141 812 1197 00.
836 1135 920 1208 Dee,
950 1138 1078 1197 maxime
1101 1142 1154 1197 22.
1176 1137 1260 1212 Dee,
1291 1155 1346 1198 uee
1375 1154 1433 1197 nou

77 1234 104 1284 ot
124 1231 176 1286 23.
199 1225 273 1285 Dec.

175 1311 329 1372 Concindo
352 1313 441 1388 igitur
465 1309 501 1371 de
523 1312 645 1388 potiori,
668 1266 780 1370 nnllam
803 1327 840 1370 err
863 1309 1103 1369 observationum
1127 1309 1325 1386 discrepantia
1346 1328 1434 1388 posse

82 1399 208 1460 idoneam
239 1401 436 1476 suspicionem
467 1397 532 1458 elici
563 1398 748 1475 parallaxeos
777 1397 902 1472 alicujus
931 1397 1089 1456 sensibilis
1132 1398 1157 1456 E
1188 1401 1333 1458 contrario
1363 1415 1434 1458 vero

85 1488 174 1547 erebro
196 1491 270 1547 satis
293 1487 475 1546 diversorum
499 1486 630 1546 locorum
646 1486 869 1545 observationes
883 1500 974 1561 prope
990 1483 1149 1544 admodum
1164 1489 1333 1562 conspirant
1345 1504 1434 1563 prae·

87 1573 208 1651 beutqus
223 1581 428 1650 argumentum
452 1573 638 1650 parallaxeos
660 1573 771 1632 nullius
795 1589 831 1631 ex
854 1571 996 1630 distantia
1017 1572 1149 1632 locorum
1173 1580 1332 1647 causatae,
1356 1572 1434 1633 unde

87 1660 285 1736 quadamtenus
315 1662 353 1721 de
380 1661 534 1720 altitudine
565 1669 696 1721 cometae
720 1678 738 1719 a
760 1667 859 1719 centro
888 1658 998 1720 Terrae
1029 1661 1166 1720 certiores
1194 1659 1351 1720 reddimur.
1397 1660 1433 1720 Id

87 1764 177 1824 operae
207 1750 335 1826 pretium
365 1748 466 1822 luerit,
501 1766 537 1807 ex
567 1747 772 1808 scientioribus
802 1744 978 1823 quibusdam
1011 1747 1271 1808 observationibus
1299 1757 1329 1808 et
1357 1765 1433 1825 quae

87 1838 222 1895 minimum
245 1835 439 1895 dubitationis
461 1835 571 1894 babent
594 1836 631 1894 ad
655 1834 773 1895 oculum
796 1833 1004 1893 demonstrare.

175 1924 234 1983 Die
257 1926 287 1984 9.
303 1923 378 1983 Dee.
402 1924 506 1983 eodem
528 1931 676 1982 momento
700 1923 926 1981 observavimus
940 1918 1185 1995 Ingolstadieusis
1206 1929 1236 1981 et
1251 1939 1307 1997 ego
1321 1921 1433 1999 Lincii;

87 2024 139 2069 mm
161 2009 241 2087 quod
263 2010 328 2087 ejus
352 2010 520 2069 observatio
543 2011 597 2068 luit
620 2011 710 2071 borae
725 2007 871 2068 secundae
887 2010 1006 2084 propior
1021 2024 1109 2082 quam
1124 2011 1237 2081 tertiae,
1261 2027 1328 2069 mea
1343 2009 1433 2071 horae

87 2100 174 2157 bedae
197 2100 317 2175 propior
339 2114 430 2174 quam
452 2096 614 2170 secundae,
638 2097 667 2156 id
691 2098 817 2175 pertinet
839 2094 878 2153 ad
900 2094 1086 2154 identitatem
1108 2098 1264 2168 momenti,
1288 2106 1333 2156 est
1355 2101 1432 2158 enim

82 2182 150 2244 loeus
171 2202 255 2246 mens
278 2183 450 2244 orientalior
471 2192 501 2243 et
522 2183 588 2260 plns
610 2192 770 2245 numerat·
792 2180 1048 2258 Deprehendimus
1071 2191 1169 2242 autem
1185 2182 1283 2243 locum
1299 2197 1432 2246 cometae

84 2271 204 2346 eundem,
227 2289 283 2333 uec
306 2271 572 2349 quartam-gradus
593 2283 707 2348 partem
729 2271 900 2330 observatio
923 2268 1017 2330 altera
1040 2277 1139 2344 potest
1155 2270 1257 2330 divelli
1273 2272 1311 2330 ab
1328 2272 1430 2333 altera.

78 2357 186 2420 Distaut
208 2376 279 2420 vero
303 2358 371 2419 loca
395 2365 435 2418 40
458 2361 573 2418 circiter
587 2358 761 2419 milliaribus
777 2357 961 2431 germanicis,
986 2363 1015 2414 et
1030 2355 1109 2416 linea
1126 2356 1284 2418 distantiae
1299 2359 1432 2419 locorum

74 2448 223 2523 porrigitur
251 2454 334 2507 reeta
363 2448 393 2504 in
425 2449 583 2520 orientem;
615 2454 729 2508 cometa
758 2460 828 2502 vero
858 2443 958 2502 stabat
985 2445 1072 2502 etiem
1101 2452 1182 2503 recta
1211 2462 1312 2504 versus
1336 2456 1432 2506 ortum

72 2532 330 2610 aequinoctialem,
361 2531 439 2592 altus
462 2534 574 2593 circiter
597 2532 663 2596 30⁰.
708 2534 754 2594 Sit
780 2547 851 2606 ergo
874 2533 903 2588 in
927 2529 1132 2590 schemate‘r'.
1157 2531 1430 2612 GIngolstadium‚

69 2622 92 2680 A
106 2620 243 2681 Lruclum
258 2628 288 2681 et
310 2620 361 2679 CA
377 2620 516 2680 milliaria
534 2626 584 2687 40,

66 2716 94 2767 et
116 2709 363 2785 complementum
385 2706 486 2784 auguli
509 2706 584 2767 CAS

61 2796 100 2855 sit
124 2792 192 2870 30⁰,
215 2794 342 2856 altitudo
365 2802 505 2855 cornetae.
548 2794 585 2853 Et

59 2884 136 2961 quia
159 2882 321 2961 parallaxls
346 2881 429 2941 nulia
451 2882 586 2941 animad-

57 2987 159 3044 versa,
173 2969 231 3030 boe
245 2977 290 3029 est
303 2971 398 3030 minor
408 2986 497 3046 quem
510 2986 586 3045 qua-

54 3057 153 3117 drans
178 3059 265 3117 unius
293 3056 418 3135 gradus,
448 3059 488 3115 sit
515 3073 585 3132 crgo

53 3144 140 3207 CSA
162 3144 290 3221 angulus
307 3143 513 3222 parallaetieus
528 3145 585 3202 mi·

51 3250 118 3293 nor
141 3248 230 3308 quam
253 3228 290 3290 0⁰
315 3230 374 3290 15³.
408 3230 534 3307 Angelis
556 3240 586 3289 et

50 3337 124 3380 uno
153 3318 245 3378 latere
276 3317 370 3392 dotis,
399 3319 588 3378 inveniuntur

48 3408 190 3482 reliqua
225 3403 266 3466 Ut
283 3408 361 3465 enim
376 3412 423 3465 est
434 3408 517 3464 siuns
532 3422 588 3464 an-

49 3494 130 3573 guli
151 3491 226 3552 CSA
242 3489 279 3552 ad
295 3492 358 3566 CA,
382 3494 423 3551 40
439 3492 587 3565 milliaria,

49 3584 104 3644 sle
138 3589 186 3640 est
211 3581 292 3638 sinus
323 3579 423 3656 anguli
447 3578 521 3639 CAS
549 3577 587 3638 ad
629 3601 648 3661 ο

49 3668 122 3741 08,
138 3665 322 3726 altitudinem
338 3674 469 3727 cometae
484 3667 523 3725 ab
535 3666 587 3724 Iu-

50 3753 227 3834 golstadio.
272 3753 346 3813 Cum
370 3770 439 3829 ergo
462 3756 543 3812 sinus
567 3753 642 3816 OAS
664 3757 703 3812 sit
727 3760 849 3828 50000,
879 3755 906 3812 is
934 3757 963 3812 in
996 3763 1036 3817 40
1058 3757 1197 3820 milliaria
1218 3760 1429 3839 multiplicatos

49 3844 141 3905 iacit
164 3847 330 3915 20000003
361 3840 424 3900 bie
437 3840 550 3900 divisus
580 3862 632 3919 per
653 3846 750 3902 sinum
774 3841 861 3915 OSA,
891 3843 1031 3904 minorem
1055 3863 1144 3921 quam
1168 3850 1247 3924 436,
1279 3849 1331 3909 dat
1352 3867 1429 3927 quo-

50 3933 192 3991 nentem
220 3928 361 4004 majorem
392 3946 481 4003 qnam
510 3933 595 3990 4600
618 3929 756 3990 milliaria
785 3931 962 4006 germanica.
1009 3932 1133 3993 Cometa
1154 3937 1243 4011 igitur
1264 3938 1320 3996 luit
1340 3937 1429 4013 louge

52 4019 158 4081 altior
187 4019 243 4074 isto
274 4032 394 4076 numero
424 4015 602 4076 milliarium.
648 4017 732 4076 Haeo
762 4018 851 4092 igitur
877 4017 1035 4093 populares
1058 4028 1163 4096 eaptus
1185 4022 1284 4085 doceri
1305 4033 1430 4101 possunt

51 4123 99 4167 cx
128 4103 385 4163 observationibus
408 4102 466 4162 diei
491 4109 520 4162 9.
544 4105 616 4165 Dee.
640 4103 815 4180 Ingolstadil
838 4110 867 4164 et
889 4104 984 4163 Lineii
1008 4106 1134 4182 habitis,
1157 4114 1281 4186 quaesi
1304 4128 1428 4172 secura·

52 4191 200 4254 tissimse
222 4189 355 4261 inissent,
379 4188 465 4267 plura
487 4192 576 4250 eliam
599 4199 628 4252 et
651 4192 833 4250 distinctiora
857 4207 893 4249 ex
917 4193 952 4250 iis
973 4191 1079 4254 deduci
1093 4199 1259 4272 potuissent
1273 4197 1309 4259 ds
1324 4198 1429 4259 altitu·

55 4280 137 4351 dine
158 4276 249 4353 bajus
271 4285 404 4337 cometae
427 4285 456 4337 et
478 4278 581 4354 procul
603 4279 693 4338 dubio
715 4276 941 4337 incredibiliora.

173 4364 217 4424 lix
240 4364 297 4424 bae
319 4365 402 4423 brevi
425 4372 455 4424 et
476 4366 600 4441 parabili
623 4365 762 4425 methodo
785 4368 921 4425 aestimet
943 4366 1120 4444 Dilinganus
1143 4371 1317 4433 observator
1343 4390 1428 4434 snam

58 4452 309 4557 operosissimam
336 4452 528 4528 paraliaxeon
558 4453 833 4513 demonstrationem
857 4470 893 4512 ex
916 4452 1004 4529 bajus
1027 4455 1159 4531 ejusdem
1182 4458 1240 4519 diei
1263 4460 1428 4521 observatis

60 4542 193 4618 ejusque
216 4540 368 4611 ellectum,
391 4538 576 4601 altitudinem
600 4549 732 4601 cometae
755 4541 793 4599 ab
816 4540 887 4600 urbe
911 4541 1080 4621 Dilingana
1126 4544 1245 4622 Cogitet
1266 4550 1371 4623 etiam,
1394 4566 1427 4609 se

59 4629 172 4688 iseram
192 4625 305 4687 nullam
328 4628 519 4702 assumsisse,
549 4628 601 4689 sed
632 4628 787 4686 distantias
810 4634 940 4688 cometae
964 4631 1113 4691 avertice
1136 4633 1273 4694 elicuisse
1295 4651 1332 4695 ex
1354 4653 1428 4713 snp-

61 4716 215 4794 positione
246 4712 395 4774 verticalis
415 4713 528 4775 Romae
558 4724 588 4775 et
610 4715 749 4791 Dilingae
780 4714 927 4791 ejusdem,
958 4715 1037 4792 qood
1060 4735 1146 4778 nemo
1169 4722 1284 4796 cogitur
1304 4725 1332 4781 ei
1354 4738 1427 4784 cou-

62 4801 188 4879 cedere,
211 4803 340 4880 pensitet
362 4800 488 4879 denique
511 4803 748 4865 observationem
771 4801 947 4880 Romanam,
972 4803 1008 4865 de
1031 4822 1091 4884 qua
1111 4810 1247 4868 menni
1238 4825 1269 4868 ru
1292 4808 1424 4871 Ιιίιιοῆι.
