3284 5520
722 334 967 409 romanorun
1445 325 1510 399 319

257 509 502 571 Corollarium.
540 512 643 580 Quodsi
668 519 780 582 superet
804 527 931 568 mensura
950 508 1133 583 proportionis
1151 508 1222 564 inter
1239 505 1370 563 maximas
1388 502 1512 595 differen-

152 589 217 644 tiam
236 604 342 657 earum,
361 590 444 657 hujus
462 608 605 647 mensurae
624 593 658 648 ad
676 594 747 650 hane
766 594 944 651 differentiam
963 593 1103 663 proportio
1118 591 1206 647 minor
1218 589 1269 646 erit
1281 604 1362 659 quam
1374 592 1512 655 sequentis

154 684 301 724 mensurae
319 669 355 724 ad
374 670 552 726 differentiam
571 689 656 740 suam,
675 692 734 730 cum
755 673 997 746 proportionalium
1017 671 1110 727 eadem
1129 670 1165 724 sit
1182 669 1260 724 ratio.

259 760 492 840 Propositio
517 763 605 823 XIII.
653 764 688 823 st
716 769 901 841 quantitates
929 774 986 825 tres
1016 764 1123 826 ordine
1154 759 1377 837 magnitudinis
1404 774 1433 817 se
1462 759 1512 815 in·

154 857 343 929 aquantur,
411 855 528 927 oportio
550 855 754 911 ruinimarnm
777 853 914 913 duarum
937 857 971 912 in
992 854 1189 930 proportione
1211 855 1416 907 eatremarnm
1439 861 1513 902 con·

154 936 302 996 tinebitnr
324 942 437 1010 rarius,
463 957 555 1015 qnam
580 940 753 1016 differentia
776 945 979 1001 minimarum
1002 945 1037 999 in
1060 939 1148 1017 diffe-

153 1027 255 1083 rentia
278 1031 503 1101 extremarum
535 1034 561 1084 et
591 1029 719 1087 uicissim
746 1031 906 1105 proportio
935 1031 1146 1088 maximarum

155 1115 184 1171 in
212 1116 416 1191 proportione
437 1122 644 1172 cetranorum
668 1115 872 1177 continebitur
893 1119 1028 1193 saepius,
1053 1131 1147 1190 quant

156 1198 331 1277 differentia
354 1200 480 1259 illarum
503 1203 536 1258 in
559 1200 732 1278 differentia
754 1203 876 1262 harum.

242 1284 437 1346 Continentur
460 1289 535 1346 enim
560 1291 587 1345 in
613 1287 728 1362 adjecto
752 1289 962 1365 dlugramnrate
987 1288 1149 1347 differentia
1205 1258 1233 1312 M
1368 1281 1392 1335 E

157 1376 342 1432 minimarum
361 1374 402 1431 EI
422 1375 469 1433 vel
488 1374 548 1433 MN
564 1377 593 1433 in
617 1375 779 1435 differentia
795 1377 851 1436 DN
875 1386 1067 1436 extremarum
1092 1374 1147 1433 ali·
1348 1316 1352 1521 v

157 1463 282 1539 quoties,
306 1458 377 1519 llset
399 1478 456 1521 non
481 1470 591 1533 exacte,
619 1472 648 1521 et
672 1465 770 1539 coplas
793 1468 941 1543 proportio
965 1465 1148 1521 minimarum
1209 1503 1236 1559 N

156 1547 213 1620 ΒΕ,
231 1546 283 1607 CF
299 1565 464 1607 mensuram
479 1548 670 1608 differentiam
687 1549 755 1621 MN,
780 1554 835 1610 erit
850 1554 938 1627 igitur
954 1552 1148 1629 proportionis

158 1635 226 1714 AD,
251 1634 303 1695 CF
326 1652 462 1694 mensure
484 1639 577 1693 nrinor
600 1655 688 1714 quam
713 1636 874 1697 differentia
892 1639 946 1697 DN
970 1636 1064 1717 (prop.
1089 1634 1147 1713 12),

155 1725 250 1783 rarius
275 1724 364 1797 igitur
387 1724 583 1782 contiuebitur
598 1724 658 1782 MN
681 1726 710 1782 in
734 1743 870 1785 11111111
895 1728 987 1803 ipsius
1009 1724 1075 1798 AD,
1099 1722 1147 1781 CN

154 1810 368 1889 proportionis,
392 1828 479 1887 quam
503 1812 532 1867 in
555 1811 611 1869 ND
635 1810 783 1887 longiore,
806 1816 899 1872 rarius
922 1815 1010 1889 igitar
1033 1820 1062 1871 et
1085 1813 1148 1888 ipsa

152 1899 309 1976 proportio
340 1899 368 1954 in
399 1900 594 1975 proportione.
639 1898 1148 1961 17111111111111111111111111111-
1258 1950 1264 1967 ,

151 1984 284 2045 terentia
307 1985 336 2041 in
359 1984 415 2042 DN
438 1986 595 2063 aliquoties
618 1993 647 2044 et
669 1988 708 2044 sit
731 1986 792 2045 ΒΜ
825 2006 960 2047 mensura
983 1988 1149 2064 proportio·

147 2074 197 2131 uls
223 2071 301 2141 AD,
325 2070 392 2130 BE:
421 2072 475 2130 erit
498 2075 693 2150 proportionis
719 2075 792 2147 AD,
825 2074 873 2133 CF
897 2092 1032 2134 mensura
1055 2073 1150 2148 major

148 2175 249 2235 quam
267 2157 332 2229 DN,
356 2162 474 2236 saepius
498 2161 585 2236 Igitur
608 2162 662 2219 erit
678 2160 739 2218 ΒΜ
762 2165 790 2219 in
814 2180 951 2221 mensura
973 2163 1066 2239 Ipsius
1083 2160 1147 2232 AD,
1238 2186 1262 2238 Α
1339 2185 1361 2237 Β
1433 2183 1452 2239 0

144 2246 214 2322 CN,
243 2264 334 2321 quam
355 2248 384 2302 in
410 2246 474 2305 DN.
521 2248 596 2323 Ergo
620 2257 675 2306 ete.

248 2343 491 2403 corollarium.
528 2347 689 2403 Differentia
716 2347 810 2403 eadem
834 2348 905 2402 Inter
928 2347 1057 2404 terminos
1081 2345 1173 2411 biuos,
1201 2341 1265 2395 11111
1292 2340 1426 2408 majores,
1455 2336 1517 2393 inde

139 2424 288 2492 mitiores,
307 2425 451 2495 existente,
470 2426 610 2495 proportio
628 2426 700 2481 inter
718 2427 835 2495 majores
854 2427 941 2481 minor
959 2429 1018 2495 erit,
1037 2428 1108 2480 inter
1126 2422 1244 2476 minores
1263 2419 1357 2488 major.

265 2512 484 2591 Propositio
501 2516 588 2575 XIV.
627 2517 661 2577 Si
679 2521 864 2593 quantitates
887 2525 945 2576 tres
968 2517 1150 2577 ordinentur
1168 2515 1315 2588 deinceps,
1339 2509 1518 2586 aequalibus

138 2602 341 2681 differentias
369 2605 498 2663 invicem
529 2605 714 2665 excedentes.-
744 2608 905 2681 proportio
935 2609 1015 2665 inte-r
1045 2611 1195 2665 extremas
1224 2608 1265 2659 est
1292 2601 1393 2665 maior
1424 2614 1518 2672 quam

137 2690 259 2769 dupio
279 2693 491 2765 proportionis
512 2696 735 2752 masimarum.

271 2777 337 2836 Sint
359 2786 418 2837 tres
441 2782 639 2857 quantitates,
669 2781 725 2838 AD
749 2781 889 2850 maxima,
915 2780 965 2837 BE
989 2778 1101 2850 media,
1125 2776 1173 2835 ct*
1197 2777 1331 2844 miultua,
1355 2780 1384 2830 et
1407 2773 1519 2830 11111-

142 2882 265 2925 cessua
297 2866 407 2942 primae
436 2884 524 2943 super
546 2866 706 2925 seeundum
730 2867 791 2925 ΒΜ
814 2867 946 2941 aequalis
969 2868 1101 2926 excessui
1125 2863 1272 2923 secundae
1295 2878 1382 2937 super
1405 2860 1519 2917 tertiam

144 2950 202 3011 El
231 2950 280 3011 vel
303 2950 378 3023 MN,
414 2951 479 3012 dico
507 2957 724 3031 proportionem
755 2958 828 3013 Inter
853 2954 925 3026 AI),
953 2954 1001 3012 CF
1029 2953 1169 3027 maj0renr
1197 2968 1262 3010 esse
1290 2966 1378 3025 quam
1401 2944 1519 3023 drrpIam

150 3039 257 3116 ipsine
281 3039 354 3097 inter
378 3039 443 3109 AD,
463 3041 522 3100 ΒΕ.
562 3042 746 3100 lilensuretur
769 3044 845 3100 enim
869 3043 1016 3119 proportio
1041 3040 1096 3098 AD
1121 3038 1157 3098 sd
1182 3039 1232 3096 ΒΕ
1255 3054 1306 3115 per
1330 3034 1519 3093 differentiam

150 3124 226 3183 Dii
257 3124 343 3205 (post.
373 3129 423 3200 3),
462 3131 516 3186 erit
550 3131 638 3205 igitur
670 3146 806 3187 mensura
840 3131 1035 3206 proportionis
1065 3128 1115 3185 ΒΕ
1149 3125 1186 3185 ad
1216 3126 1265 3184 et*
1302 3122 1396 3198 major
1427 3137 1520 3196 quam

156 3212 327 3272 (1111111111
349 3212 389 3271 ΙΕ
412 3213 460 3273 111
483 3215 542 3275 MN
564 3216 616 3295 (pr.
647 3216 703 3286 12).
743 3215 801 3275 Sed
825 3216 883 3275 MN
907 3223 1016 3292 aequat
1039 3214 1100 3272 DII
1108 3259 1114 3286 ,
1139 3230 1303 3272 mensuram
1326 3209 1522 3289 proportionis

158 3299 239 3360 inter
264 3300 319 3358 AD
343 3308 372 3358 et
394 3301 460 3373 ΒΕ,
495 3320 563 3378 ergo
593 3320 727 3361 mensura
757 3306 952 3381 proportionis
977 3303 1027 3361 ΒΕ
1050 3301 1087 3361 ad
1111 3302 1159 3361 et*
1191 3310 1235 3358 est
1263 3299 1356 3373 major
1375 3312 1520 3367 ‚mensura

165 3389 360 3467 proportionis
385 3388 440 3445 AD
465 3389 501 3449 ad
528 3391 577 3448 ΒΕ
605 3400 634 3449 11
663 3393 706 3450 sic
737 3392 800 3468 ipsa
831 3393 979 3469 proportio
1003 3389 1054 3448 ΒΕ
1078 3388 1115 3447 ad
1139 3387 1187 3446 cp
1211 3387 1304 3462 major
1328 3392 1373 3444 est
1396 3399 1519 3460 propor-

168 3477 243 3535 tione
267 3474 325 3533 AD
348 3473 386 3534 ad
409 3476 469 3534 BE.
516 3476 574 3536 Sed
597 3481 744 3555 proportio
769 3478 824 3536 Al)
849 3478 886 3535 ad
910 3478 958 3537 ct*
990 3478 1172 3554 componitur
1195 3492 1228 3533 ex
1255 3473 1439 3550 proportione
1464 3469 1518 3527 Al)

172 3561 206 3621 td
232 3562 284 3622 ΒΕ
315 3569 344 3621 et
371 3580 407 3622 ex
436 3567 624 3640 proportione
655 3564 704 3622 ΒΕ
733 3564 770 3623 ad
801 3565 850 3623 ct*
880 3564 938 3644 (ar.
967 3562 1008 3640 l),
1044 3581 1114 3639 ergo
1144 3564 1291 3639 proportio
1321 3560 1378 3618 AD
1410 3557 1447 3616 ad
1472 3556 1520 3617 CN

174 3658 264 3726 partes
293 3648 384 3709 habet
406 3651 463 3708 AD
494 3650 531 3710 ad
554 3653 606 3710 ΒΕ
636 3664 665 3709 11
694 3669 759 3711 eam
791 3652 930 3727 majorem
955 3652 1005 3710 ΒΕ
1034 3651 1071 3711 ad
1095 3650 1158 3722 Cli,
1188 3648 1283 3723 major
1315 3649 1402 3723 igitur
1432 3644 1521 3721 duplo

175 3738 258 3813 ipsine
283 3736 339 3795 AD
361 3736 399 3796 ad
424 3738 483 3797 ΒΕ.

269 3835 503 3890 Corollarium.
539 3838 609 3890 Hinc
628 3838 758 3906 sequitur,
778 3840 916 3892 semissem
930 3837 1113 3907 proportionis
1127 3844 1307 3890 extremarum
1322 3849 1381 3888 esse
1393 3833 1522 3900 majorem

175 3913 342 3982 proportione
360 3914 544 3981 maximarum,
563 3916 694 3970 minorem
712 3917 888 3985 proportione
907 3918 1085 3971 minimarum.

269 4003 505 4081 Propositio
535 4004 605 4063 XV.
653 4006 687 4066 Si
718 4009 798 4066 duae
829 4012 1013 4085 quantitates
1040 4010 1271 4085 proportionem
1303 4006 1521 4075 constituerint,

176 4090 327 4151 dimidium
354 4111 424 4152 vero
447 4096 629 4168 quantitatis
651 4098 780 4163 maioris
801 4096 943 4154 dematur
966 4097 1002 4154 de
1025 4098 1197 4172 quantitate
1219 4102 1361 4169 astraque,
1385 4090 1524 4149 residuae

176 4182 352 4253 quantitates
370 4184 604 4255 proportionem
629 4186 812 4243 constituent
834 4187 982 4255 majorem
1007 4184 1103 4257 dupla
1122 4184 1248 4256 prioris.

270 4264 337 4325 Sint
372 4269 551 4342 quantitates
584 4270 622 4327 10
651 4278 680 4327 11
712 4274 746 4343 9,
783 4279 811 4328 11
840 4270 939 4328 ablato
970 4270 1090 4328 dimidio
1120 4270 1212 4344 ipsius
1240 4269 1295 4339 10,
1330 4266 1358 4325 h.
1382 4282 1406 4322 1.
1438 4265 1456 4321 5
1490 4281 1523 4322 ex

176 4362 306 4431 utraque,
330 4356 529 4431 relisquentur
553 4355 588 4426 d,
615 4359 650 4425 4,
684 4356 750 4415 dieo
780 4360 994 4433 proportionem
1018 4360 1092 4415 11111
1117 4358 1134 4413 5
1158 4362 1188 4415 11
1213 4360 1230 4412 4
1255 4352 1345 4429 dupla
1368 4352 1458 4428 ipsius
1486 4352 1523 4409 10

176 4439 248 4499 rte
279 4441 421 4515 majorem
450 4459 522 4502 esse.
571 4442 763 4518 lluplicentur
791 4448 869 4502 enim
896 4448 913 4502 5
938 4454 967 4502 et
991 4447 1023 4517 4,
1058 4444 1128 4502 fient
1154 4442 1288 4501 11118
1320 4443 1431 4513 eritque
1454 4453 1524 4514 pro·

176 4530 263 4603 ponto
286 4527 390 4587 eadem
415 4528 523 4588 51114
548 4548 623 4604 quae
652 4532 689 4587 10
713 4530 750 4588 ad
776 4532 802 4587 8.
842 4532 1015 4591 Differentia
1038 4547 1108 4590 vero
1135 4532 1173 4587 10
1190 4535 1218 4587 et
1235 4530 1263 4602 8,
1287 4528 1316 4587 Ir.
1341 4545 1366 4586 1.
1391 4532 1408 4582 ‘t
1435 4524 1524 4601 dupla

176 4616 224 4673 erit
241 4614 422 4674 differentiae
447 4620 464 4675 5
489 4624 517 4673 et
542 4619 570 4684 4,
595 4615 623 4673 lr.
648 4635 672 4675 e.
698 4618 877 4677 differentiae
904 4621 943 4678 10
967 4628 995 4678 et
1019 4621 1047 4690 9,
1072 4617 1099 4676 h.
1126 4635 1150 4675 1.
1179 4618 1205 4673 1.

272 4701 303 4761 Si
329 4719 399 4762 rero
423 4712 481 4763 tres
505 4705 683 4778 quantitates
708 4704 883 4777 ordinentur,
911 4707 959 4780 10,
978 4708 1006 4778 9,
1026 4706 1054 4773 8,
1078 4721 1200 4781 quarum
1223 4703 1317 4779 prima
1341 4702 1380 4759 10
1403 4698 1525 4759 excedat

176 4791 285 4851 tertlarn
309 4791 328 4849 8
352 4788 442 4873 duplo
466 4790 547 4869 ejus,
572 4808 630 4873 quo
653 4791 768 4853 excedit
790 4791 949 4853 secundam
973 4795 1005 4868 9,
1035 4809 1086 4853 seu
1111 4795 1140 4851 in
1164 4791 1271 4873 quibua
1294 4788 1435 4873 aequales
1457 4793 1525 4847 aaut

1369 1514 1381 1565 l
1447 1514 1469 1567 F
