3284 5520
745 320 895 380 Dedicatio.
1435 325 1498 394 165
1573 270 1577 283 =

138 520 207 565 meo
230 503 379 582 vobisque
402 504 628 580 consanguineis
651 501 715 578 ejus
737 501 906 578 nominique
929 501 1044 562 Braheo
1057 501 1274 581 praestandum
1289 502 1346 562 lroc
1361 502 1498 578 officium,

142 592 269 668 ejusque
294 593 429 671 praestiti
453 591 659 652 documentum
675 589 731 649 boc
744 589 880 666 publicae
896 588 1089 650 dedicationis
1108 589 1252 650 edendum
1269 593 1385 663 censui,
1409 591 1498 667 quod,

140 681 192 737 ubi
215 697 236 738 a
259 679 426 739 Christiano
449 678 581 739 Severini
604 678 851 755 Lougimouteno,
881 676 950 736 olim
974 677 1091 754 quidem
1113 677 1246 756 Tyclroui
1269 696 1288 736 a
1310 677 1424 737 calculo
1448 696 1499 755 per

140 784 235 826 annus
266 767 341 827 benc
369 766 494 839 multos,
525 783 602 825 nnnc
632 781 702 826 vero
731 764 888 841 professori
916 772 1083 825 astronomo
1107 767 1137 823 iu
1160 764 1311 825 academia
1334 764 1497 839 Hafnieusi,

140 856 238 914 amico
264 871 347 928 mco,
377 853 560 931 comprobari
584 851 804 929 collaudarique
827 851 972 927 videritis,
1001 851 1087 912 hilari
1111 853 1196 912 vultu
1219 860 1420 929 acceptatores
1444 869 1498 912 vos

140 948 171 1000 et
199 958 306 1019 spero,
338 948 368 1002 et
398 949 431 1001 ut
457 948 542 1018 grata
573 941 658 1000 uobis
680 939 754 999 haec
776 955 841 998 mes
864 946 963 1000 strena
985 942 1038 1013 eit,
1072 941 1161 999 etiam
1193 945 1281 1016 atque
1305 941 1392 998 ctiam
1415 955 1496 1016 rogo,

141 1029 337 1106 omnibusque
370 1037 400 1089 et
427 1026 551 1105 siugulis
582 1028 694 1100 Vobis,
728 1027 806 1085 Viris
835 1026 1044 1099 nobilissimis,
1079 1026 1176 1086 officia
1206 1044 1271 1085 mea
1302 1028 1498 1101 promtissima

141 1115 300 1176 denuncio.
339 1114 453 1175 Valete.
501 1114 633 1176 Viennae
664 1115 800 1174 Austriea
831 1113 968 1173 Calendis
992 1114 1143 1175 Jauusriis
1172 1116 1240 1175 anui
1268 1112 1497 1173 Christianorum

142 1202 313 1266 Occidentis
335 1201 528 1262 MDCXXV.

664 1372 702 1437 G.
726 1373 763 1435 G.
787 1373 884 1436 Ncbb.
907 1373 945 1436 V.
969 1393 997 1433 v.

821 1547 922 1608 Cultor
940 1549 1134 1626 obsequiosus

1053 1700 1196 1806 loannes
1224 1723 1389 1829 lfeplerus,

941 1842 1101 1912 Germanus,
1119 1843 1309 1898 Astronomiae
1326 1845 1497 1916 Tychouicae

1154 1912 1305 1970 Professor.

462 2388 577 2472 lusus
605 2387 648 2469 dc
674 2386 782 2471 titulo
809 2386 920 2489 lepus
947 2386 1044 2488 stylo
1070 2386 1175 2471 lllrl.

351 2563 407 2618 Res
426 2568 469 2618 est
484 2562 594 2631 ingenii,
613 2577 662 2617 our
680 2567 745 2617 suut
761 2562 844 2616 uerba
861 2560 973 2615 horrida
989 2561 1096 2628 Martis,

399 2650 574 2718 Haereutque
591 2664 666 2703 arma
683 2647 774 2715 ermis,
793 2663 843 2717 pes
861 2647 931 2716 pede
949 2647 1043 2717 virque
1061 2649 1137 2703 viro?

349 2737 480 2793 Nimirum
499 2736 563 2806 quia
580 2736 665 2793 claret
682 2735 772 2805 Equo,
790 2735 837 2805 qui
855 2735 1002 2804 scripserat
1018 2734 1122 2790 ANTI:

403 2825 480 2881 Alter
497 2825 542 2881 hic
559 2824 587 2880 in
607 2824 712 2894 signum
730 2823 841 2892 scripsit
858 2823 968 2878 honoris
982 2825 1089 2879 Tllfa'f’.

573 3053 671 3138 illus
698 3054 736 3136 lu
764 3051 1062 3136 claramnium.

348 3228 670 3296 Ductor-Eques:
689 3227 796 3282 Mirum.
832 3227 861 3281 Si
879 3241 988 3281 causam
1006 3227 1116 3295 quaeris
1134 3227 1260 3281 honoris:

403 3317 471 3372 Rem
489 3314 559 3384 gerit
576 3315 602 3369 iu
622 3320 723 3376 Νεκυας
741 3313 847 3368 fortiter
864 3314 1121 3384 Anti-Tycha.

350 3404 590 3474 Keplerides
608 3419 656 3458 cur
673 3419 728 3457 uon
746 3403 782 3456 sit
800 3403 903 3470 Eques,
920 3417 1000 3470 quem
1017 3401 1120 3472 pellere
1139 3402 1214 3456 rivus

402 3492 463 3547 Non
482 3497 547 3561 pote
565 3489 685 3546 defuncti
704 3506 818 3560 corpore
837 3488 1157 3557 Boccor-Eques?

998 3654 1125 3710 Paulus
1148 3655 1391 3725 Prunmaister,

1129 3751 1203 3807 filius
1220 3751 1240 3807 f.

932 3845 1043 3892 Vlsuuea
1061 3841 1175 3891 Austriea
1192 3845 1219 3892 lu
1237 3846 1341 3904 gratiam
1360 3848 1478 3908 auctoris,

1097 3913 1204 3975 hospitis
1222 3915 1270 3963 sul.
