3284 5520
146 338 212 409 274
639 339 787 423 appendix
804 334 1019 413 Hyperaspiltia
1071 428 1076 438 .

146 516 336 596 spectandam
359 519 417 578 sibi
439 527 560 579 censeat
581 524 663 579 tuam
683 517 922 596 declarationem,
944 522 969 581 si
984 520 1056 580 mihi
1073 521 1169 579 minus
1183 517 1333 580 lidondum
1348 521 1509 583 exnunat

147 605 296 668 Gratulari
318 615 416 666 tamen
439 608 494 666 tibi
514 610 625 684 poteris
642 607 678 667 de
692 609 773 668 socio
789 608 892 669 talium
908 608 1170 669 halucinationum
1186 606 1328 686 'lychone
1343 609 1421 685 ipso,
1443 607 1510 669 losa

147 696 201 755 aba
224 703 252 755 te
275 693 429 772 producto,
453 711 541 771 quem
564 698 688 773 primum
710 697 740 754 11
762 695 819 756 hoc
841 695 1005 774 appendice
1027 713 1117 773 snpra
1139 694 1334 756 consideravi.

250 787 280 843 8.
318 780 411 842 Porro
434 792 465 843 et
487 781 560 842 illnd
582 781 664 843 addit
686 782 735 842 lol.
752 786 804 845 16.
829 782 1000 845 Galilaeae:
1026 784 1149 844 Nonae
1171 783 1299 857 medae,
1322 784 1461 859 pretium
1481 788 1512 841 ct

146 869 321 946 beneficium
343 869 431 944 illud,
456 870 539 946 quod
551 889 572 929 a
586 872 820 946 supernaturali
841 872 959 930 lumine
981 871 1024 930 ad
1036 871 1227 949 philosophos
1244 871 1357 943 redeat,
1380 869 1511 930 obtineri

141 961 278 1032 potense
299 977 321 1017 o
342 958 515 1017 renonibus
535 959 584 1017 uel
598 961 787 1033 experientia
807 958 973 1036 lpchonu:
994 967 1030 1018 nt
1050 960 1162 1018 scilicet
1184 958 1329 1032 adame,
1352 974 1382 1016 se
1403 974 1510 1016 encre

145 1062 216 1104 cum
242 1045 418 1121 Oopcrnico.
453 1044 520 1104 Non
543 1062 664 1122 possum
687 1047 792 1119 iacere,
816 1048 887 1122 quin
912 1045 1048 1106 Galilaea
1072 1064 1170 1106 meum
1192 1046 1241 1106 hic
1263 1061 1441 1106 consensum
1463 1044 1511 1104 la·

145 1128 221 1191 aiam
244 1140 393 1206 testatum,
416 1134 487 1208 quin
510 1134 568 1193 imo
592 1149 708 1207 censeo,
731 1133 866 1211 Tychoni
889 1136 946 1211 ipsi
969 1135 1087 1193 luminis
1110 1133 1189 1193 illius
1203 1131 1510 1211 supcmaturallsall-

146 1219 319 1296 quantulum
342 1238 395 1297 per
416 1218 551 1280 rimulam
574 1219 920 1296 angustamlrradiasse,
943 1222 1028 1297 cnjus
1052 1220 1102 1283 ille
1125 1221 1213 1281 ductu
1236 1221 1383 1281 reflexerit
1405 1218 1510 1279 oculos

145 1309 184 1367 ab
206 1307 262 1367 hac
284 1307 377 1367 veluti
399 1307 486 1366 stella
508 1306 672 1368 clarissima
693 1311 864 1386 systematis
887 1308 1082 1385 Copensicani
1109 1307 1149 1368 ad
1174 1317 1307 1388 systema
1328 1324 1416 1367 sunm
1438 1324 1510 1384 pro-

145 1397 249 1471 prium,
273 1394 330 1455 hoo
352 1404 397 1454 est
419 1394 457 1454 ad
480 1397 675 1472 compositum
697 1413 733 1455 ex
757 1395 959 1472 Copernicano
982 1406 1012 1456 et
1034 1395 1227 1456 Ptolemaico.
1271 1394 1339 1455 Hoc
1360 1397 1452 1472 igitur
1473 1393 1511 1454 de

145 1482 286 1560 Tychone
309 1481 485 1543 crederetis
508 1483 635 1560 expedit,
658 1486 709 1559 qui
732 1482 913 1561 hypotheses
936 1483 1016 1543 illius
1039 1487 1124 1561 sequi
1143 1484 1266 1543 malunt.
1304 1485 1346 1543 At
1367 1484 1420 1560 qni
1441 1489 1512 1542 suat

146 1569 238 1629 oculis
260 1570 350 1646 paulo
373 1570 558 1644 firmioribus,
583 1571 641 1630 illis
664 1588 723 1630 non
744 1572 844 1630 atatim
868 1571 905 1630 ad
928 1574 1054 1649 primum
1070 1571 1149 1633 Solis
1172 1579 1307 1631 exortum
1328 1576 1512 1631 evanescunt

144 1656 241 1718 sidera
264 1666 369 1730 cetera,
392 1660 564 1734 praesertim
586 1659 612 1718 si
633 1660 756 1719 seorsim
771 1658 863 1733 illum,
886 1661 1010 1720 seorsim
1026 1661 1093 1734 lata,
1116 1677 1171 1721 sua
1187 1659 1327 1735 qnodque
1342 1660 1371 1716 iu
1387 1659 1512 1735 regim

145 1753 174 1804 et
196 1744 287 1823 plaga
309 1752 511 1805 contueantur.

250 1834 279 1892 9.
324 1831 390 1892 Fol.
414 1834 466 1892 33.
490 1833 541 1891 34.
571 1831 608 1891 de
631 1830 731 1892 Sarsio
754 1832 885 1894 altirmat
903 1832 1070 1909 Galliaeus,
1099 1832 1183 1910 quod
1204 1833 1327 1893 dimisso
1352 1832 1513 1894 Aristotele

144 1921 270 1979 inclinet
297 1923 332 1977 in
360 1922 535 1996 opinionem
559 1918 724 1994 Kepplsri,
756 1921 839 1996 quod
865 1929 981 1982 corneto
1000 1924 1096 1998 poerit
1117 1938 1176 1980 esse
1198 1920 1329 1998 repletio.
1374 1917 1513 1981 Obscura

148 2005 185 2066 de
215 2023 282 2065 mea
310 2003 463 2084 opinione,
494 2009 565 2067 mite
592 2015 691 2067 tamen
720 2008 860 2083 verbum,
890 2009 973 2086 quod
1000 2012 1095 2085 possit
1120 2025 1188 2067 esse.
1234 2007 1268 2066 ln
1297 2005 1413 2085 Opticis
1440 2015 1513 2068 aute

149 2095 192 2153 20
209 2110 302 2154 annos
325 2094 422 2168 docui,
446 2104 591 2154 cometam
611 2095 702 2154 animi
724 2097 820 2171 gratia
840 2104 1061 2172 repraesentare
1084 2098 1112 2154 in
1135 2097 1248 2173 pariete
1272 2097 1331 2191 (vop
1343 2101 1376 2150 11.
1395 2116 1423 2166 p.
1436 2099 1513 2167 aar),

146 2190 235 2258 atque
258 2181 288 2240 id
311 2180 345 2240 fit
366 2199 419 2259 per
440 2198 551 2242 meram
571 2182 761 2242 reflexionem
775 2201 795 2242 a
809 2182 899 2258 globo
917 2187 1021 2259 vitreo,
1044 2183 1091 2243 rel
1116 2182 1212 2243 solido
1228 2181 1277 2241 vel
1292 2195 1371 2256 aqua
1384 2180 1511 2255 repleto,

146 2266 184 2328 ad
207 2269 350 2345 parietem
373 2268 473 2329 album
497 2271 527 2328 in
550 2287 665 2330 munera
688 2269 827 2330 conclusa
849 2270 1023 2345 latitantem,
1047 2273 1091 2330 sic
1113 2277 1146 2331 ut
1164 2270 1216 2329 lux
1230 2268 1308 2328 Solis
1323 2284 1375 2345 per
1390 2271 1512 2329 unicum

144 2355 234 2432 idque
256 2358 500 2433 angustissimum
522 2358 654 2418 toramen
675 2355 803 2431 irradiet,
827 2362 935 2435 speciei
951 2358 1086 2419 radiosae
1101 2375 1169 2437 pars
1184 2359 1214 2415 11
1228 2357 1372 2434 parietem
1388 2355 1511 2431 incidat,

143 2460 212 2520 pars
241 2443 359 2520 objectu
387 2447 528 2521 marginis
556 2447 679 2505 extremi
706 2443 749 2505 de·
771 2447 849 2505 vitro
877 2449 1086 2524 intercipiatur.
1133 2445 1199 2504 Hoc
1225 2451 1296 2503 tunc
1324 2445 1511 2519 propositum

144 2531 199 2591 luit
223 2532 454 2608 experimentum
475 2534 668 2606 manuarinm,
693 2540 724 2592 at
746 2535 869 2593 cometis
891 2534 964 2610 ipsis
983 2537 1068 2607 vens,
1092 2534 1121 2591 in
1136 2532 1256 2592 sublimi
1273 2531 1354 2603 visis,
1377 2545 1439 2591 non
1454 2531 1512 2591 lnlt

144 2637 164 2678 a
184 2635 232 2678 me
255 2619 444 2698 applicatum.
477 2619 598 2695 Quodsi
619 2623 686 2696 quis
709 2622 799 2681 etiam
821 2618 851 2677 id
874 2620 1023 2698 applicare
1039 2619 1140 2694 vellet,
1164 2619 1206 2678 illi
1223 2615 1415 2678 statuendum
1431 2624 1512 2679 esset

144 2707 173 2763 in
201 2707 370 2783 patentibus
398 2707 456 2768 illis
478 2706 580 2767 mundi
604 2708 725 2784 campis,
738 2706 852 2784 aliquid
873 2708 969 2781 scale,
1002 2707 1082 2785 quod
1114 2708 1225 2768 habeat
1250 2707 1395 2765 rationem
1423 2708 1509 2767 111111

142 2793 236 2870 globi,
259 2794 340 2854 aliud
356 2795 437 2871 quod
452 2802 532 2857 esset
545 2795 612 2855 loco
626 2797 758 2872 parietis.
790 2795 838 2854 Ita
853 2802 996 2855 cometam
1012 2812 1071 2854 non
1087 2796 1150 2854 sola
1167 2793 1362 2854 conformaret
1376 2792 1508 2854 reflexio.

239 2884 301 2963 10.
332 2882 444 2943 Eodem
467 2882 542 2942 libro
565 2882 716 2960 disputari
740 2881 776 2943 de
797 2890 881 2943 motu
895 2891 1077 2945 cometarum
1091 2889 1150 2949 tvol·
1165 2889 1198 2938 11.
1215 2901 1241 2950 a·
1260 2885 1340 2955 8⁸⁹),
1364 2879 1508 2942 11101000

143 2966 393 3043 deformatione,
417 2978 644 3044 noncometae,
676 2969 728 3029 sed
752 2970 866 3031 caudae
888 2973 1063 3044 comotione,
1095 2967 1180 3044 auiae
1200 2966 1259 3028 loci
1281 2968 1392 3027 mentio
1415 2971 1508 3029 etlam

94 3046 100 3055 ’
143 3056 173 3112 11
187 3054 401 3133 Hyperaspiste
425 3066 471 3117 est
491 3058 571 3118 lacta
592 3056 631 3117 ad
653 3056 704 3116 lib.
719 3056 759 3117 lI.
784 3075 847 3138 rap.
864 3059 916 3121 31.
954 3057 1042 3134 Quod
1063 3058 1153 3133 igitur
1175 3054 1254 3116 hunc
1275 3055 1375 3116 locum
1389 3057 1507 3131 attinet,

142 3144 267 3220 primum
289 3142 468 3221 distinguere
484 3162 539 3222 ego
554 3144 638 3209 solco
654 3146 729 3206 inter
743 3147 956 3222 repressionem
972 3153 1002 3206 et
1016 3144 1229 3218 retractionem,
1251 3159 1375 3220 quorum
1391 3150 1509 3205 aham-

143 3246 200 3305 qne
224 3233 415 3292 communiter
437 3233 544 3292 dicitur
564 3233 693 3293 reflexio.
732 3233 770 3291 Et
791 3235 873 3310 prius
894 3233 1013 3310 quidem
1028 3231 1174 3293 ludicrum
1187 3247 1240 3308 per
1253 3233 1508 3308 repercussionern

142 3320 250 3393 existit,
273 3327 305 3378 at
327 3321 422 3380 cauda
445 3323 506 3380 veri
530 3330 662 3382 cometae
685 3323 715 3379 ln
737 3320 794 3380 hoc
813 3321 875 3397 jam
895 3338 915 3382 a
937 3339 984 3381 me
1006 3328 1086 3381 tacto
1103 3317 1276 3396 Optioorum
1299 3320 1366 3379 loco
1386 3318 1508 3396 lingitur

141 3405 260 3465 lormari
283 3424 335 3485 per
357 3409 497 3467 retractos
520 3411 549 3466 in
572 3406 720 3485 pellucido
743 3416 876 3469 cometae
891 3411 987 3487 capite
1002 3407 1081 3469 Solis
1096 3406 1210 3468 radios:
1234 3405 1308 3468 haec
1321 3413 1401 3466 reete
1417 3405 1507 3468 Gall·

140 3492 207 3552 laeo
230 3493 336 3554 dicitur
358 3499 477 3570 opinio,
501 3513 597 3572 neqtre
620 3512 676 3570 ego
699 3494 780 3555 illam
802 3498 858 3556 sub
881 3495 941 3556 alio
964 3495 1052 3557 titulo
1075 3497 1117 3555 ibl
1139 3494 1197 3554 loci
1219 3495 1370 3570 proposui,
1394 3494 1506 3575 quippe

142 3597 230 3656 quam
246 3584 346 3641 statim
361 3600 475 3642 rursum
491 3583 618 3656 abolevi,
635 3583 793 3658 subjuncta
808 3584 915 3644 veriori
930 3584 1084 3645 sententia.
1114 3580 1306 3641 Consideravi
1319 3598 1459 3658 namque,
1480 3582 1505 3641 sl

142 3667 238 3728 moda
261 3676 392 3730 cometae
414 3687 467 3747 per
488 3671 578 3730 talem
601 3670 805 3730 refractionem
827 3672 1010 3745 formaretur,
1033 3677 1168 3749 opertere
1183 3677 1251 3747 post
1266 3676 1355 3746 caput
1370 3679 1505 3731 comeus

140 3757 293 3815 materiam
317 3774 381 3817 esse
405 3756 571 3817 densiorem
593 3758 708 3834 reliqua
730 3757 778 3818 vel
802 3776 874 3818 aura
897 3758 945 3820 vel
968 3758 1103 3833 aethere,
1134 3757 1228 3817 veluti
1250 3756 1405 3831 nebulam,
1438 3774 1504 3817 cum

140 3841 215 3902 radii
238 3842 316 3903 Solis
339 3847 369 3902 in
392 3861 466 3921 puro
489 3854 519 3904 et
540 3844 616 3904 sudo
639 3844 758 3905 aethere
780 3861 839 3905 non
862 3846 1051 3920 adhaereant,
1076 3843 1128 3906 sed
1144 3852 1294 3904 nauseant
1308 3845 1504 3924 inconspleui.

140 3929 217 3989 Tum
239 3938 340 3992 autem
362 3948 505 4009 perquam
527 3935 628 4009 inepta
650 3934 737 3992 luerit
758 3932 929 4009 hujusmodi
951 3937 1082 4009 materia,
1106 3931 1372 4011 repraesentandae
1395 3940 1427 3992 et
1450 3931 1506 3993 de·

139 4018 258 4078 flexioni
288 4027 319 4079 et
346 4021 541 4080 incarnationi
570 4019 698 4080 caudae·
740 4017 855 4095 Quibus
883 4025 1064 4098 argumentis
1093 4020 1244 4094 effectam,
1279 4026 1312 4078 ut
1338 4018 1414 4079 haec
1436 4036 1504 4079 mea

142 4108 242 4182 opinio
266 4115 344 4166 esset
366 4123 425 4166 non
447 4125 530 4182 mea,
553 4106 605 4167 sed
629 4114 824 4183 exponeretur
845 4109 876 4165 11
897 4111 962 4186 ipso
985 4118 1050 4169 ortu
1074 4114 1104 4169 et
1124 4107 1327 4179 abdicaretur,
1358 4104 1504 4184 adoptata

139 4195 300 4269 contraria,
331 4211 421 4272 quam
451 4195 593 4256 hactenus
616 4203 646 4255 et
668 4211 721 4273 pro
743 4212 811 4255 mea
832 4212 962 4272 agnosco
986 4204 1016 4257 et
1039 4195 1150 4269 educo,
1181 4212 1259 4271 qnae
1281 4201 1418 4254 cometas
1440 4200 1503 4253 tam

138 4283 228 4359 ipsos,
252 4299 341 4357 quam
365 4299 465 4343 eorum
488 4283 604 4356 barbas,
627 4284 722 4344 crines
744 4283 792 4343 rel
815 4281 914 4343 radios
936 4301 1060 4361 corpora
1074 4284 1187 4356 statuit,
1211 4281 1365 4342 densitatis
1381 4288 1413 4343 et
1426 4280 1504 4340 1111·-

139 4372 209 4430 tatis
231 4369 374 4445 gradibus
397 4378 428 4430 et
449 4372 525 4431 inter
546 4389 579 4432 se
602 4378 632 4431 et
654 4370 692 4430 ab
715 4370 843 4431 aetheris
860 4374 1018 4448 purissima
1031 4371 1200 4432 substantia
1215 4370 1388 4441 differentia,
1413 4372 1504 4444 caput

138 4456 256 4532 quidem
281 4458 373 4518 veluti
388 4458 527 4518 nebulam
542 4458 761 4537 conglobatam,
783 4457 999 4535 quadamtenus
1013 4457 1202 4537 pellucidam,
1225 4474 1325 4536 amma
1338 4470 1411 4516 vero
1427 4450 1502 4511 illud

4 4556 8 4564 ·
137 4561 192 4604 seu
214 4561 328 4604 comam
352 4545 502 4606 effluvium
526 4565 563 4608 ex
586 4548 696 4622 capite,
727 4563 779 4624 per
807 4547 906 4606 radios
929 4546 1008 4607 Solis
1031 4546 1186 4624 expulsum
1208 4547 1238 4603 in
1260 4544 1378 4617 plagam
1402 4555 1503 4616 oppo-

138 4633 238 4703 sitam,
262 4634 292 4690 in
316 4633 400 4709 cujus
422 4633 593 4695 effusionem
617 4637 786 4695 continuam
809 4642 898 4712 caput
919 4637 1015 4713 ipsum
1039 4635 1165 4711 denique
1188 4634 1351 4691 insumatur
1374 4633 1403 4686 at
1427 4642 1503 4689 cea·

138 4726 289 4796 samatnr3
312 4727 345 4780 ut
367 4725 406 4781 sit
428 4721 524 4782 cauda
546 4721 639 4782 veluti
660 4738 739 4781 mors
762 4722 877 4798 capitis.
1276 4786 1283 4799 ,

245 4812 294 4868 11.
331 4808 398 4869 Fol.
423 4813 475 4872 35.
501 4809 665 4874 referuntur
685 4809 779 4871 rerba
801 4809 908 4885 sarsit,
938 4809 968 4867 in
991 4808 1099 4885 ombus
1121 4803 1196 4866 alter
1217 4802 1301 4865 locas
1323 4799 1501 4882 Opttooram
