3284 5520
214 315 279 386 tet
712 311 851 386 Trffl
867 313 1082 387 flrrtmiffl

212 493 378 555 libertstsm
398 493 475 555 huno
496 494 533 555 iis
555 490 708 570 relinquit,
731 501 784 556 sut
805 493 1011 573 comprobetur
1032 509 1154 555 neoewe
1175 498 1230 568 est,
1253 499 1306 554 snt
1326 494 1468 555 munds
1488 491 1573 554 nulls

212 583 276 644 erit
327 580 431 642 vuer
459 583 536 642 enim
565 582 609 642 sio
637 581 767 660 abigitur
794 601 901 645 saon
922 579 1037 658 uideri,
1071 590 1105 641 nt
1125 596 1245 642 musore
1266 582 1365 658 pietas
1386 582 1426 643 eh
1449 581 1572 645 umhrse

212 670 342 731 verbere.

320 759 369 817 11.
400 755 513 818 Eodem
541 753 629 816 modo
658 772 713 817 nec
742 755 816 816 illud
846 755 971 831 sufficit,
1005 761 1039 816 ut
1064 755 1248 833 peripatetici
1276 762 1407 834 ponant,
1441 762 1575 817 cometus

212 851 324 906 motum
356 844 472 905 tsrdnm
502 842 640 920 perlicere
664 844 753 904 etiam
774 844 831 904 snb
853 843 955 903 Lnns:
988 841 1123 903 Braheus
1144 845 1223 904 enim
1244 845 1274 902 in
1296 843 1373 905 hanc
1394 845 1573 921 positionem

212 938 329 1007 torquet
352 931 544 993 absurditatis
559 929 664 1005 selum,
686 929 864 992 inductionis
882 931 979 1008 pinnis
1001 929 1122 1003 aluum,
1145 934 1219 1009 petit
1242 939 1275 991 nt
1295 938 1349 991 sut
1368 931 1467 993 mutilo
1488 930 1574 992 detur

211 1018 377 1097 exemplum
405 1017 487 1079 alind
516 1025 613 1077 motus
640 1020 809 1095 apparentis
837 1021 867 1078 in
889 1018 1060 1079 elementari
1080 1024 1211 1080 meteoro
1234 1017 1386 1093 tardioris,
1415 1035 1507 1096 qnsm
1529 1027 1575 1080 est

211 1106 339 1180 lnnmis,
374 1112 427 1166 ant
455 1107 612 1183 recipiatur
639 1104 769 1165 inductio
795 1123 852 1166 sus
873 1103 1072 1182 exemplorum
1095 1107 1126 1165 in
1148 1108 1341 1180 contrarium,
1374 1122 1453 1182 queo
1476 1108 1576 1167 omnia

212 1202 282 1255 snnt
304 1192 340 1254 de
356 1192 543 1266 coelestibus,
566 1190 652 1252 Luna
667 1191 855 1254 tardioribus.
891 1192 999 1253 Adhuc
1013 1194 1102 1269 igitur
1121 1195 1193 1253 estis
1209 1191 1258 1254 vel
1278 1210 1312 1254 se
1325 1195 1391 1271 ipss
1413 1192 1575 1272 opinabilis

212 1287 257 1342 est
271 1280 360 1358 hujus
376 1281 480 1341 tertiae
494 1280 616 1339 rationis
630 1278 834 1357 probahilitss,
858 1282 912 1340 etei
927 1279 1031 1358 Tycho
1045 1296 1111 1341 sam
1126 1297 1185 1340 non
1207 1279 1292 1341 alites
1305 1282 1363 1341 nisi
1386 1281 1576 1356 conjunctam

211 1386 278 1430 eum
307 1367 422 1429 dnshrn
452 1366 695 1447 praecedentibus
722 1365 822 1430 velere
849 1384 1011 1445 omoeoque
1041 1369 1103 1427 vim
1131 1369 1219 1430 unius
1246 1369 1412 1446 mgumsnti
1440 1369 1577 1430 obtinere

211 1455 315 1518 vdntt

446 1642 489 1710 id
512 1644 653 1724 ssorum
676 1642 823 1727 usionis
846 1644 1004 1712 nouom.
1048 1645 1118 1726 top.
1140 1644 1170 1709 ti
1192 1640 1251 1710 tel.
1274 1642 1340 1709 rtr.

318 1806 344 1863 l.
378 1801 446 1862 Hac
467 1808 551 1878 parts
574 1804 837 1879 argumentsticnis
859 1801 963 1882 Tycho
985 1801 1121 1881 generale
1144 1801 1216 1879 quid
1238 1802 1340 1878 infert,
1362 1803 1457 1864 videri
1480 1803 1576 1865 divini

210 1889 283 1971 quid
298 1890 396 1951 messe
411 1888 482 1949 huic
497 1891 591 1949 moini
606 1896 747 1963 cometae,
772 1892 843 1967 quis
858 1892 962 1968 tropici
976 1893 1116 1952 terminos
1131 1891 1162 1953 ei
1173 1896 1272 1952 motus
1287 1892 1334 1951 sui
1350 1892 1576 1952 constituerunt.

211 1976 366 2055 Quaenam
400 1993 471 2036 vero
503 1976 665 2036 divinitatis
698 1979 812 2054 specics
842 1992 879 2037 es
908 1986 1003 2051 essu,
1034 1975 1179 2056 judicium
1211 1994 1247 2037 ex
1279 1979 1449 2056 praemissis
1479 1979 1578 2040 trihus

210 2064 352 2127 membris
372 2062 436 2124 tieri
459 2062 569 2124 voluit:
592 2062 652 2124 loci
673 2081 778 2143 nempe
799 2063 938 2128 aetherei.

315 2154 345 2211 i.
375 2149 522 2227 liouidem
542 2159 577 2210 nt
596 2150 689 2211 nolim
710 2150 804 2229 rigide
826 2167 879 2229 pro
901 2152 959 2214 hue
980 2152 1092 2214 ratione
1113 2167 1260 2230 pugnare,
1283 2152 1327 2212 sic
1347 2150 1485 2213 irivolsm
1506 2169 1577 2215 ssm

208 2256 228 2299 s
256 2237 458 2300 mnemonuo
487 2239 584 2315 cupite
616 2239 645 2299 8.
678 2238 838 2317 appellari,
872 2255 932 2300 non
962 2256 1058 2315 aequo
1087 2241 1186 2300 enimc
1216 2240 1356 2300 emtineo.
1400 2239 1497 2302 Notus
1527 2249 1578 2302 est

208 2324 281 2387 ordo
303 2347 361 2386 sor
382 2323 534 2399 ὀοξαστωι
564 2327 594 2384 in
616 2324 753 2386 humenis
776 2327 905 2400 notitiis,
936 2335 1024 2388 notus
1048 2344 1119 2387 usus
1141 2324 1180 2386 ad
1203 2325 1423 2387 constituendae
1445 2327 1577 2406 denique

207 2414 356 2475 menum.
401 2412 440 2471 Et
471 2430 523 2490 epr
553 2413 739 2474 obliviscitur
768 2414 979 2491 peripatehcns
1007 2415 1170 2493 topicorum
1198 2416 1245 2474 sui
1276 2413 1460 2488 Adstotelis,
1494 2431 1576 2492 quse

206 2502 361 2580 potissime
383 2507 466 2578 parta
487 2499 596 2561 irivola
615 2500 807 2579 suppeditant
828 2508 1016 2579 argumenta,
1047 2504 1076 2562 si
1098 2501 1188 2575 haec,
1218 2493 1245 2562 si
1267 2503 1383 2575 omnis,
1414 2519 1490 2578 quse
1514 2519 1576 2563 non

207 2589 325 2667 penitus
346 2589 530 2662 necessaria,
553 2586 659 2648 frivola
681 2597 758 2648 sunt
803 2588 884 2648 Nihil
907 2606 1037 2666 unquam
1059 2606 1112 2666 pro
1135 2586 1240 2648 irivolo
1263 2586 1468 2665 rejiciendum,
1491 2589 1577 2667 quod

207 2693 261 2755 pso
276 2676 411 2741 veritatis
432 2674 602 2736 detonsione
617 2674 780 2737 collocetur
802 2677 832 2734 in
855 2677 959 2749 wiem,
981 2678 1172 2753 quantumvis
1193 2693 1245 2753 per
1264 2693 1299 2737 se
1320 2678 1361 2737 sit
1382 2675 1575 2737 imbecillum.

312 2763 342 2822 ii.
377 2758 452 2824 Loci
484 2761 604 2840 quidem
633 2763 764 2825 aetherei
793 2773 998 2840 argumentum
1028 2781 1065 2824 er
1094 2763 1151 2823 hoc
1180 2762 1312 2822 solitario
1342 2780 1438 2843 omne
1467 2763 1601 2842 lychos

208 2849 297 2924 ducit,
319 2866 416 2927 neque
431 2866 488 2927 ego
505 2867 636 2927 unquam
652 2848 773 2925 dosera
797 2849 846 2911 vel
861 2852 933 2927 quis
954 2850 1021 2913 linis
1036 2867 1139 2911 cursus
1161 2852 1296 2911 cometici
1310 2850 1430 2929 tropicis
1451 2859 1577 2929 sptstsc

207 2953 295 2999 cesus
324 2938 519 3014 peomeuicns
549 2945 581 2997 et
607 2937 769 2999 materialis
801 2939 963 2999 necessitas
993 2936 1084 2999 videri
1113 2944 1228 3015 potest,
1261 2937 1311 3009 vel
1341 2940 1412 3014 quia
1443 2941 1577 3017 tropicos

209 3026 321 3101 origine
336 3031 487 3085 terresues
509 3027 608 3100 potins
631 3041 721 3101 qusm
743 3023 887 3085 coelestes
908 3041 975 3085 esse
997 3042 1034 3086 ox
1057 3041 1092 3086 eo
1116 3024 1250 3101 conjicio,
1274 3025 1354 3102 quod
1376 3026 1574 3104 superflum,

208 3111 323 3171 duabus
351 3112 434 3170 nonis
465 3113 635 3187 temperatis
659 3111 915 3189 comprehensam,
948 3113 1079 3190 proxime
1101 3112 1213 3173 iaciunt
1234 3112 1390 3192 requiem
1412 3115 1459 3185 ei,
1494 3132 1576 3191 quse

208 3207 254 3260 est
282 3200 314 3258 in
342 3198 437 3258 trihus
465 3199 680 3275 intemperatie3
715 3206 747 3261 at
776 3199 938 3261 divinitetis
966 3201 1134 3277 opinionem
1162 3201 1242 3260 circa
1271 3199 1349 3261 hune
1377 3207 1512 3261 mmstae
1543 3213 1575 3264 et

208 3287 386 3363 tropicornm
413 3301 587 3363 responsum
614 3303 724 3349 unere
754 3303 812 3348 non
834 3293 904 3351 suto
927 3303 1062 3364 possum,
1093 3303 1183 3364 quern
1206 3303 1321 3350 omnem
1344 3291 1595 3367 terstoscoptm-

209 3372 340 3439 rmdirns
362 3371 473 3434 tollnm.

312 3462 342 3520 4.
372 3460 590 3521 claramontius
617 3461 746 3538 tropicos
769 3462 845 3522 inter
866 3477 1021 3524 commune
1042 3459 1250 3538 parallelorum
1271 3479 1364 3540 genus
1386 3461 1506 3539 abjicit,
1541 3472 1576 3525 nt

208 3546 430 3608 admistionem
453 3550 575 3609 minuet.

315 3634 343 3693 5.
374 3636 415 3694 At
437 3636 545 3711 insigni
567 3637 597 3695 vi
619 3651 689 3712 prae
712 3635 816 3696 ceteris
837 3632 987 3711 parallelis
1009 3633 1158 3713 praeditos
1181 3653 1246 3697 esse
1268 3638 1411 3715 tropicos,
1435 3635 1575 3712 ignorans

208 3735 267 3780 nen
291 3727 403 3797 potest,
426 3730 560 3783 autnon
583 3721 680 3784 dehet.
725 3722 763 3782 Et
783 3719 879 3796 Nilus,
901 3722 928 3783 si
948 3723 1003 3783 snb
1025 3725 1137 3800 tropico
1162 3722 1330 3800 Capricorni
1353 3728 1456 3785 macte
1479 3731 1572 3799 ortus,

208 3824 323 3868 rmum
344 3816 448 3870 erecte
464 3809 519 3870 suh
541 3811 655 3886 tropico
670 3808 776 3870 Canni
798 3808 994 3871 effunderetur
1009 3811 1038 3869 in
1055 3827 1146 3884 mmo,
1169 3813 1311 3872 excitaret
1325 3812 1427 3887 nuque
1450 3812 1575 3888 ingenis

208 3893 248 3956 sd
289 3895 507 3972 suspiciendam
543 3899 763 3975 congruentium
801 3903 830 3958 et
867 3913 973 3959 auses
1010 3897 1074 3972 eius
1110 3900 1141 3958 in
1175 3898 1339 3958 renonibus
1375 3895 1574 3976 archetypicts

209 3982 404 4060 coemendas.

313 4071 342 4130 6.
371 4069 434 4131 Nec
456 4072 596 4147 sequitur,
619 4073 646 4132 si
663 4073 716 4146 (ex
731 4068 899 4130 Aristotelis
920 4067 1084 4152 sententia)
1106 4077 1213 4134 natura
1234 4069 1309 4133 haec
1331 4071 1448 4133 interior
1471 4075 1571 4133 conti·

207 4162 299 4218 nuats
321 4164 369 4219 est
389 4158 519 4220 motibus
541 4157 727 4231 coelestibus,
750 4165 783 4218 ut
801 4165 957 4235 propterea
978 4159 1077 4217 stetim
1099 4167 1222 4232 cometa,
1245 4157 1412 4220 sublunaris
1433 4160 1459 4218 si
1480 4168 1571 4234 esset,

207 4263 227 4305 s
255 4247 368 4322 tropico
397 4248 475 4306 exire
506 4247 595 4321 inque
623 4247 768 4323 tropicum
795 4243 929 4307 desinere
956 4253 1066 4323 posset.
1111 4246 1226 4307 Scimus
1249 4249 1342 4320 enim,
1374 4247 1570 4308 Aristotelem

207 4333 366 4409 waedpue
393 4334 477 4410 loqui
507 4331 544 4393 de
567 4331 817 4393 vicissitudinibus
840 4331 899 4393 diei
921 4339 952 4392 et
973 4335 1084 4407 noctis,
1116 4351 1241 4410 quarum
1262 4332 1305 4393 illi
1329 4332 1464 4411 vigiliae,
1498 4334 1571 4397 huic

208 4421 303 4481 somni
330 4420 501 4482 animalium
531 4419 591 4482 lero
619 4427 688 4479 sunt
717 4421 856 4494 connexi,
889 4436 944 4481 nec
971 4437 1030 4480 non
1059 4419 1147 4481 etde
1169 4418 1421 4482 vicissitudinibus
1445 4424 1570 4483 mersus

209 4510 239 4565 et
265 4505 386 4583 hiemin
416 4506 455 4569 sd
486 4524 574 4585 qnam
602 4506 788 4586 providentia
818 4508 942 4567 creatrix
965 4508 1200 4570 accommodavit
1222 4509 1352 4569 omnium
1373 4512 1570 4571 animantium

209 4600 343 4670 teneque
372 4598 555 4659 nwntlnm
583 4601 714 4657 natnrss.
759 4593 844 4654 Hsec
873 4611 944 4657 vero
972 4602 1088 4672 tempus
1119 4595 1238 4671 qnidam
1266 4604 1335 4655 sunt
1356 4603 1386 4656 et
1408 4597 1569 4673 qualitates

208 4687 388 4758 temperent,
420 4683 479 4745 loci
508 4699 579 4745 vero
608 4699 662 4744 sen
692 4684 754 4743 veri
776 4699 831 4742 sen
853 4684 1021 4759 spparentis
1042 4685 1277 4745 communionem
1300 4700 1365 4748 cnm
1387 4683 1569 4747 coelestibus

208 4766 320 4843 alen
348 4769 438 4844 telem
469 4773 643 4861 impertiunt,
674 4769 775 4849 ordis
799 4769 856 4833 iris
882 4768 957 4833 broc
983 4786 1085 4833 cursus
1107 4776 1240 4836 mersus
1258 4787 1328 4833 cum
1350 4773 1470 4851 nemus
1491 4789 1569 4836 cen-
