3284 5520
661 353 983 425 mensurandum.
1429 348 1494 420 teo

85 562 88 567 ·
145 530 322 592 dividendae
345 539 452 606 terrae,
474 533 535 609 jam
559 535 635 593 enim
657 534 809 612 explorata
831 541 893 594 sret
915 534 1029 611 generis
1052 535 1097 594 sui
1120 542 1149 593 et
1171 533 1350 610 singulorum
1372 532 1494 592 ioeeun-

144 619 231 678 ditas.
271 619 384 698 Coepta
407 628 460 680 sst-
473 622 573 698 itaque
596 623 751 700 descriptio
775 632 867 684 terrae
883 630 911 681 et
926 622 1042 680 duravit
1056 621 1254 698 aliquamdin3
1276 620 1343 680 inde
1357 620 1495 680 absoluta

144 707 263 765 divisio.
309 709 349 766 Αι
371 725 428 767 non
452 711 551 769 stetim
574 711 749 785 migrarunt,
773 709 824 768 sed
847 727 912 768 eam
935 711 1014 786 prius
1037 712 1165 768 universi
1189 711 1217 767 in
1241 724 1361 786 campos
1383 707 1496 767 Senear

143 792 360 853 descendissent
384 795 509 870 indeque
532 799 726 856 instituissent
747 797 930 870 divisionem,
955 804 1022 855 sunt
1044 797 1084 856 ibi
1106 814 1158 877 per
1174 796 1289 873 aliquot
1303 811 1395 854 annos
1412 812 1493 854 com·

144 883 265 954 morati,
290 881 383 941 donee
406 893 589 958 augerentur.
636 884 792 945 Secundo:
824 884 901 943 Fieri
925 884 1047 943 fortusse
1071 891 1184 963 potest,
1211 890 1245 942 at
1267 882 1364 961 piures
1388 883 1495 941 luerint

143 977 214 1027 ueto
230 968 363 1044 Pbalego
387 968 529 1044 homines,
554 989 642 1047 quern
657 972 687 1030 in
701 971 786 1032 Mose
802 979 994 1031 recensentur.
1034 969 1120 1046 Quod
1135 980 1232 1031 satem
1248 969 1364 1030 Jeotaui
1384 975 1401 1029 5
1418 969 1494 1029 libe-

141 1073 198 1128 ros,
222 1055 301 1115 Semi
323 1055 485 1134 adnepotes
507 1067 655 1131 memoret,
681 1076 745 1118 eum
769 1061 797 1117 in
822 1058 932 1136 Japeto
955 1059 993 1117 ed
1015 1057 1095 1118 solos
1119 1069 1248 1136 nepotes,
1273 1061 1301 1115 lu
1319 1057 1439 1116 Chamo'
1454 1056 1492 1115 ad

143 1153 319 1221 pronepotes
345 1144 512 1218 descendet,
535 1163 623 1205 eausa
646 1147 720 1206 torte
736 1156 789 1220 est,
813 1148 882 1223 quia
902 1149 930 1204 ia
949 1146 1156 1224 posterioribus
1172 1145 1349 1221 temporibus
1365 1144 1493 1204 Hebraei

145 1230 232 1290 vaide
255 1231 390 1308 popuiosi
414 1241 582 1307 evasemnt,
612 1251 710 1293 earum
739 1236 826 1311 igitur
849 1236 947 1311 capita
969 1235 1056 1291 etiam
1078 1232 1255 1293 recensenda
1278 1233 1371 1306 inere,
1401 1242 1430 1291 et
1452 1233 1494 1291 sic

146 1317 336 1378 nibilominus
358 1328 456 1378 manet
479 1337 614 1380 numerus
637 1324 774 1400 capitum,
799 1337 972 1397 quoeunque
995 1330 1125 1398 tempore
1149 1323 1283 1380 vixerunt
1306 1318 1423 1378 diversi.

248 1405 397 1466 Hactenus
420 1406 559 1466 8mediis
581 1408 785 1485 patrimonium
809 1409 948 1484 cujusque
971 1407 1168 1467 discussimus.
1208 1408 1321 1466 Nouum
1338 1406 1406 1465 eddi
1423 1421 1494 1485 pos-

142 1500 196 1564 set,
220 1501 252 1551 at
274 1496 299 1551 si
322 1493 446 1569 alicujus
469 1497 617 1572 quantitas
640 1498 806 1573 patrimonii
826 1506 903 1555 esset
918 1512 1065 1573 expresse,
1090 1493 1156 1554 inde
1171 1497 1274 1554 ceteris
1291 1494 1428 1570 aequalia
1444 1491 1491 1552 vel

142 1581 373 1657 proportionalia
404 1583 630 1657 assignarentur.
678 1583 718 1642 ttr
740 1583 870 1657 Cauaan,
901 1582 977 1642 iilius
1001 1581 1123 1654 Cbami,
1153 1584 1202 1657 qui
1228 1589 1262 1640 11
1289 1581 1378 1641 babet
1405 1580 1491 1651 tilios,

144 1670 265 1743 exiguos
289 1669 415 1728 obtinuit
436 1673 590 1739 terminos,
623 1687 688 1729 eam
717 1687 758 1730 sc.
781 1674 943 1747 regionem,
974 1686 1049 1746 quae
1071 1668 1160 1728 bodie
1182 1667 1299 1728 Judeea
1321 1677 1376 1728 est.
1420 1666 1493 1727 lude

141 1754 229 1831 longe
250 1754 310 1813 alie
332 1755 486 1815 divisionis
507 1760 582 1817 ratio
605 1766 772 1817 nasceretur
792 1767 820 1817 et
837 1756 911 1816 alies
928 1774 1044 1834 quoque
1060 1756 1253 1817 verisimilior.
1292 1756 1366 1816 Nem
1382 1753 1493 1832 Hispe-

142 1844 201 1914 nie,
225 1842 383 1915 Atlantias,
407 1842 627 1923 Monomotape,
653 1845 763 1904 Arabia
785 1844 864 1918 ielix,
888 1846 981 1916 India,
1005 1843 1127 1922 Scythia
1148 1844 1305 1916 orientalis,
1329 1843 1494 1902 Scandian-

142 1931 200 2000 sia,
224 1936 257 1988 ut
279 1931 365 1988 nimis
388 1940 530 2003 remotae,
555 1949 613 1990 non
636 1940 821 1992 censerentur
843 1938 873 1991 et
895 1934 1026 1992 venirent
1048 1935 1077 1989 iu
1100 1949 1218 1991 censum
1241 1932 1306 1991 sola
1329 1931 1493 2008 Aegyptus,

142 2015 325 2091 Palaestine,
352 2015 461 2076 Arabia
483 2022 630 2096 superior,
653 2018 754 2096 Syrie,
779 2019 937 2083 Chaldaea.
961 2019 1186 2097 Mesopotamia,
1209 2019 1321 2091 Persia,
1345 2018 1494 2090 Armenia,

143 2102 341 2181 Cappadocia,
365 2104 504 2182 Phrygia,
528 2106 712 2184 Pamphylia,
736 2106 848 2183 Lydia,
873 2107 995 2181 Cilicia3
1019 2106 1070 2165 sed
1094 2105 1139 2165 bis
1162 2114 1258 2165 tamen
1283 2107 1391 2178 obstet,
1416 2103 1494 2180 quod

141 2188 328 2267 Japetauidis
349 2192 462 2252 insulae
484 2197 629 2267 gentium,
653 2196 787 2270 regiones
810 2194 897 2270 longe
921 2194 1040 2252 dissitas
1062 2203 1129 2252 sunt
1151 2195 1324 2268 attributae,
1348 2209 1399 2252 eur
1424 2208 1494 2269 ergo

142 2293 203 2336 non
224 2289 254 2338 et
277 2278 405 2338 ceteris?

247 2364 293 2423 Αιι
317 2366 373 2425 bue
396 2368 483 2425 etiam
506 2366 617 2443 aliquid
640 2369 729 2427 laetat
752 2368 860 2428 beilum
884 2367 1118 2428 sodomiticum?
1152 2366 1186 2424 In
1209 2384 1244 2425 eo
1266 2366 1375 2426 beilum
1397 2364 1496 2426 Sodo-

144 2453 222 2510 mitis
245 2453 369 2512 inierunt
391 2472 442 2513 ιιι
464 2453 590 2528 Senaar,
620 2456 781 2533 Rabylonis
802 2473 853 2515 rex
878 2455 996 2514 Elassar
1018 2454 1226 2534 (Hieronymus
1250 2454 1375 2513 Pontum
1400 2456 1494 2525 vertit,

144 2537 196 2598 sed
219 2538 303 2614 salso,
327 2537 476 2617 Josepirus
492 2541 643 2619 Assyriam
661 2560 724 2602 esse
742 2541 831 2623 dicit),
855 2560 904 2602 rex
922 2541 1005 2601 illem
1028 2544 1091 2602 sive
1111 2542 1273 2613 Persarum,
1298 2549 1327 2601 et
1349 2558 1398 2601 rex
1420 2558 1495 2617 gen·

143 2629 222 2688 tium.
265 2626 389 2698 Scimus,
413 2628 597 2706 Babylonem
615 2632 775 2707 Assyriam,
799 2630 905 2690 Persas
927 2631 981 2689 sub
1003 2629 1143 2689 Nimrode
1167 2629 1273 2702 luisse3
1296 2646 1363 2688 uam
1386 2629 1495 2706 prinei-

145 2715 224 2792 pium
241 2715 304 2790 ejus
320 2715 464 2793 liabylon,
490 2717 590 2790 Aratb,
613 2718 727 2792 Aclrad,
751 2717 910 2789 chalanne,
928 2717 1039 2776 Senaar
1053 2715 1099 2776 uel
1117 2715 1275 2776 Chaldaea.
1307 2716 1379 2775 lnde
1395 2732 1495 2793 egres·

144 2819 194 2860 sua
210 2812 254 2860 est
270 2804 300 2860 in
312 2803 404 2862 Assur
420 2812 449 2862 ιι
459 2802 626 2863 aedificarit
641 2804 757 2879 Ninive,
773 2804 962 2876 Rbeobothir,
980 2803 1081 2877 Chele,
1096 2803 1203 2876 Resen,
1220 2811 1346 2880 quatuor
1361 2807 1496 2879 utrinque

143 2890 290 2949 civitates.
329 2889 484 2964 Quomodo
503 2892 565 2965 jam
590 2891 720 2952 distracti
736 2892 826 2951 sunt?
850 2892 953 2964 Credo,
977 2909 1075 2967 regem
1091 2892 1203 2951 Senear
1218 2908 1282 2951 esse
1297 2892 1494 2969 praecipuum,

143 2983 254 3035 ceteros
279 2974 319 3033 ilii
345 2978 521 3050 tributarios,
545 2987 595 3037 aut
618 2980 692 3038 ierta
716 2998 765 3039 rex
786 2982 916 3056 gentium
940 2987 984 3038 ιιι
1003 2978 1184 3039 monarchas.
1223 2979 1297 3037 Nara
1321 2995 1397 3054 qnae
1420 2977 1495 3038 alias

144 3062 198 3121 irae
221 3064 346 3137 gentes?
383 3064 447 3123 Nisi
471 3083 507 3124 ex
529 3067 632 3125 insulis
655 3070 701 3142 (nt
724 3075 768 3126 est
792 3067 880 3125 attbt:
914 3067 1028 3126 insulae
1050 3068 1209 3143 gentium),
1240 3083 1315 3141 quae
1338 3067 1423 3124 nimis
1447 3082 1495 3124 re·

143 3160 240 3209 motae
261 3158 330 3210 sunt
352 3168 404 3228 pro
428 3152 506 3212 bello
528 3153 660 3213 finitimo.
690 3154 796 3214 Nescio
820 3169 891 3212 sane
914 3154 983 3229 quid
1007 3153 1110 3214 (licem¹
1141 3154 1204 3213 lmo
1219 3170 1269 3212 rex
1287 3152 1493 3230 Elymaeorum

143 3247 189 3296 est
211 3241 392 3315 praecipuus,
416 3257 483 3299 nam
506 3238 549 3298 illi
564 3241 732 3300 serviebant
746 3241 913 3310 Sodomaei,
938 3242 1010 3301 torte
1026 3251 1055 3300 et
1070 3244 1167 3312 ceteri,
1191 3243 1241 3316 qni
1257 3239 1390 3300 dicuntur
1405 3240 1495 3300 luisse

144 3343 208 3384 cum
233 3342 277 3383 eo.
324 3327 370 3385 Αιι
400 3327 473 3386 iorte
503 3330 611 3404 posteri
635 3327 764 3387 Nimrodi
794 3331 882 3388 etiarn
905 3328 1061 3406 Elymaeos
1083 3328 1251 3404 adjecerunt
1273 3328 1372 3402 ibique
1394 3327 1494 3388 sedern

92 3484 95 3489 ι
144 3414 223 3489 regni
247 3413 384 3487 iecerunt,
409 3422 459 3473 aut
482 3415 559 3474 laete
582 3423 626 3474 est
649 3415 813 3474 distributio
836 3419 910 3473 iuter
933 3416 1008 3475 lilios
1023 3414 1155 3474 Nir'nrodi
1171 3424 1221 3473 aut
1235 3414 1359 3490 aiicujus
1375 3432 1410 3475 ex
1426 3414 1494 3488 illis,

143 3500 247 3559 relicto
271 3503 331 3575 regi
355 3503 484 3575 gentium
508 3504 656 3562 axiomata
679 3504 815 3581 imperiii
838 3503 895 3562 Sed
912 3502 1010 3562 videre
1034 3511 1079 3561 est
1101 3519 1137 3561 ex
1160 3505 1230 3580 ipsis
1249 3503 1423 3574 nominibus,
1449 3503 1495 3559 ri·

144 3590 227 3646 cirros
250 3586 415 3647 cananaeis
438 3590 527 3648 luisse
550 3591 704 3667 Assyrios,
729 3590 902 3663 Chaldaeos,
927 3591 1082 3662 lliemites,
1105 3589 1177 3647 nihil
1200 3591 1287 3663 igitur
1309 3588 1428 3649 absurdi
1451 3595 1496 3648 est

144 3676 172 3731 in
197 3675 342 3734 divisione
364 3678 526 3753 superiore,
558 3679 611 3734 nisi
635 3678 709 3736 forte
732 3680 760 3735 in
785 3679 931 3749 Eiamitis,
962 3681 1011 3753 qui
1033 3679 1120 3735 trimis
1143 3694 1232 3753 supra
1253 3674 1495 3753 septentrionales

144 3770 227 3821 erant
248 3761 327 3823 iacti.
366 3763 443 3839 Ergo
466 3762 535 3823 licet
557 3764 641 3822 nobis
665 3766 752 3823 etiam
775 3768 817 3825 sio
840 3767 989 3824 instituere
1012 3764 1196 3838 divisionem,
1220 3772 1251 3824 ut
1266 3763 1378 3822 Cberno
1403 3766 1496 3822 nian-

143 3849 243 3925 gulum
267 3848 353 3921 iilud,
379 3850 456 3924 quod
480 3850 590 3910 Arabia
613 3869 678 3909 eum
702 3853 838 3929 Aegypto
861 3853 944 3923 iacit,
974 3850 1061 3911 Semo
1086 3853 1158 3910 Asia
1181 3851 1249 3912 date
1272 3853 1324 3920 stt,
1347 3850 1494 3928 Jepbetus

144 3953 213 3996 vero
236 3936 382 4012 relegatus
406 3940 434 3994 in
457 3938 577 4012 insulas,
602 3938 793 4015 peninsulam,
818 3941 859 3997 uti
883 3938 1005 4009 videtur,
1028 3947 1146 4016 propter
1161 3938 1299 4016 Caspium
1314 3945 1344 3998 et
1359 3938 1495 4010 Pontum,

144 4023 269 4100 indeque
291 4026 330 4083 sit
353 4025 464 4083 divisus
488 4027 517 4082 in
539 4032 631 4085 totam
655 4026 800 4105 Europam
825 4043 860 4086 ae
882 4034 1029 4103 postremo
1052 4028 1081 4083 in
1106 4025 1224 4085 insulas.

248 4110 378 4171 Οιιιιιιιι
401 4119 526 4188 punctus
549 4113 721 4173 versabatur
744 4116 771 4171 ln
787 4113 992 4172 traditionibus
1008 4114 1187 4173 certioribus.
1226 4113 1381 4172 Sumamus
1395 4115 1497 4187 itaque

143 4195 316 4274 losepuum.
361 4199 399 4257 Et
428 4201 520 4276 primo
552 4200 667 4276 quidem
697 4202 779 4260 uuila
800 4201 903 4276 religia
927 4209 986 4271 est,
1018 4201 1056 4259 ab
1080 4203 1145 4276 ipso
1167 4199 1331 4270 discedere,
1362 4216 1429 4258 eum
1450 4200 1496 4259 1111

142 4284 225 4343 uuila
246 4288 284 4345 sit
306 4286 419 4363 religio,
443 4306 461 4347 a
483 4289 573 4347 sacris
596 4286 687 4348 literis
710 4288 858 4348 discedere
882 4290 912 4345 in
934 4287 1020 4347 rebus
1036 4288 1225 4362 gravissimis.
1265 4286 1419 4347 videndae
1436 4290 1496 4347 ita·

143 4388 199 4447 que
222 4375 406 4448 potissimum
430 4377 520 4453 ipsius
543 4377 671 4434 rationes
694 4375 819 4452 indeque
843 4374 879 4434 de
902 4374 1052 4434 affirmatis
1074 4375 1138 4450 ejus
1159 4372 1359 4449 judicandum.

251 4464 283 4534 1)
307 4460 459 4522 consentit
488 4479 600 4522 meeum
630 4465 659 4519 ia
689 4465 818 4523 terminis
840 4462 938 4521 Tauro
962 4471 991 4521 et
1014 4462 1137 4521 Amano.
1181 4459 1213 4541 2)
1233 4460 1419 4537 Japetigenis
1443 4463 1498 4519 tri·

144 4545 206 4603 buit
236 4549 336 4606 Asiam
369 4556 460 4609 totam
484 4567 502 4608 e
522 4550 620 4610 Tauro
649 4567 741 4625 usque
767 4549 805 4609 ed
833 4548 956 4608 Tanaim
986 4548 1112 4624 indeque
1142 4548 1287 4626 Europam
1319 4548 1357 4608 ed
1386 4545 1496 4609 (ledes.

143 4631 258 4694 Causae
287 4634 373 4710 hujus
403 4639 545 4714 portionis
575 4645 743 4712 sequuntur.
791 4634 822 4714 ιι)
845 4634 969 4695 Galatas
992 4639 1103 4695 invenit
1125 4638 1154 4694 in
1179 4637 1250 4695 daie
1272 4637 1402 4709 minore,
1430 4638 1495 4709 ecit,

90 4772 100 4793 ,
144 4719 213 4778 oiim
246 4722 380 4781 Cimbros
411 4725 514 4785 dictos.
568 4725 675 4784 Cimbri
708 4743 743 4785 ιι
773 4722 913 4802 Jepetida
941 4721 1085 4796 Gomara,
1120 4740 1189 4800 ergo
1221 4722 1333 4801 Japbet
1362 4723 1391 4782 in
1424 4723 1498 4785 ssia

143 4809 264 4873 minore.
302 4809 489 4890 Respondeo,
513 4810 640 4874 Galatae
663 4829 699 4873 ex
720 4812 840 4889 Europe
861 4818 1010 4886 venerunt,
1034 4827 1104 4888 ergo
1126 4809 1238 4873 uallum
1259 4817 1305 4872 est
1326 4809 1385 4872 boo
1405 4827 1497 4889 erga·
