3284 5520
479 350 633 422 Responsio
651 351 686 409 ad
704 350 840 407 Bartschii
859 348 1019 419 Epistulam.
1356 348 1422 435 583

68 530 183 605 magis,
213 530 289 591 ltauc
319 531 370 589 ubi
398 532 461 591 sine
490 533 706 609 perturbatione
736 533 829 591 victor
850 533 1060 602 terminavero;
1089 526 1169 603 quod
1190 528 1261 587 ierit
1285 526 1421 587 coelestis

69 616 243 677 harmoniae
266 624 506 695 contemperatur,
529 620 682 699 spirituum
704 619 823 694 largitor
846 618 930 677 Deus
956 618 1025 692 Opi.
1050 615 1215 675 Maximus.

175 704 228 763 Est
259 707 386 765 vieissim
416 724 466 765 cur
495 724 550 782 ego
579 707 650 765 mibi
671 707 798 781 gratuler
821 709 889 782 ipsi,
920 704 1000 781 quod
1024 706 1053 761 in
1078 702 1215 763 Silesiam
1238 704 1422 778 potissimum

70 792 216 865 venerim,
242 801 273 849 ut
296 792 380 867 cnjus
401 813 420 852 u
442 794 533 852 multo
557 801 686 870 tempore
708 796 827 870 propria
849 791 1065 868 quodammodo
1088 792 1165 849 lama
1188 791 1256 863 luit,
1291 790 1370 864 quod
1392 792 1421 847 in

69 895 106 936 ea
135 879 177 937 sit
207 878 359 938 doctorum
388 883 515 940 virorum
543 880 707 957 frequentia
735 898 794 940 non
824 880 1045 941 contemnenda.
1092 876 1158 953 Quo
1187 896 1221 935 es
1245 894 1333 953 grege
1356 893 1422 935 curn

67 965 180 1041 primus
207 961 244 1025 'tu
272 968 412 1041 prodeas,
444 972 494 1044 qui
524 978 553 1027 te
581 969 651 1027 mibi
674 967 793 1045 publica
815 970 844 1025 in
868 967 1000 1045 Epistola
1022 982 1120 1025 coram
1142 967 1237 1024 sistis:
1270 964 1318 1039 eja
1339 964 1422 1023 salve

67 1052 223 1111 doctorum
246 1052 431 1114 Silesitarum
454 1056 632 1132 corypbaee!
656 1052 741 1137 (nam
763 1059 793 1114 in
809 1056 932 1115 Lusatia
947 1063 998 1114 tua
1012 1053 1143 1113 exaudiri
1160 1053 1289 1111 seruntur
1304 1051 1422 1110 balatus

66 1156 192 1216 gregum
209 1139 432 1224 Silesiacorum)
455 1144 653 1219 honoremque
675 1143 752 1202 bunc
775 1152 804 1203 et
826 1146 950 1220 primum
973 1144 1003 1199 in
1023 1142 1152 1200 amicitia
1166 1157 1232 1198 mea
1246 1138 1343 1198 locum
1356 1140 1422 1215 jure

67 1229 289 1302 praeventionis
311 1229 451 1291 obtineto.

174 1313 233 1374 Sed
261 1322 389 1394 tempus·
404 1332 449 1377 est
477 1329 507 1376 ut
538 1318 607 1395 quid
635 1321 757 1395 petitum
788 1320 902 1377 veneris
932 1318 1118 1392 peruitemus.
1172 1312 1291 1387 Organa
1320 1323 1347 1373 te
1378 1316 1422 1373 ais

66 1400 213 1473 meditari,
229 1404 336 1478 quibus
348 1407 475 1465 inuitatis
487 1424 574 1465 verae
587 1413 718 1464 motuum
731 1414 760 1464 et
772 1422 878 1464 eatrsae
891 1413 920 1464 ct
931 1405 1041 1463 iormac
1052 1410 1303 1478 repraesententur
1319 1400 1421 1460 oculis.

68 1488 145 1547 liam
168 1490 207 1549 ob
230 1506 349 1549 causam
374 1503 401 1552 te
425 1493 586 1567 conjecisse
608 1496 651 1551 ais
675 1496 703 1550 in
727 1492 856 1552 laborem
879 1490 1124 1560 molestissimum,
1148 1497 1316 1565 computata
1336 1491 1422 1547 unius

68 1577 140 1633 anni
165 1575 372 1653 premeride3
404 1579 515 1639 seilicet
545 1591 576 1639 ut
606 1598 641 1638 ex
674 1581 797 1639 l'abtdis
819 1579 1022 1654 Ruvlolpdiuia
1050 1579 1260 1655 penitissimum
1291 1585 1423 1635 motuum

67 1663 243 1722 coelestium
266 1665 387 1725 formam
411 1676 440 1725 et
461 1668 628 1744 pervideres
651 1678 680 1726 et
702 1666 872 1727 familiarem
895 1668 949 1725 tibi
972 1664 1114 1726 redderes.

177 1749 343 1811 Laudabile
375 1754 482 1813 iactum
513 1774 548 1814 cx
579 1757 710 1814 instituto
740 1753 846 1827 nobili,
878 1770 1000 1831 quorum
1029 1752 1125 1811 isthoc
1149 1749 1265 1827 quidem
1289 1758 1356 1808 tuae
1379 1759 1424 1808 cst

67 1839 188 1912 aetatis,
212 1846 280 1898 tuae
303 1840 473 1915 industriae,
497 1845 539 1901 tui
562 1853 591 1901 et
614 1844 682 1911 otii,
706 1842 780 1901 illud
803 1859 872 1901 vero
896 1843 1015 1918 propius
1037 1840 1075 1900 ad
1100 1856 1144 1898 mc
1167 1840 1300 1915 pertinet,
1322 1836 1423 1914 Ephe·

66 1923 196 1985 merides
219 1929 297 2003 typis
321 1928 446 2002 publicis
469 1931 602 2002 exscribi,
625 1937 809 2006 computatas
826 1947 860 1987 cn
877 1929 1000 1989 Tabulis
1014 1926 1173 2004 Rudolphi,
1197 1943 1275 1984 aure
1291 1928 1423 2001 proximo

67 2029 147 2071 auno
170 2011 228 2072 luci
251 2013 337 2072 datia.

177 2097 264 2160 Hanc
286 2103 376 2176 igitur
398 2105 427 2159 in
450 2120 588 2178 praesens
611 2114 722 2179 occupo
746 2107 896 2163 materiam
919 2111 1014 2163 tecum
1037 2102 1213 2174 disserendi,
1243 2109 1384 2175 qnantum
1407 2116 1423 2159 e

66 2185 221 2259 republica
253 2186 380 2249 literaria
409 2190 470 2249 iore
501 2192 714 2250 existimavere.
759 2192 834 2250 Nam
868 2193 923 2249 etsi
952 2200 982 2250 tu
1016 2188 1133 2265 quidem
1166 2191 1275 2263 primus
1307 2190 1335 2244 in
1368 2187 1424 2246 boc

67 2272 169 2331 stadio
193 2291 353 2351 compares,
378 2288 446 2335 sunt
469 2283 566 2336 lamen
590 2288 618 2337 et
642 2278 701 2350 alii,
726 2282 775 2351 qui
799 2282 828 2336 in
851 2278 954 2337 eodem
979 2276 1024 2335 vel
1048 2277 1107 2348 jam
1131 2286 1250 2333 currunt
1272 2272 1319 2332 vel
1345 2282 1423 2332 stant

67 2361 205 2434 accincti,
229 2379 303 2437 quos
317 2367 423 2439 partim
440 2366 501 2442 ipse
517 2372 585 2424 ante
600 2368 762 2435 trienninm,
787 2366 891 2443 partim
907 2367 935 2422 in
951 2366 1082 2440 proximo
1097 2380 1161 2421 meo
1178 2364 1278 2419 itinere
1292 2361 1423 2420 Franco·

68 2447 177 2507 lurtico
200 2457 251 2508 aut
273 2450 363 2526 paulo
387 2463 454 2528 post
476 2454 614 2524 invitavi,
638 2453 697 2525 alii,
722 2470 797 2528 quos
820 2470 967 2528 nunqnam
990 2460 1077 2510 antea
1099 2467 1247 2521 noveram,
1267 2450 1330 2524 jam
1353 2464 1423 2524 pre·

70 2537 219 2594 almorum
243 2554 386 2597 annorum
400 2538 607 2614 liphemeridas
630 2538 793 2599 absolvisse
816 2540 911 2617 adque
933 2539 1065 2616 proclum
1087 2547 1204 2614 paratas
1225 2537 1332 2595 habere
1347 2552 1424 2594 nnn·

72 2624 197 2683 ciuntur.
243 2624 305 2684 Nec
327 2626 457 2687 dubium.
481 2644 546 2686 esse
569 2636 598 2685 et
620 2627 709 2700 alios,
741 2627 777 2686 dc
800 2629 905 2703 quibus
928 2645 964 2687 ne
987 2628 1065 2685 lama
1087 2624 1203 2702 quidem
1226 2624 1264 2683 ad
1287 2640 1332 2682 me
1355 2640 1424 2699 per·

68 2711 162 2783 verrit,
186 2710 287 2785 ltalos,
313 2711 426 2785 Gallos,
450 2714 616 2783 Britannos,
639 2718 688 2789 qui
712 2718 843 2791 receptis,
869 2732 944 2791 quac
964 2732 1078 2772 summo
1093 2712 1190 2771 studio
1206 2713 1424 2787 quaesiverunt,

70 2795 299 2872 exemplaribus,
324 2799 447 2859 eundem
470 2801 596 2860 nobilem
613 2802 742 2861 laborem
758 2806 976 2879 capessiverint,
1001 2818 1094 2876 eoque
1111 2799 1237 2876 publicis
1254 2799 1353 2856 usibus
1370 2816 1423 2857 ex·

68 2886 168 2959 posite
201 2884 308 2944 lamam
337 2898 527 2964 aucupentur.
574 2888 711 2948 Gratulor
742 2892 826 2949 vobis
856 2899 1002 2965 quotquot
1034 2891 1103 2947 estis
1112 2932 1121 2966 ,
1153 2903 1342 2963 quascunque
1371 2902 1423 2962 per

68 2988 155 3043 oras,
179 2972 259 3048 quod
281 2974 379 3033 studio
403 2975 640 3047 mathematicus,
664 2993 739 3052 qnae
761 2977 826 3036 sola
847 2980 951 3037 mentis
974 2993 1124 3035 assensum
1147 2972 1318 3033 certitudine
1342 2972 1424 3031 luleit

70 3056 246 3131 incredibili,
270 3062 417 3136 ingenium
442 3080 570 3139 consque
586 3064 769 3139 subegeritis,
794 3074 825 3122 ut
848 3065 941 3124 labori
963 3063 1127 3140 spectabili,
1152 3077 1238 3137 quem
1260 3068 1327 3119 ante
1349 3061 1423 3119 baec

68 3157 203 3221 tempora
226 3149 475 3223 ingeniosissimus
499 3153 624 3225 quisque
647 3152 772 3211 manime
795 3153 893 3226 lugere
915 3152 1019 3210 solitus
1039 3162 1092 3221 est,
1116 3166 1201 3224 pares
1227 3164 1280 3206 vos
1307 3149 1423 3205 inveni·

68 3234 149 3292 retis.
196 3231 336 3295 Gratulor
357 3237 580 3313 rebuspnblieis,
604 3238 734 3313 gratulor
755 3241 924 3297 nationibus
946 3239 1103 3297 Christiani
1127 3237 1205 3296 orbis
1229 3236 1363 3293 ominibus
1386 3234 1422 3293 dc

71 3328 217 3396 proventu
242 3321 344 3381 talium
368 3326 494 3383 virorum
518 3334 546 3383 et
569 3324 605 3384 de
628 3343 680 3402 spe
701 3343 760 3385 non
776 3344 862 3398 vana,
886 3326 946 3385 iere
970 3327 1051 3384 brevi
1074 3333 1107 3382 ut
1119 3323 1342 3397 frigescentibus
1358 3331 1423 3379 stn-

70 3405 126 3466 diis
151 3407 280 3481 frivolis,
310 3412 443 3484 incertis,
473 3414 675 3485 contentiosis,
699 3412 776 3472 addo
799 3422 829 3471 et
849 3415 1036 3490 pemicioris,
1060 3411 1178 3488 publica
1202 3410 1352 3469 doctorum
1375 3412 1423 3465 in-

70 3495 185 3554 dustria
208 3497 238 3551 in
261 3495 403 3556 coelestes
425 3501 525 3574 potius
548 3499 773 3575 speculationes,
797 3519 873 3575 quac
897 3503 975 3560 sitim
993 3502 1174 3575 ingeniorum
1190 3497 1303 3569 sedant,
1326 3513 1422 3556 nrures

67 3592 156 3657 prout
178 3581 293 3641 indoles
315 3584 401 3646 luerit
423 3586 612 3645 similitudine
636 3588 762 3662 quadam
785 3606 904 3665 operum
927 3588 1090 3645 divinorum
1107 3586 1249 3656 imbuunt,
1274 3585 1421 3641 incumbat

68 3668 205 3745 adeoque
236 3688 271 3729 ex
299 3673 335 3729 iis
365 3672 490 3749 plurima
519 3678 605 3732 etiam
630 3677 707 3733 vitae
731 3675 899 3735 tolerandae
922 3675 1075 3735 commoda
1097 3672 1240 3750 procudat
1261 3679 1291 3730 et
1312 3688 1423 3747 suppe-

68 3754 152 3816 ditet.
198 3756 337 3817 Gratulor
366 3759 437 3817 mihi
469 3778 586 3836 quoqne
610 3761 645 3820 ee
667 3779 805 3822 successu
827 3763 904 3821 ielici
929 3762 1065 3821 editionis
1088 3778 1187 3831 meac,
1221 3776 1295 3834 quac
1318 3767 1347 3817 ct
1370 3776 1423 3817 en-

67 3845 172 3903 eitasit
194 3844 342 3904 hominnm
366 3847 478 3919 studia,
512 3859 540 3906 et
568 3850 661 3907 sicubi
685 3848 732 3908 vel
756 3866 859 3909 rrranca
881 3852 992 3909 censeri
1014 3850 1108 3925 possit
1131 3848 1177 3907 vul
1200 3863 1311 3905 naevos
1335 3847 1422 3903 etiam

66 3930 226 3991 nonnullos
249 3934 337 3991 traxit
359 3951 412 3993 seu
435 3934 698 3994 lrullneinotionum
714 3939 841 3996 auctoris
856 3955 908 3995 sen
923 3935 1119 4013 sphalmatum
1135 3933 1421 4011 typographicorum,

67 4035 145 4094 quae
166 4022 351 4095 properatio,
376 4031 409 4079 ut
430 4022 491 4082 lieri
515 4032 609 4095 arrrat,
634 4039 826 4098 operarunrve
850 4026 1053 4100 importunitas
1076 4023 1293 4098 suppeditavit,
1326 4019 1361 4077 dc
1386 4022 1421 4076 iis

66 4122 117 4179 per
142 4105 271 4178 eosdem,
294 4111 344 4182 qui
360 4108 571 4184 Epherneridas
593 4110 782 4169 nibilominus
806 4114 933 4187 integras
957 4129 991 4169 er
1015 4128 1102 4187 opere
1125 4117 1291 4186 computare
1313 4114 1421 4182 potue-

67 4201 149 4265 mnt,
179 4196 282 4252 ceteris
305 4197 401 4254 minus
423 4200 587 4256 exercitatis
610 4198 695 4256 iacile
719 4208 888 4268 excrrsatur,
920 4199 1123 4274 comprobato,
1155 4196 1232 4271 aprrod
1257 4213 1291 4253 cn
1314 4193 1422 4252 lunda-

67 4281 173 4339 uentis
196 4279 375 4340 Tabularum
399 4285 540 4356 originem
564 4284 686 4342 illinon
710 4288 857 4357 traxerint,
881 4286 931 4345 sed
961 4288 1139 4344 extrinsecus
1155 4283 1260 4357 allapsi
1282 4281 1368 4340 l'acile
1384 4282 1422 4339 ab

67 4365 187 4427 bomine
208 4368 362 4428 urediocris
386 4373 564 4441 attentionis,
589 4371 668 4446 (quod
691 4392 708 4429 a
731 4373 817 4431 vobis
839 4382 884 4433 est
906 4376 1024 4439 lactum,
1047 4372 1264 4445 redarguuntur.

172 4452 239 4529 Quo
263 4458 379 4515 nomine
402 4458 511 4533 gratias
536 4459 587 4517 tibi
611 4458 761 4529 Bartsehi,
791 4463 969 4536 ceterisque,
993 4463 1017 4518 si
1042 4462 1091 4536 qui
1115 4459 1167 4517 tibi
1190 4460 1273 4533 paria
1296 4457 1421 4529 praesti-

68 4548 175 4613 terunt,
199 4559 371 4619 permagnas
391 4543 493 4617 debeo,
517 4545 596 4620 qnod
613 4546 839 4606 obtrectatorum
855 4548 903 4606 hic
917 4564 1047 4608 aneorum
1063 4564 1156 4623 prava
1170 4544 1267 4603 studia
1282 4559 1422 4620 praever-

67 4631 144 4687 iistis
158 4636 190 4687 ct
203 4628 384 4703 cavillarum,
402 4649 478 4707 quae
494 4642 642 4709 exspecto,
658 4632 780 4707 spiculis
795 4634 962 4694 reddidistis
978 4653 1024 4694 me
1039 4631 1299 4708 impenetrabilem.
1328 4630 1420 4704 Equi·

66 4714 134 4775 dem
157 4715 207 4775 vel
227 4717 289 4791 jam
311 4734 389 4776 nnnc
412 4736 447 4777 cx
471 4722 651 4796 inspectione
674 4721 800 4797 catalogi
823 4722 962 4781 librorum
979 4720 1190 4781 autumnalium
1205 4718 1330 4795 fulgetra
1346 4732 1422 4774 non-

64 4802 151 4865 nulla
173 4802 275 4865 videor
297 4804 455 4867 observare
478 4811 591 4868 eminus
612 4811 804 4883 coruscantia,
829 4827 904 4885 quae
919 4810 1039 4870 imbrem
1054 4808 1123 4867 mihi
1141 4806 1272 4886 polliceri
1287 4803 1423 4867 videntur
