3284 5520
643 376 857 432 Commentarius
875 374 996 446 Kspleri.
1429 367 1494 438 785

140 546 282 620 dicemus,
308 564 359 608 eos
378 549 441 624 jam
464 552 608 611 exstincta
630 556 763 630 potentia
788 555 947 635 Assyriaea
968 555 1087 633 plenam
1109 552 1274 612 libertatem
1295 566 1493 626 recuperasse.

140 635 235 695 Etiam
261 636 333 694 illud
356 636 548 712 probabiliter
570 641 634 714 quis
657 640 775 703 dixerit:
807 662 872 704 cunr
903 647 1044 704 servirent
1067 638 1147 700 Medi
1172 639 1316 715 Assyriis,
1349 639 1495 697 exstincto
1603 678 1620 701 ..

140 721 302 783 Sauheribo
326 724 381 783 sub
404 724 616 801 pollicitatione
638 728 781 790 libertatis
795 749 814 791 a
828 731 981 808 parricidis
1003 735 1143 789 attractos
1166 723 1286 783 inbelli
1312 726 1493 796 societatem,

139 811 177 870 ah
200 827 236 871 eo
260 817 389 888 tempore
413 811 470 872 huc
493 830 585 889 usque
604 819 730 893 propriis
748 821 855 878 vixisse
871 818 995 895 iegibus.
1032 817 1108 876 Nam
1122 811 1286 893 parricidae
1304 813 1495 888 confugerunt

140 897 178 958 ad
202 899 367 972 Armenios,
391 916 467 976 quae
490 918 562 978 gaus
586 910 629 962 est
651 903 769 966 Mediae
791 906 924 966 finitima.

246 986 356 1047 Eodem
387 986 443 1046 hoe
473 995 603 1065 tempore
633 1000 746 1052 mortuo
777 992 909 1054 Pethone
943 992 1095 1069 Aegyptus
1124 991 1153 1046 in
1182 985 1307 1046 Merrhis
1338 984 1493 1061 Aethiopis

140 1079 314 1149 potestatem
346 1074 448 1134 recidit
477 1083 506 1134 et
533 1085 601 1153 post
628 1077 701 1139 haec
732 1097 808 1140 anno
837 1098 896 1141 uno
926 1089 1015 1155 atque
1043 1077 1135 1136 altero
1158 1081 1273 1134 mortuo
1298 1071 1441 1132 Ezechiae
1464 1075 1494 1130 in

140 1159 258 1220 Judaea
287 1162 417 1221 succedit
439 1162 517 1221 filius
540 1163 711 1239 Manassen,
742 1168 899 1228 admodum
923 1165 1105 1227 adolescens.
1151 1164 1325 1222 Floruerunt
1348 1162 1436 1219 etiam
1460 1177 1496 1218 ea

140 1254 236 1308 aetate
260 1266 305 1308 res
330 1248 458 1326 Lydiae,
482 1268 557 1327 quae
581 1270 652 1329 gens
675 1254 798 1314 finitima
821 1265 867 1315 est
889 1253 998 1326 Medis,
1029 1252 1110 1330 Syris
1134 1258 1163 1311 et
1187 1250 1330 1325 Assyriis,
1362 1265 1417 1306 nec
1440 1245 1495 1305 ad·

140 1333 258 1395 modurn
282 1335 394 1395 distans
411 1336 591 1415 Babyloniis.
632 1341 701 1400 linit
722 1344 832 1420 iraque,
856 1350 998 1419 quantum
1021 1340 1118 1416 colligi
1139 1344 1244 1414 potest,
1269 1354 1305 1393 ea
1321 1342 1494 1411 tempestate

140 1425 240 1500 quieta
260 1422 333 1482 Asia
357 1430 385 1484 et
409 1425 589 1485 moderatum
606 1426 845 1508 Mardocempadi
869 1431 1030 1507 imperium.
1070 1427 1112 1484 Eo
1136 1429 1296 1502 imperante
1320 1420 1494 1497 (secundum

141 1511 259 1570 Eusebii
273 1528 409 1570 numeros
425 1531 501 1572 anno
516 1532 554 1572 rn.
571 1516 669 1593 3274)
687 1516 919 1577 Psammetichus
935 1519 1107 1593 optimatum
1123 1529 1262 1589 oppressa
1278 1511 1407 1569 lectione
1423 1527 1493 1586 reg-

138 1616 207 1656 num
225 1598 353 1677 Aegypti
369 1598 460 1673 solus,
484 1608 513 1660 et
528 1601 663 1676 Deioces,
680 1603 828 1665 Phraortis
845 1605 930 1678 lilius,
957 1621 1077 1681 regnum
1093 1600 1246 1660 Medorum
1263 1598 1377 1656 obtinet
1392 1596 1495 1674 populi

139 1685 298 1761 suffragiis,
322 1688 373 1762 qui
397 1689 450 1746 etsi
473 1690 606 1764 privatus
629 1691 698 1763 luit,
728 1694 792 1769 ejus
815 1701 912 1752 tamen
936 1707 1119 1750 successores
1144 1690 1219 1746 intra
1242 1689 1331 1744 breve
1355 1686 1495 1761 temporis

139 1775 266 1850 spatium
295 1775 398 1832 mirum
425 1776 455 1831 in
483 1775 601 1835 niodum
631 1788 797 1852 creverunt,
829 1778 904 1839 adeo
934 1777 1066 1854 quidem,
1098 1784 1130 1834 ut
1154 1771 1270 1834 taudem
1296 1771 1495 1831 monarchiam

141 1862 328 1939 Assyriaeam
351 1862 528 1937 attingerent
551 1872 640 1941 atque
663 1865 737 1928 adeo
761 1885 829 1943 pars
846 1869 994 1943 sequentis
1010 1865 1150 1923 historiae
1167 1862 1203 1920 de
1219 1859 1388 1919 monarchia
1401 1861 1496 1936 prima

140 1947 220 2006 liant.
265 1948 304 2007 Et
332 1950 491 2009 amiserunt
514 1951 680 2024 israelitae,
711 1955 797 2014 Ponti
826 1954 960 2027 accolae,
993 1951 1095 2012 eodem
1127 1958 1256 2025 tempore
1280 1948 1435 2024 (quantum
1459 1964 1496 2006 ex

79 2104 82 2114 ι
138 2034 246 2094 Εεαίειο
263 2037 402 2094 vaticinio
419 2034 581 2120 colligitur)
605 2044 721 2117 penitus
745 2060 859 2101 omnem
883 2042 1064 2114 libertatem
1088 2045 1184 2096 utrum
1209 2034 1238 2094 id
1262 2037 1416 2094 occasione
1441 2036 1495 2094 orti

139 2121 228 2199 hujus
252 2124 281 2180 in
304 2125 414 2182 vicinia
436 2127 526 2200 regni,
551 2143 588 2184 au
612 2126 670 2185 alia
696 2128 731 2188 ‹le
755 2147 845 2188 causa
867 2130 963 2200 inerit,
987 2128 1142 2187 obscurum
1166 2132 1218 2182 est.

243 2209 368 2269 Mortem
379 2210 617 2289 Mardocempadi
631 2225 754 2275 annotat
766 2216 910 2276 Eusebius
922 2215 959 2275 ad
972 2231 1080 2273 annum
1095 2218 1177 2271 3287
1195 2207 1318 2287 (nunc),
1330 2225 1417 2283 quem
1427 2210 1496 2285 qui-

141 2294 206 2354 dem
230 2313 325 2373 neque
349 2299 507 2359 verisimile
523 2308 568 2359 est
583 2300 691 2361 diutius
709 2305 829 2379 imperio
846 2303 1016 2379 praefuisse,
1042 2302 1127 2376 eique
1143 2313 1343 2357 suceessorum
1361 2294 1496 2372 designat

140 2382 403 2447 Bcnmarodacum.
450 2386 516 2462 Quo
547 2398 676 2464 tempore
699 2388 866 2462 Manassen,
896 2390 984 2448 homo
1017 2390 1122 2464 impius
1146 2394 1175 2445 et
1199 2399 1316 2456 vecors,
1347 2399 1412 2442 curu
1436 2382 1496 2442 alia

140 2470 234 2530 multa
258 2470 383 2531 nefanda
407 2477 535 2549 patravit
556 2492 694 2553 novaque
718 2481 745 2535 in
770 2495 890 2555 regnum
912 2479 1037 2553 patrium
1054 2476 1173 2546 invexit,
1197 2480 1258 2530 tum
1274 2486 1344 2531 vero
1360 2464 1407 2553 (ut
1423 2487 1495 2529 cou-

135 2553 226 2639 jieio)
250 2561 423 2634 amicitiam,
456 2579 532 2637 quae
556 2564 611 2639 ipsi
633 2566 835 2625 intercesserat
859 2582 924 2624 cum
948 2559 1212 2638 Mardocempado‚
1246 2558 1306 2617 lilio
1329 2558 1392 2633 ejus
1415 2574 1494 2617 novo

138 2648 199 2721 regi
224 2655 275 2705 aut
297 2650 479 2706 renunciavit
501 2658 553 2708 aut
575 2668 633 2708 non
658 2653 850 2712 confirmavit.
897 2652 1029 2727 Cumque
1061 2650 1173 2727 pridem
1196 2646 1277 2706 Deus
1301 2646 1343 2704 illi
1367 2644 1494 2732 medita-

138 2740 217 2791 retur
240 2736 372 2793 meritam
396 2737 603 2811 calamitatem,
628 2757 685 2797 non
709 2739 867 2799 admodum
890 2741 995 2813 insigni
1020 2755 1109 2797 cansa
1132 2752 1206 2813 opus
1230 2741 1292 2792 erat
1315 2733 1352 2791 ad
1375 2750 1493 2791 arman-

139 2818 209 2878 dum
232 2823 261 2878 in
285 2839 351 2880 eum
375 2822 581 2901 Babylonium.
620 2825 819 2904 Quaecunque
834 2843 924 2885 causa
940 2826 1033 2898 fuerit,
1059 2822 1250 2900 Babylonius,
1274 2823 1323 2897 qui
1342 2820 1493 2899 Assyriam

139 2924 257 2983 quoque
281 2911 373 2968 tenuit
396 2919 518 2988 epatre
542 2923 702 2990 acceptam,
726 2914 889 2991 perduces
913 2931 981 2973 suos
1005 2912 1114 2972 beilum
1134 2908 1269 2969 iudaeae
1292 2906 1398 2982 intulit,
1424 2906 1492 2965 Ma-

139 3010 255 3053 nassem
285 3014 355 3056 vero
384 3000 413 3055 in
436 3007 611 3074 potestatem
634 3001 770 3060 adactum
795 3000 976 3078 Babylonem
1000 2998 1123 3058 adduxit
1147 3000 1285 3056 vinctum.
1331 2995 1361 3053 Is
1385 3008 1492 3068 tamen,

138 3080 220 3141 brevi
244 3092 311 3159 post
325 3084 389 3143 Deo
413 3086 617 3147 reconciliatus
641 3099 669 3147 et
691 3092 761 3165 regi,
787 3088 1003 3148 conditionibus
1026 3089 1104 3145 vieto
1127 3085 1301 3145 necessariis
1324 3085 1352 3141 in
1372 3100 1492 3159 regnum

137 3170 314 3245 restituitur,
345 3173 373 3228 in
406 3190 464 3248 quo
496 3173 564 3232 durn
593 3177 668 3233 vixit
697 3179 725 3234 in
756 3175 813 3235 fide
835 3175 993 3252 Babylonii
1017 3175 1176 3250 permansit
1199 3173 1261 3246 ipsc
1285 3179 1312 3228 et
1335 3178 1404 3247 post
1426 3186 1493 3228 cum

138 3254 217 3315 filius
242 3258 306 3334 ejus
323 3260 457 3333 Ammon,
482 3264 530 3336 qui
547 3278 605 3322 non
623 3264 748 3340 amplius
764 3265 881 3323 bicuuio
896 3265 971 3339 patri
987 3261 1137 3337 superfuit,
1161 3274 1318 3335 oppressus
1333 3257 1494 3316 satellitum

140 3346 369 3421 conspiratione,
394 3351 592 3425 successitque
615 3352 644 3407 in
668 3368 788 3428 regnum
812 3349 898 3408 simul
922 3360 951 3408 ot
974 3352 1002 3406 in
1026 3346 1190 3407 clientelam
1207 3344 1364 3421 Babylonii
1381 3344 1492 3418 Josias,

140 3430 291 3492 Ammonis
314 3433 407 3508 lilius,
431 3440 562 3495 octennis
586 3455 675 3514 puer,
702 3455 777 3498 auno
803 3444 896 3497 3309.
943 3436 1008 3511 Quo
1032 3443 1162 3511 tempore
1186 3443 1215 3492 et
1237 3431 1372 3508 Babylon
1396 3449 1494 3508 regem

139 3523 273 3590 mutavit,
295 3530 382 3581 nacta
396 3540 593 3583 successorem
612 3524 739 3585 deiuncti
757 3524 984 3584 Nabulassarem
1001 3526 1064 3582 sive
1079 3520 1354 3581 Nebucadneaarern
1370 3521 1494 3595 primurn

138 3605 226 3682 hujus
250 3611 390 3683 nominis,
422 3619 455 3668 ut
477 3613 506 3667 in
530 3610 653 3671 historia
676 3612 820 3672 Judithae
844 3611 977 3672 habetur.
1024 3607 1165 3686 Equidem
1189 3610 1292 3679 miror,
1317 3606 1494 3666 clarissimos

138 3692 294 3771 theologos
317 3705 346 3756 et
369 3697 562 3774 chronologos
587 3699 665 3758 illam
688 3700 841 3759 historiam
863 3700 968 3776 partim
991 3715 1044 3774 pro
1068 3696 1168 3756 iabula
1191 3695 1312 3767 habere,
1337 3695 1442 3772 partim
1465 3696 1496 3753 in

139 3779 320 3842 alienissima
342 3794 475 3862 tempora
497 3786 626 3861 rejicere,
651 3805 716 3846 cum
743 3797 841 3846 tamen
862 3785 914 3844 illa
937 3784 1056 3862 pulchre
1080 3801 1145 3842 cum
1168 3780 1321 3842 Herodoto
1345 3792 1374 3841 et
1395 3780 1425 3840 S.
1444 3781 1495 3839 Li·

138 3871 208 3927 tcris
232 3873 397 3930 conveniat.
443 3871 560 3932 Mortuo
585 3876 684 3950 itaque
711 3872 949 3945 Beumcrodaoh,
974 3871 1121 3930 Ninivitas
1146 3871 1323 3930 successoris
1346 3868 1495 3927 Nabulas·

138 3959 213 4015 saris
243 3961 365 4036 imperia
394 3969 591 4035 contemnere,
625 3961 674 4021 ille
705 3978 773 4021 vero
805 3959 873 4020 felix
897 3962 1011 4035 imperii
1034 3962 1198 4036 auspicium
1221 3957 1402 4034 gloriamque
1426 3954 1494 4015 belli

137 4043 283 4119 meditari,
308 4046 384 4106 unde
408 4048 550 4119 ellectum,
576 4055 607 4106 ut
623 4047 730 4107 Ninum
754 4048 895 4107 hacteuus
918 4046 1039 4107 liberam
1063 4046 1209 4106 obsideret
1233 4053 1261 4105 et
1276 4042 1423 4122 (quamvis
1439 4042 1496 4104 hoc

137 4137 255 4191 taceant
278 4132 328 4191 alii
350 4129 520 4217 scriptores)
545 4143 670 4211 cuperet.
708 4135 826 4213 (Judith
851 4134 955 4209 eidem,
979 4135 1028 4209 qui
1044 4133 1195 4193 Ecbatana
1219 4129 1357 4204 condidit,
1382 4129 1494 4190 cladem

138 4216 176 4276 ad
192 4219 299 4279 Ninum
323 4222 439 4297 tribuit,
463 4221 632 4282 Herodotus
656 4222 729 4281 illud
747 4224 858 4295 Deioci,
882 4221 938 4281 hoc
952 4220 1101 4295 Phraorti3
1125 4220 1223 4278 malim
1246 4228 1399 4293 utrumque
1416 4219 1493 4293 huic,

139 4322 227 4382 quarn
255 4307 307 4366 iili.
354 4309 443 4369 Forte
472 4311 636 4369 rudimenta
659 4312 754 4384 urbis,
785 4317 909 4386 apatre
931 4316 1069 4385 accepta,
1100 4309 1204 4384 petivit
1226 4305 1329 4381 filius.)
1374 4305 1492 4365 Certum

138 4394 216 4453 euim
232 4403 285 4470 est,
303 4404 419 4473 captam
436 4414 499 4457 esse
516 4396 624 4455 Ninum
641 4405 693 4457 aut
708 4398 746 4456 ab
762 4396 818 4457 hoc
833 4414 914 4472 rege,
939 4404 991 4455 aut
1006 4415 1023 4453 a
1041 4395 1209 4455 Merodaco.
1247 4394 1359 4452 'l'obiae
1376 4392 1498 4452 historia

137 4484 233 4558 magis
256 4490 300 4543 est
324 4500 389 4543 curn
411 4485 624 4558 Nabulassare,
656 4484 774 4545 Nahum
798 4501 872 4544 vero
896 4491 925 4543 et
947 4482 1051 4542 Judith
1076 4499 1141 4541 curn
1164 4480 1322 4541 Merodaco
1346 4488 1397 4539 aut
1420 4489 1497 4541 certe

138 4584 203 4628 eum
227 4587 294 4647 rege
318 4573 420 4648 aliquo
443 4573 579 4644 iaetioso,
604 4571 656 4631 sed
680 4575 708 4629 in
733 4581 875 4648 perpetua
898 4574 1083 4630 successione
1106 4570 1144 4628 ab
1168 4568 1387 4628 Assarbadauo.
1428 4567 1497 4627 Erat

138 4673 174 4715 eo
198 4665 329 4736 tempore
352 4661 458 4719 vicinis
483 4658 578 4719 Medis
603 4677 653 4719 rex
677 4660 812 4731 Deioces,
838 4668 869 4716 ut
893 4657 963 4731 dixi,
988 4661 1036 4734 qui
1054 4658 1205 4716 Ecbatana
1227 4658 1327 4716 urbem
1352 4670 1497 4715 consensu

138 4744 243 4821 populi
266 4744 437 4807 condiderat
459 4755 489 4808 et
512 4746 695 4806 validissimo
719 4746 797 4805 valle
814 4747 1053 4805 communiverat.
1085 4743 1129 4822 (Si
1146 4752 1243 4804 autem
1259 4743 1365 4802 Ninum
1381 4760 1497 4819 semper

139 4830 247 4905 tenuit,
271 4850 362 4894 causa
384 4834 455 4895 belli
478 4835 552 4896 haee
574 4835 645 4908 iuit,
670 4850 758 4911 quam
780 4832 881 4911 prodit
902 4831 1018 4892 Jndith.
1062 4831 1206 4907 Deioces,
1230 4830 1390 4892 Ecbatanis
1413 4829 1497 4890 aedi·

219 4942 312 4995 lepte-t
326 4948 409 5003 opas.
437 4949 488 4994 vn.
1248 4938 1290 4998 50
