3284 5520
548 330 608 387 Lib.
627 330 663 390 II.
699 332 870 388 cometarum
888 331 1070 402 Physiologia.
1425 334 1489 401 115

140 512 260 585 rariora,
282 510 364 587 qnod
387 518 493 588 spreta
540 510 726 572 contemtum
749 513 826 573 enim
848 514 907 587 sui,
931 511 991 588 legi
1012 505 1071 570 Dei
1092 517 1122 571 et
1144 510 1292 571 doctrinae
1314 512 1489 572 christianae

139 606 375 672 consentaneum,
398 614 457 659 non
471 598 567 658 ierunt
581 599 630 658 isti
646 602 774 678 spiritus,
790 599 841 659 sed
856 599 972 676 lugiunt
986 606 1015 658 et
1031 601 1237 659 conticescunt.
1276 598 1349 661 Cum
1364 598 1489 658 mendax

140 685 183 747 ille
214 687 255 745 ab
283 687 368 745 initio
391 684 448 745 hoo
469 684 567 745 adhuc
588 685 710 746 haberet
731 705 749 746 a
772 686 852 760 Deo,
886 695 919 746 ut
940 687 1021 763 loqui
1044 703 1096 764 per
1118 686 1258 745 animalia
1279 693 1379 765 posset
1401 693 1431 752 et
1453 703 1491 745 ex

137 783 270 850 serpente
296 772 465 848 loqueretur
486 773 586 846 Evae,
617 773 734 833 seduxit
755 791 847 850 genus
870 775 1038 834 humanum.
1083 773 1165 832 Idem
1189 776 1282 834 tenuit
1304 790 1404 834 eorum
1426 790 1490 832 moe

137 860 294 919 hactenns:
327 862 444 936 quoties
466 862 537 936 ipsis
561 860 640 920 iacta
661 867 793 939 potestas
815 868 873 935 eet,
907 879 961 921 eeu
983 878 1057 920 voce
1078 878 1131 920 eeu
1153 858 1416 937 significationibus
1438 877 1491 938 per

136 946 308 1006 animalium
335 964 458 1024 corpora
486 955 642 1023 motusque
671 946 812 1024 loquendi
840 966 906 1008 cum
936 948 1115 1022 hominibus,
1151 948 1235 1009 abusi
1263 947 1319 1008 hac
1345 954 1491 1026 potestate

138 1033 254 1093 divinoe
269 1032 367 1092 cultus
377 1043 543 1112 rapuerunt,
560 1037 682 1095 miseros
692 1034 825 1094 homines
840 1035 1029 1096 seduxerunt.
1062 1033 1146 1094 Haec
1158 1037 1246 1112 igitur
1260 1037 1315 1096 etsi
1327 1035 1492 1112 justissima

137 1137 224 1180 musa
253 1121 326 1194 iuit,
360 1138 410 1180 our
434 1121 566 1181 Christus
596 1121 757 1183 adveniens
788 1122 950 1182 destrueret
980 1139 1069 1200 opera
1099 1120 1226 1196 diaboli,
1256 1131 1287 1183 et
1313 1122 1344 1180 hi
1372 1122 1491 1200 spiritus

137 1211 334 1268 conticescere
353 1207 429 1284 jussi
453 1225 565 1284 suaque
588 1208 711 1286 templa,
740 1217 867 1283 statuas,
896 1210 996 1283 lucos,
1027 1226 1132 1285 specus
1155 1209 1289 1286 adeoque
1312 1218 1416 1269 terram
1441 1208 1492 1267 diu

137 1312 306 1371 possessam
328 1297 503 1369 amiserunt,
526 1305 624 1356 nmen
647 1299 757 1373 passim
780 1299 808 1354 iu
832 1298 934 1356 vacuis
956 1296 1035 1357 auris
1058 1299 1191 1356 restitant
1212 1299 1414 1373 permissuque
1435 1296 1491 1355 Dei

137 1382 282 1442 interdum
312 1390 498 1458 grassantur,
531 1400 621 1460 saepe
653 1385 741 1443 etiam
772 1383 889 1443 lictores
913 1383 969 1443 Dei
992 1390 1079 1458 eunt,
1112 1385 1171 1461 ipsi
1201 1383 1284 1457 mali,
1320 1400 1426 1460 saepe,
1459 1389 1492 1443 ut

138 1469 263 1530 infidelis
286 1467 410 1539 Bileam
434 1469 600 1530 hominibus
623 1488 642 1529 a
664 1471 729 1530 Deo
753 1472 890 1530 nunciare
909 1470 1059 1546 jubentur.

241 1558 342 1632 Atque
356 1557 412 1660 pio
435 1566 549 1634 tempus
571 1565 630 1632 est,
664 1567 698 1617 ut
719 1557 757 1617 ad
781 1557 811 1617 id
833 1565 977 1632 revertar,
1007 1557 1090 1634 cujus
1114 1574 1204 1617 causa
1226 1558 1309 1618 initio
1332 1573 1397 1617 eum
1421 1573 1491 1617 usus

138 1644 271 1721 exemplo
294 1645 429 1720 pisorum.

242 1730 316 1790 Oete
338 1739 459 1791 naturae
482 1748 549 1808 pars
572 1739 633 1806 est,
655 1748 749 1808 genus
772 1732 881 1808 quippe
905 1729 1084 1803 animalium,
1108 1729 1191 1805 cujus
1215 1733 1276 1794 vita
1298 1733 1328 1789 in
1350 1733 1492 1790 immensa

140 1820 243 1878 oceani
266 1818 459 1896 amplitudine
475 1827 528 1892 est,
551 1827 631 1879 ortus
651 1835 722 1878 vero
745 1817 883 1878 indidem.
920 1816 979 1876 'lot
1003 1820 1079 1876 enim
1104 1817 1234 1893 quotidie
1258 1834 1337 1877 nova
1360 1818 1494 1876 visuntur

139 1914 278 1978 monstra,
303 1914 335 1966 ut
349 1923 408 1966 nou
422 1908 461 1964 sit
477 1906 643 1979 verisimile,
668 1922 768 1964 omnes
783 1907 897 1981 species
919 1922 1019 1964 eorum
1035 1906 1118 1965 initio
1140 1905 1227 1964 simul
1243 1913 1355 1964 creatas
1371 1905 1507 1980 solaque¹

141 1992 352 2053 consuetudine
381 1994 469 2052 maris
500 1999 529 2052 et
555 1991 690 2053 lamellae
720 1991 871 2068 hucusque
894 2000 1088 2070 propagatas,
1123 1994 1217 2069 magis
1242 1994 1318 2051 enim
1341 1989 1494 2067 abrupere

142 2079 290 2153 mimalia,
313 2088 347 2139 ut
368 2078 508 2140 crocodili
530 2079 648 2155 aliaque
671 2081 783 2139 insecta
802 2078 947 2138 videntur.
984 2075 1089 2155 Itaque
1112 2079 1230 2155 quidam
1254 2097 1395 2139 oceanum
1417 2085 1494 2139 recte

142 2176 336 2228 monstrorum
357 2177 470 2244 patrem
494 2165 658 2245 appellant3
681 2169 710 2225 in
733 2165 811 2225 huno
834 2169 909 2225 enim
932 2165 1019 2225 finem
1042 2168 1125 2226 initio
1149 2166 1282 2227 conditus
1306 2174 1359 2240 est,
1383 2174 1415 2225 nt
1438 2169 1495 2224 ista

144 2257 222 2315 ιιῐίιι
238 2262 268 2314 et
287 2254 420 2330 quotidie
435 2271 515 2314 nove
528 2262 658 2315 monstra
669 2252 854 2344 produceret.
888 2261 960 2326 (Gen.
973 2262 992 2312 1.
1009 2261 1148 2324 »producet
1159 2261 1234 2310 Terra
1246 2274 1318 2309 omne
1330 2274 1423 2320 genus«
1438 2258 1494 2326 etc.)

243 2338 330 2401 Haec
362 2345 417 2402 etei
449 2345 491 2401 ita
520 2341 646 2416 habent,
680 2349 777 2401 tamen
807 2341 833 2400 si
862 2341 979 2416 quaudo
1010 2347 1175 2400 monstrosa
1203 2338 1372 2416 hanemodi
1402 2341 1494 2401 moles

144 2427 277 2488 ahenam
306 2429 442 2490 litoribus
464 2429 626 2488 infunditur
647 2438 677 2488 et
698 2431 896 2506 reciprocante
919 2436 1002 2489 aestu
1026 2427 1193 2486 destituitur
1216 2429 1245 2484 iu
1268 2429 1362 2501 sicco,
1397 2430 1494 2487 resin

145 2532 226 2576 omen
243 2518 395 2593 accipitur,
419 2524 449 2577 ot
464 2523 587 2591 constet,
610 2514 682 2575 talia
702 2518 796 2592 sequi,
820 2533 896 2591 quae
919 2515 1124 2590 significationi
1148 2513 1191 2571 illi
1214 2513 1495 2574 verisimilitudinem

145 2602 305 2666 concilient.
350 2604 442 2680 Atqui
464 2604 537 2662 nihil
559 2604 664 2663 horum
686 2610 802 2662 constat
823 2605 879 2678 ipsi
900 2604 990 2679 pisci,
1014 2620 1068 2662 uec
1092 2604 1120 2658 iu
1144 2618 1231 2677 quam
1254 2603 1417 2677 regionem,
1440 2619 1495 2661 nec

145 2689 209 2765 quid
235 2691 407 2750 nunciatum
423 2690 583 2766 advenerit,
608 2692 677 2767 quin
699 2692 798 2767 potius
822 2690 944 2767 quaerit,
968 2706 1027 2766 qua
1050 2688 1157 2748 evadat
1179 2687 1377 2764 liberatusque
1399 2690 1495 2750 menis

146 2775 262 2837 humido
287 2777 432 2838 elemento
446 2780 584 2855 potiatur,
608 2786 641 2836 ut
658 2780 749 2836 vitam
773 2785 889 2837 tueatur
904 2795 997 2837 suani.
1035 2775 1140 2852 Itaque
1163 2774 1339 2836 invisibilem
1362 2777 1495 2854 spiritum

145 2873 255 2941 oportet
283 2882 364 2939 esse,
399 2866 447 2942 qni
471 2868 582 2942 piscem
605 2867 633 2921 in
657 2865 730 2924 haeo
752 2863 848 2924 illexit
869 2863 969 2939 litora,
1001 2871 1034 2922 ut
1056 2871 1108 2921 aut
1129 2865 1193 2939 ipse
1215 2865 1357 2941 permissu
1379 2862 1436 2922 Dei
1459 2880 1496 2923 ea

147 2968 171 3011 re
194 2952 380 3025 hominibus,
414 2970 489 3029 quae
513 2952 594 3020 vult,
623 2952 783 3027 significet,
817 2969 881 3011 cum
906 2951 1088 3028 exploratum
1111 2948 1233 3023 habeat,
1263 2967 1321 3010 non
1346 2949 1495 3009 defuturos

145 3042 388 3118 superstitiosos,
414 3042 463 3116 qui
493 3039 779 3116 praesignificatione
814 3047 843 3098 et
877 3038 1034 3115 sortilegiis
1068 3037 1259 3112 delectentur,
1293 3046 1345 3097 ant
1375 3037 1494 3114 speciali

146 3126 280 3186 mandato
305 3127 362 3186 liei
385 3127 441 3186 hac
464 3129 492 3184 in
516 3144 546 3186 ro
570 3134 681 3203 pareat.
727 3124 784 3201 Qui
808 3125 893 3184 fidem
917 3128 1008 3184 sacris
1032 3123 1152 3183 adhibet
1175 3124 1319 3199 historiis,
1352 3125 1401 3184 ille
1425 3127 1495 3183 novi

147 3222 191 3273 aut
213 3212 337 3272 absurdi
359 3213 431 3272 nihil
455 3214 550 3288 audit,
573 3216 616 3273 sic
638 3215 715 3273 enim
738 3213 861 3289 augelus
883 3213 941 3272 Dei
963 3212 1086 3272 Bileami
1110 3214 1222 3270 asinam
1244 3211 1326 3287 loqui
1348 3212 1428 3286 leoit,
1452 3214 1494 3271 sic

147 3299 278 3361 diabolus
300 3307 474 3377 serpentem.

244 3387 390 3463 Equidem
419 3387 587 3464 hujusmodi
616 3393 750 3464 portenta
780 3405 868 3462 saepe
896 3393 955 3446 tam
985 3395 1053 3445 sunt
1080 3384 1241 3458 evidentia,
1276 3394 1310 3444 ut
1336 3383 1408 3442 nihil
1431 3392 1492 3443 arto

149 3474 343 3551 conjectandi,
376 3475 449 3533 nihil
477 3476 684 3551 superstitione
714 3474 848 3534 credendi
880 3491 954 3551 opus
982 3477 1028 3532 eit.
1073 3473 1110 3530 Et
1133 3472 1202 3548 quid
1226 3475 1250 3531 si
1273 3471 1355 3530 Deus
1378 3470 1494 3530 adhoc

152 3577 216 3639 opus
240 3561 503 3622 extraordinarium
525 3569 555 3620 ut
580 3579 699 3639 corpus,
731 3564 774 3622 sic
795 3560 966 3620 facultatem
989 3576 1106 3636 qnoque
1129 3578 1238 3619 novam
1260 3563 1381 3632 excitet,
1417 3576 1493 3634 quae

152 3647 240 3708 officio
276 3648 414 3709 defuncta
445 3666 510 3708 oum
542 3648 599 3708 hoc
629 3663 748 3725 corpore
778 3665 891 3706 rursum
923 3656 1080 3709 evanescat
1113 3655 1142 3705 ct
1170 3649 1198 3703 in
1230 3646 1352 3705 nihilum
1383 3645 1494 3705 abeat?

109 3749 111 3752 ·
153 3732 195 3794 iic
215 3738 293 3796 enim
316 3735 494 3796 locustarum
517 3738 643 3812 agmina,
667 3736 709 3795 sio
729 3738 908 3794 coturnicum
931 3736 1073 3794 exercitus
1097 3737 1226 3793 invenire
1249 3741 1405 3812 potueruut
1428 3733 1494 3791 illos

155 3827 284 3881 terrarum
312 3831 437 3896 tractus,
471 3824 579 3899 quibus
608 3821 762 3900 puniendis
792 3821 840 3882 vel
866 3821 1041 3899 adjuvandis
1065 3839 1083 3879 a
1105 3821 1170 3880 Deo
1203 3821 1339 3881 destinati
1361 3821 1493 3894 luernut3

155 3917 313 3986 renumque
335 3909 445 3969 habent
460 3910 637 3988 philosophi,
661 3911 773 3969 animas
789 3909 1029 3969 animalculorum
1052 3908 1155 3967 horum
1171 3916 1200 3966 ct
1221 3907 1335 3967 incendi
1360 3907 1395 3965 de
1416 3923 1494 3965 novo

157 4001 180 4051 et
200 4014 311 4056 rursum
340 3999 499 4074 exstingui,
537 4005 686 4058 ettamen
709 3998 770 4054 vita
794 3998 915 4056 durante
938 4013 991 4056 suo
1014 3997 1134 4054 rationis
1157 3995 1276 4054 modulo
1300 3994 1367 4053 duci
1389 3996 1417 4050 iu
1442 4011 1495 4052 ex·

159 4084 299 4157 sequendis
327 4085 389 4143 suis
419 4084 534 4145 muniis.
579 4085 683 4160 Neque
712 4086 789 4143 enim
819 4085 861 4142 sic
890 4091 989 4161 portas
1019 4083 1101 4142 Deus
1132 4085 1244 4159 aperire
1274 4078 1419 4160 putandus
1450 4088 1495 4139 est

160 4171 415 4245 superstitionibus,
448 4188 513 4231 cum
539 4171 625 4246 Juxta
646 4172 742 4246 legem
764 4169 889 4244 dederit,
922 4187 997 4247 quae
1021 4186 1124 4229 cauere
1144 4169 1230 4245 jubet
1252 4187 1271 4228 a
1291 4169 1494 4247 superstitioso

163 4252 251 4317 intuitu
272 4261 422 4335 signorum
444 4256 628 4333 hujusmodi:
663 4261 762 4334 itaque
786 4265 916 4330 constat,
940 4256 1105 4316 homiuibus
1128 4264 1241 4333 praeter
1263 4254 1494 4315 emendationem

164 4342 222 4404 titre
250 4347 279 4403 in
308 4362 414 4422 genere
449 4344 522 4404 nihil
553 4344 720 4420 hujusmodi
758 4346 849 4421 signis
885 4343 1080 4403 tribuendum.
1136 4341 1230 4403 Aliter
1259 4360 1310 4402 rex
1339 4341 1492 4401 Monaeses

167 4425 283 4492 oberrat
315 4433 429 4492 somnia
460 4430 575 4513 (omnes
607 4434 686 4492 vitae
720 4439 802 4491 actus
834 4432 1016 4491 conformans
1050 4430 1089 4490 ad
1122 4447 1263 4508 responsa
1294 4430 1494 4502 somniorum),

171 4512 234 4576 aliter
263 4519 370 4580 Daniel
403 4522 608 4598 interpretatur
642 4521 772 4593 somnia,
806 4519 864 4578 sibi
893 4526 923 4578 et
950 4521 1013 4594 regi
1042 4517 1325 4578 Nabuchodonosori
1355 4516 1494 4575 divinitus

171 4595 286 4681 innuen,
310 4606 349 4666 ad
370 4605 529 4667 revelanda
551 4607 661 4666 sutura:
685 4605 736 4664 ilie
758 4623 863 4682 magne
887 4614 940 4679 est,
963 4607 1018 4664 iste
1041 4605 1191 4683 propheta.

251 4692 362 4754 Eadem
377 4696 466 4771 igitur
488 4693 569 4753 etde
593 4695 714 4754 cometis
727 4693 788 4769 Jam
812 4692 887 4765 dico,
911 4709 988 4768 quae
1003 4692 1039 4752 do
1058 4695 1194 4753 monstris
1209 4692 1336 4751 marinis.
1374 4690 1495 4750 Cometa

173 4780 266 4843 biuros
294 4798 368 4860 opus
398 4790 443 4842 est
469 4781 670 4860 naturalisque
699 4780 763 4857 ojus
793 4781 925 4857 trajectio
953 4795 1004 4856 per
1026 4779 1186 4857 aetherem,
1220 4786 1250 4840 et
1270 4780 1353 4839 initio
1377 4777 1494 4853 dictum,

992 4944 994 4949 .
1236 4883 1286 4944 a*

947 4974 974 5051 ι
