3284 5520
201 321 267 389 834
555 320 598 377 Do
615 319 788 391 septuaginta
805 316 1021 378 hebdomadibus
1037 321 1068 379 in
1082 320 1205 381 Daniele.

183 497 385 578 rejiciendam
407 516 543 561 censeam
565 498 640 559 hane
663 500 840 575 opinionem,
863 506 960 561 tamen
984 496 1134 559 evidentia
1153 504 1276 560 eventus
1294 516 1343 559 me
1358 502 1441 577 cogit
1453 502 1550 581 suspi-

196 588 265 661 cari,
290 585 442 647 Danielem
466 586 614 661 etiamad
637 586 713 646 huno
737 593 873 647 eventum
896 586 1027 647 nonnihil
1050 585 1181 646 alludere
1204 585 1344 646 voluisse.

298 699 398 760 Tertia
420 702 520 776 opinio
543 707 588 761 cst
610 697 763 773 Osiaudri‚
794 701 845 775 qui
873 702 987 759 initium
1010 697 1228 760 hebdomadum
1248 700 1320 760 lacit
1341 700 1383 760 ab
1405 702 1550 778 ipsissima

192 789 404 849 restauratione
428 789 508 847 urbis
524 796 553 847 et
567 805 713 847 murorum
728 786 941 861 aedificatione,
964 804 1040 864 qnae
1056 787 1134 846 lacta
1150 795 1194 846 est
1208 803 1227 846 a
1241 785 1387 848 Nehemia
1402 805 1481 848 anno
1499 796 1548 850 dd.

196 876 373 946 Artaxerxis,
397 874 483 935 finem
506 875 684 951 penultimae
707 877 736 933 in
759 877 896 951 passione
919 874 1036 948 Christi,
1059 875 1191 934 ultimam
1213 879 1367 953 septennio
1391 887 1459 954 post
1481 895 1550 955 pas·

193 965 315 1023 sionem.
352 961 436 1023 Haec
459 965 558 1040 opinio
585 961 613 1041 1)
629 961 784 1038 plausibile
805 962 896 1022 habet
917 962 1043 1041 initium,
1067 969 1098 1039 2)
1113 964 1256 1023 rationem
1277 963 1363 1023 affert
1385 963 1549 1040 divisionis,

193 1053 305 1128 primae
328 1051 445 1126 quidem
469 1051 633 1122 obscuram,
656 1068 721 1110 cum
745 1052 795 1122 ait,
818 1051 918 1123 primis
942 1056 981 1110 49
998 1050 1082 1110 annis
1105 1050 1206 1110 urbem
1228 1051 1373 1128 paulatim
1392 1052 1547 1127 excultam,

195 1137 341 1199 secundae
363 1136 597 1210 illustrissimam,
621 1145 744 1197 mortem
759 1136 877 1217 Christi,
899 1139 1002 1198 tertiae
1017 1136 1213 1214 allegoricam.
1252 1138 1304 1197 Ait
1319 1140 1407 1212 enim,
1429 1151 1548 1216 septen·

195 1227 245 1285 nio
268 1232 335 1302 post
351 1224 456 1284 Christi
480 1234 601 1285 mortem
625 1242 781 1284 conversos
797 1223 930 1284 Judaeos
953 1225 1065 1301 aliquot
1088 1224 1126 1283 ad
1142 1225 1297 1299 Christum,
1322 1233 1352 1285 et
1375 1229 1404 1286 in
1427 1227 1547 1287 dimidio

196 1312 260 1389 ejus
284 1315 421 1390 temporis
443 1312 597 1390 reliquisse
620 1315 755 1388 antiquas
778 1314 895 1372 umbras
917 1313 1124 1372 sacrificiorum
1140 1322 1194 1372 etc
1231 1313 1341 1373 Verum
1365 1316 1396 1372 in
1419 1314 1467 1375 his
1485 1316 1547 1391 jam

192 1417 280 1478 porro
303 1401 454 1477 impingit:
487 1395 521 1481 1)
544 1399 624 1477 quod
647 1419 691 1459 res
714 1409 815 1475 gestae
838 1398 998 1459 Nehemiae
1021 1399 1130 1460 eadunt
1151 1400 1207 1460 sub
1230 1400 1424 1462 Artaxerxem
1446 1411 1546 1479 poste·

192 1490 312 1562 tionem,
342 1495 375 1547 ut
403 1486 522 1564 quidem
550 1506 639 1565 supra
660 1488 772 1564 prolixe
795 1488 951 1564 probatum
974 1500 1035 1563 est3
1067 1486 1099 1567 2)
1121 1486 1200 1564 quod
1223 1506 1259 1548 er
1282 1490 1369 1548 aunis
1392 1495 1455 1551 483
1479 1491 1547 1551 lacit

195 1581 255 1635 477
282 1583 410 1646 tautum,
444 1583 486 1633 tot
516 1593 620 1652 nempe
642 1585 709 1634 sunt
733 1593 750 1633 a
774 1581 823 1634 20.
850 1574 1019 1634 Artaxerxis
1049 1574 1087 1633 ad
1113 1577 1281 1651 passionem
1312 1576 1437 1651 Christi,
1470 1578 1546 1653 qnod

192 1662 327 1739 sphalma
349 1670 470 1722 excusat
492 1672 595 1723 auctor
617 1680 668 1736 eo,
701 1664 771 1737 qnia
800 1660 990 1737 chronologia
1020 1665 1129 1721 ineerta
1155 1665 1194 1722 sit
1221 1673 1250 1723 et
1276 1662 1410 1741 plerique
1433 1666 1546 1741 proisni

193 1758 336 1822 auctores,
361 1753 411 1826 qui
433 1750 502 1809 huie
517 1752 635 1826 negotio
650 1744 807 1809 adhibendi
822 1757 898 1823 sunt,
922 1766 1035 1809 errasse
1050 1749 1302 1826 deprehendantur
1318 1753 1409 1811 etiam
1423 1755 1456 1810 in
1471 1752 1543 1813 aliis.

192 1836 301 1897 Verum
324 1844 390 1896 utut
412 1838 540 1911 errarint,
564 1840 639 1897 ratio
663 1839 801 1913 temporis
823 1856 842 1897 a
864 1837 950 1896 nobis
972 1845 1051 1896 certo
1068 1840 1227 1897 constituta
1242 1845 1296 1912 est,
1320 1846 1350 1899 et
1366 1841 1391 1898 sl
1407 1856 1545 1918 posumus

191 1928 342 2000 negotium
365 1925 407 1984 ita
429 1924 584 2001 explicare,
607 1931 639 1984 ut
662 1941 835 1983 consensum
858 1932 1010 1984 auctorum
1032 1925 1218 2001 profanorum
1241 1927 1329 1986 etiam
1350 1928 1545 2001 obtineamus,

191 2011 437 2089 supersedendum
460 2020 504 2072 est
526 2013 582 2071 hae
604 2013 779 2087 suspicione.
818 2011 911 2087 Igitur
933 2029 999 2070 enm
1024 2020 1041 2071 6
1063 2014 1132 2072 anni
1155 2028 1244 2073 unam
1266 2014 1327 2073 iere
1349 2018 1544 2092 septimanam

192 2099 328 2172 efficiant,
351 2101 437 2159 nimis
460 2118 583 2176 magnus
606 2108 651 2158 est
673 2099 719 2158 bio
742 2098 881 2158 deiectus.
919 2096 950 2178 3)
972 2099 1005 2157 ln
1030 2117 1065 2159 eo
1081 2117 1199 2176 qnoque
1214 2101 1330 2161 laborat
1347 2102 1423 2163 haec
1437 2107 1543 2182 opinio,

193 2186 271 2263 quod
293 2186 481 2263 allegoricam
504 2196 533 2247 et
556 2187 644 2248 etiam
659 2186 812 2246 obscuram
829 2187 912 2246 affert
928 2189 1072 2247 rationem
1087 2188 1207 2248 ultimae
1221 2191 1405 2266 septimanae
1422 2193 1544 2268 ejusque

191 2274 387 2335 mediationis.
427 2273 458 2353 4)
481 2274 567 2350 Quod
591 2274 694 2333 ultima
717 2275 807 2333 verba
821 2274 954 2333 Danielis
973 2277 1069 2351 spatio
1086 2280 1126 2335 30
1143 2293 1285 2335 annorum
1299 2277 1447 2351 distrahit,
1472 2296 1543 2357 quae

192 2362 369 2438 conjunctim
397 2371 467 2422 suut
495 2361 693 2437 intelligenda.
738 2361 815 2421 Nam
838 2368 888 2421 38.
918 2378 994 2421 anno
1017 2380 1037 2421 a
1059 2364 1267 2423 resurrectione
1292 2363 1401 2424 Christi
1430 2375 1543 2425 vastate

190 2451 259 2509 urbs
282 2455 335 2509 est
376 2445 407 2527 b)
429 2448 516 2524 Quod
539 2467 615 2509 anno
631 2455 681 2509 20.
706 2448 875 2508 Artaxerxis
898 2448 1011 2507 nullum
1034 2448 1181 2510 decretum
1204 2450 1240 2511 de
1263 2451 1450 2512 aedificanda
1464 2455 1542 2525 urbe,

191 2544 304 2597 tantum
328 2538 490 2614 permissio.
528 2538 662 2613 Denique
685 2535 732 2593 hio
754 2536 951 2595 consideretur
973 2539 1071 2609 etiam,
1095 2554 1133 2596 an
1156 2537 1230 2597 haec
1253 2539 1366 2614 etjam
1390 2551 1542 2601 secuturae

193 2625 346 2701 opiniones
368 2641 426 2683 non
450 2626 594 2684 orrentia
617 2624 779 2699 supposito,
805 2622 883 2699 quod
908 2625 997 2684 verba
1013 2624 1146 2684 Danielis
1170 2626 1376 2707 „exscindetur
1391 2624 1542 2690 Christus“

192 2711 228 2773 de
252 2714 389 2790 passione
412 2720 442 2772 et
462 2720 555 2771 morte
578 2710 685 2770 Christi
708 2710 897 2786 intelligenda
918 2713 996 2785 sint;
1018 2711 1085 2771 ride
1108 2729 1197 2789 snpra
1218 2731 1287 2791 pag.
1311 2719 1387 2775 809.

297 2824 417 2900 Quarto.
455 2825 565 2885 Eadem
588 2826 647 2884 iere
663 2827 750 2884 sentit
766 2823 922 2895 Lutherns,
946 2826 1003 2883 nisi
1019 2823 1106 2900 qnod,
1130 2825 1399 2903 incircumspectior
1415 2828 1445 2884 in
1460 2828 1543 2888 chro-

192 2911 327 2987 nologia,
359 2913 480 2971 Darium
508 2919 538 2972 et
561 2912 751 2971 Artaxerxem
774 2907 924 2993 (Josepho
949 2910 1023 2970 lorte
1053 2907 1188 2993 credens)
1219 2912 1371 2973 contundit
1397 2922 1429 2973 et
1456 2914 1543 2975 salsos

193 3016 329 3059 numeros
351 2999 543 3060 Metasthenis
566 3001 713 3075 seqnitur,
742 3006 830 3073 atque
853 3016 889 3057 ex
912 3016 947 3057 eo
970 2998 1172 3059 hebdomadas
1195 3017 1213 3057 a
1236 3007 1265 3059 2.
1290 3018 1367 3061 anuo
1391 3001 1476 3061 Darii
1498 3002 1542 3062 vel

193 3088 361 3147 Artaxerxis
388 3088 498 3163 incipit.
544 3087 621 3146 Hine
643 3086 764 3145 confusa
787 3094 816 3144 et
839 3087 964 3145 obscura
986 3085 1202 3162 quodammodo
1226 3088 1290 3164 ejus
1313 3091 1414 3167 opinio
1440 3093 1542 3149 existit

191 3175 303 3235 Eodem
326 3174 413 3233 modo
437 3177 525 3233 etiarn
547 3174 755 3233 evidentiorem
779 3180 915 3232 eventum
939 3176 966 3231 in
990 3173 1116 3233 medium
1139 3173 1257 3233 ultimae
1273 3179 1458 3252 septimanae
1475 3194 1543 3238 con·

190 3262 262 3334 lert,
295 3262 447 3321 concilium
472 3279 575 3339 nempe
599 3260 812 3337 apostolorum,
843 3262 893 3336 qui
916 3264 1110 3321 neeessariam
1133 3262 1207 3337 legis
1230 3263 1470 3325 observationem
1491 3266 1543 3325 ab·

191 3358 338 3426 rogarunt.
384 3349 461 3408 lllnd
485 3367 553 3409 vero
577 3350 709 3408 habitum
734 3356 856 3413 estnon
880 3350 964 3407 annis
988 3356 1024 3422 4,
1055 3347 1106 3407 sed
1137 3352 1255 3425 integris
1282 3357 1319 3410 lb
1344 3360 1413 3430 post
1438 3352 1543 3411 Christi

190 3445 323 3496 mortem.
368 3436 401 3494 In
431 3439 533 3498 ceteris
565 3436 666 3497 eadem
696 3435 850 3496 commoda
878 3446 906 3495 et
934 3435 1118 3496 incommoda
1147 3454 1212 3495 eom
1239 3440 1441 3515 superioribus
1474 3440 1544 3498 haec

190 3524 280 3585 habet
302 3526 411 3600 opinio.

302 3628 422 3704 Quinto.
468 3629 572 3688 Affinis
595 3638 639 3687 est
661 3628 730 3687 huic
752 3645 870 3703 quoqne
893 3630 1052 3687 sententiae
1074 3627 1125 3686 illa
1147 3628 1327 3705 Mercatoris,
1352 3634 1413 3708 qui,
1439 3641 1471 3691 ut
1492 3632 1544 3693 de·

194 3714 300 3774 iecturn
333 3714 413 3774 illum
439 3722 456 3773 6
482 3734 621 3775 annorum
652 3716 689 3774 ab
714 3713 858 3775 Osiandro
889 3717 1075 3774 commissum
1103 3726 1319 3793 compensaret,
1351 3718 1433 3777 aliud
1457 3721 1545 3779 Arta-

193 3805 290 3862 xerxis
321 3805 435 3860 initium
464 3805 616 3874 observat,
648 3820 724 3863 anno
749 3809 799 3864 63.
824 3805 894 3862 vivo
925 3802 989 3878 ejus
1019 3811 1110 3878 patre.
1156 3805 1269 3865 Deinde
1293 3815 1416 3866 mortem
1441 3807 1547 3866 Christi

193 3890 304 3949 confert
327 3892 355 3947 in
380 3889 530 3948 dimidium
553 3891 673 3950 ultimae
696 3892 891 3966 septimanae,
920 3907 977 3949 non
1001 3898 1033 3948 ut
1054 3893 1164 3966 priores
1188 3893 1216 3950 in
1239 3894 1422 3971 principium.
1470 3894 1546 3971 Ergo

191 3976 228 4034 ab
245 3994 322 4035 anno
340 3982 389 4049 83,
408 3984 458 4038 20.
475 3978 652 4049 Artaxerxis,
668 3978 705 4037 ad
721 3986 842 4037 mortem
857 3977 962 4036 Christi
980 3985 1129 4053 computat
1144 3996 1235 4038 annos
1253 3976 1377 4061 43⁶¹ln²
1402 3984 1547 4058 sicigitur

192 4062 250 4122 dno
274 4061 470 4123 Osiandriana
492 4067 566 4123 vitia
590 4066 703 4142 elingit,
732 4065 875 4124 deiectum
901 4071 917 4124 6
942 4082 1083 4123 annorum
1107 4074 1136 4124 et
1158 4064 1348 4143 allegoricam
1371 4070 1546 4148 interpreta-

170 4152 299 4210 ¹tionem
328 4150 538 4226 hebdomadis,
570 4159 599 4210 et
629 4152 810 4229 probabilem
842 4152 925 4210 atiert
946 4155 1088 4212 rationem
1113 4153 1264 4212 divisionis
1288 4154 1410 4216 ultimae
1433 4156 1547 4217 hebdo-

189 4237 292 4303 madis,
316 4240 345 4295 in
370 4239 453 4313 eujus
476 4241 649 4316 principium
672 4241 834 4318 baptismus
850 4239 966 4312 Christi,
990 4241 1020 4297 in
1043 4240 1172 4300 medium
1195 4258 1272 4301 mors
1295 4242 1359 4321 ejus
1381 4244 1496 4318 incidit,
1519 4254 1546 4304 et

190 4323 348 4384 admodum
372 4329 512 4385 concinne
535 4326 571 4386 de
595 4329 753 4387 ministerio
777 4326 883 4386 Christi
914 4326 972 4385 dici
994 4333 1092 4403 potest
1116 4327 1187 4386 illud
1213 4329 1426 4405 ,Confirmabit
1449 4342 1546 4393 autem

190 4414 340 4488 pactum“.
378 4413 413 4471 In
437 4416 540 4473 ceteris
563 4414 666 4474 eadem
688 4414 777 4474 babet
800 4413 984 4473 incommoda
1007 4431 1083 4489 quae
1106 4414 1258 4490 Osiander,
1281 4420 1337 4476 nisi
1353 4418 1430 4480 iorta
1446 4428 1475 4483 ct
1489 4420 1545 4481 hoc

97 4509 100 4515 '
191 4507 334 4560 mutatum
357 4499 528 4560 Artaxerxis
552 4503 666 4561 initium
688 4502 803 4577 aliquis.
817 4510 984 4579 suspectum
1008 4500 1080 4560 velit
1103 4502 1220 4564 babere.

292 4603 393 4667 Sexto.
438 4607 510 4666 Tres
533 4607 662 4667 celebres
687 4607 879 4684 chronologi,
903 4608 1065 4681 Funoeius,
1095 4607 1294 4671 Buoholxerus
1315 4617 1346 4670 et
1368 4610 1544 4689 Buatingns,

190 4698 307 4753 etcum
330 4693 366 4753 iis
387 4693 471 4753 multi
494 4693 545 4754 alii
567 4697 597 4755 in
621 4712 657 4756 ea
679 4704 748 4755 sunt
768 4697 919 4775 opinione,
950 4693 1029 4772 qood
1057 4693 1260 4759 hebdomadae
1287 4700 1423 4777 praeciso
1444 4702 1545 4763 termi-
