3284 5520
568 426 572 437 Ι
655 363 698 419 De
714 360 824 432 Origine
842 361 979 421 Gentium.
1427 358 1491 430 789

138 543 294 619 Possitque
311 540 452 601 Asiaticis
474 543 612 602 universa
627 540 745 619 Europa
767 550 818 601 aut
841 541 938 601 insula
961 544 1070 601 censeri
1090 548 1141 600 aut
1157 541 1320 618 peninsula.
1358 540 1390 601 Si
1403 543 1492 617 igitur

138 629 264 708 Japetns
287 632 358 689 artis
381 631 517 689 nauticae
540 632 675 690 inventor
696 631 759 703 iuit,
784 648 872 706 quam
896 629 1012 706 quidem
1036 627 1200 709 (ventorum
1223 631 1379 706 praecipue
1398 631 1491 688 ratio·
1548 650 1552 665 ·

138 715 217 797 nem)
232 716 326 777 Aeolo
349 716 466 776 cuidam
490 718 629 788 tribuunt,
653 718 732 794 quod
755 735 860 776 nomen
877 717 954 777 idem
970 734 1035 776 cum
1052 717 1141 787 illisa,
1164 726 1272 793 nepote
1287 715 1398 793 Japeti,
1423 718 1491 793 qui·

138 804 207 864 dam
238 823 302 865 esso
331 805 443 863 volunt.
489 803 580 863 Filios
604 800 624 865 7
647 805 764 875 habuit,
797 808 847 881 qui
877 805 933 864 hoc
962 804 1062 864 ordine
1090 813 1289 864 recensentur:
1327 803 1356 882 1)
1379 803 1489 864 Gomor

138 894 292 968 (Ascenas,
317 891 436 969 Ripbat,
460 890 652 967 Thogorma),
677 900 706 952 2.
725 890 843 968 Magog‚
869 898 897 952 3.
921 891 1031 965 Madai,
1057 897 1085 953 4.
1109 889 1208 950 Jaran
1231 892 1335 966 (Elisa,
1360 891 1490 965 Tharais,
1584 892 1586 897 '

140 979 264 1051 (lethim,
288 977 459 1053 Dodauim),
486 985 513 1039 5.
538 979 644 1052 Tubai,
671 986 698 1040 6.
721 979 852 1053 Mesecb,
879 987 906 1038 7.
921 978 1045 1057 Thyras.
1083 977 1167 1053 Quae
1190 980 1311 1038 cuilibet
1335 979 1492 1055 obtigerint

138 1069 317 1144 provinciae,
341 1084 400 1125 non
424 1074 533 1126 certum
556 1076 608 1127 est.
646 1067 751 1144 ltaque
773 1083 831 1124 uon
855 1070 909 1126 erit
929 1065 1040 1140 inutile,
1064 1065 1247 1125 considerare
1263 1069 1352 1125 etiam
1368 1083 1431 1142 cap.
1450 1072 1489 1125 38

139 1165 168 1214 ot
191 1162 231 1215 39
256 1153 426 1214 Ezechielis.
473 1153 519 1211 lbi
551 1153 696 1214 secundus
719 1154 832 1231 Magog
857 1153 962 1214 dicitur
984 1157 1119 1230 princeps
1141 1155 1244 1230 capitis
1268 1156 1341 1211 sexti
1366 1152 1491 1213 Mosoch

139 1241 289 1320 etTubal,
312 1244 405 1318 quinti
428 1241 522 1300 liberi.
561 1240 653 1301 Porro
677 1242 849 1302 describitur
871 1244 992 1319 irruptio
1016 1241 1189 1319 Scytharum
1214 1243 1243 1297 iu
1267 1242 1378 1312 Asiam,
1403 1258 1491 1316 qnam

139 1348 203 1389 reor
226 1331 333 1388 iactam
355 1329 410 1388 sub
435 1327 525 1405 Cyro,
550 1331 601 1404 qui
623 1330 662 1390 ab
685 1329 743 1388 iilis
766 1332 880 1389 occisus
904 1336 956 1388 est.
1002 1328 1081 1387 Dicit
1102 1329 1262 1405 propbeta,
1286 1328 1438 1387 babituros
1461 1331 1490 1385 in

139 1416 256 1475 auxiliis
279 1417 401 1489 Persas,
433 1415 595 1493 Aethiopas
618 1426 647 1476 et
669 1417 795 1495 Lybios;
824 1416 931 1477 Persas
954 1435 990 1476 ex
1014 1417 1103 1489 Asia,
1135 1416 1297 1492 Aethiopas
1321 1433 1357 1475 ex
1382 1416 1491 1476 Arabia

140 1502 187 1564 vel
211 1505 323 1577 Africa,
346 1503 458 1581 Lybios
482 1521 518 1562 ex
544 1504 650 1565 Attica.
696 1504 830 1582 Amplius
853 1504 940 1576 dicit,
965 1521 1030 1563 cum
1053 1520 1089 1562 eo
1112 1503 1210 1562 lutura
1231 1504 1349 1579 agmina
1372 1501 1490 1576 Gomer,

140 1595 190 1668 qui
213 1593 323 1669 primus
346 1599 391 1650 est
412 1589 490 1649 filius
506 1589 616 1667 Japeti,
641 1599 670 1650 et
692 1609 764 1651 voce
788 1593 925 1651 universa
943 1592 1099 1667 „agmina“
1116 1593 1218 1663 innuit,
1243 1589 1410 1650 Gomeritas
1427 1606 1491 1650 esse

138 1678 396 1756 populosissimam
426 1680 584 1737 nationem.
631 1678 764 1756 Amplius
793 1678 874 1738 addit
903 1679 1083 1755 Thogorma,
1114 1681 1164 1754 qui
1196 1678 1250 1737 luit
1279 1679 1383 1737 tertius
1413 1677 1491 1736 iilius

140 1765 293 1839 Gomeris3
316 1765 385 1826 huic
408 1766 509 1824 tribuit
530 1765 622 1826 latera
644 1768 790 1842 aquilonis
814 1775 843 1825 st
866 1768 990 1826 vocibus
1015 1774 1127 1841 ,totum
1142 1765 1230 1824 robur
1245 1766 1329 1841 ejus“
1354 1765 1492 1824 describit

140 1871 239 1914 eorum
262 1855 437 1930 potentiam3
462 1855 597 1928 quamvis
620 1856 708 1913 ctiam
724 1853 809 1930 Gugo
832 1855 895 1913 sire
913 1852 1080 1930 Alagogitis
1103 1853 1213 1911 tribuat
1227 1852 1319 1912 latera
1334 1852 1490 1929 aquilonis.

140 1942 228 2015 Dicit,
253 1948 488 2001 consurrecturos
504 1940 585 2000 Sava
608 1950 636 2000 ct
652 1941 765 2016 Dedan,
790 1943 841 2017 qui
863 1950 931 2000 sunt
953 1941 1004 1999 filii
1027 1940 1147 2017 Regma,
1171 1948 1292 2016 nepotes
1309 1939 1398 2012 Cbus,
1422 1956 1493 2016 pro·

138 2036 261 2107 nepotes
284 2027 393 2102 (iham,
426 2038 458 2087 ut
487 2027 698 2103 intelligamus,
730 2045 804 2105 quos
831 2037 919 2088 antea
947 2028 1051 2087 dixerit
1074 2027 1244 2105 Aethiopas.
1290 2027 1406 2087 Tribuit
1435 2026 1493 2086 illis

141 2134 243 2193 equos.
283 2114 419 2193 Amplius
433 2114 513 2175 Saba
536 2123 565 2174 et
581 2115 686 2175 Dedan
708 2115 778 2176 dicit
799 2134 864 2176 esse
887 2119 1085 2191 negotiatores
1108 2117 1205 2187 maris,
1229 2113 1309 2191 quod
1331 2114 1492 2173 notandum

140 2207 169 2262 in
193 2205 363 2280 posteritate
380 2203 469 2262 Chus.
513 2202 648 2261 Tandem
670 2206 767 2279 iguem
790 2205 965 2262 vaticinatur
988 2204 1148 2261 immissum
1172 2203 1205 2259 iri
1229 2204 1257 2260 in
1274 2201 1385 2279 Magog
1408 2209 1437 2260 et
1460 2203 1490 2258 in

141 2293 196 2365 hia,
220 2294 270 2368 qui
293 2289 468 2350 habitabant
489 2292 518 2347 in
542 2290 645 2349 insulis
669 2290 854 2351 confidenter.

246 2378 291 2437 Ex
312 2378 358 2437 his
382 2378 517 2439 omnibus
541 2378 740 2457 intelligimus,
762 2385 895 2454 respectu
915 2374 1059 2448 Judaeum,
1084 2393 1170 2452 quem
1193 2375 1362 2438 umbilicum
1385 2376 1493 2436 Terrae

140 2465 283 2544 propheta
311 2474 413 2537 vocat,
445 2467 514 2541 quia
542 2474 587 2524 est
609 2475 737 2525 centrum
762 2465 914 2524 divisionis
937 2466 1012 2522 inter
1033 2471 1165 2540 posteros
1187 2463 1284 2537 Noae,
1315 2464 1367 2523 has
1392 2480 1493 2524 omncs

141 2561 243 2629 gentes
267 2552 452 2635 aquilonares
476 2569 550 2611 esse.
595 2551 728 2629 Cumque
750 2570 809 2612 non
831 2554 890 2612 sint
913 2552 1048 2623 Asiatici,
1072 2567 1141 2628 ergo
1164 2553 1284 2628 irruptio
1306 2551 1369 2611 fieri
1392 2551 1494 2611 debuit

141 2659 193 2719 per
216 2641 352 2699 isthmum
376 2640 490 2699 iberiae
514 2648 543 2698 et
566 2639 738 2700 Albonicae.
782 2640 890 2700 Latera
918 2655 987 2697 vero
1014 2638 1160 2714 aquilonis
1183 2647 1269 2698 sunto
1292 2639 1493 2715 spectantibus

142 2729 179 2787 ad
202 2731 429 2803 septentrionem
453 2728 584 2786 dextrum
601 2736 631 2787 et
647 2729 803 2800 sinistrum,
827 2746 866 2788 sc.
883 2722 1023 2785 orientale
1039 2733 1068 2784 et
1083 2723 1272 2786 occidentale.
1312 2725 1409 2801 Quare
1425 2725 1494 2785 Ma-

141 2833 209 2892 gog,
236 2815 369 2894 Mosoch,
393 2814 498 2888 Tubal,
523 2812 641 2889 Gomer,
663 2815 832 2891 Tbogarma
854 2822 921 2873 sunt
936 2821 1038 2889 gentes
1053 2813 1304 2889 septentrionales,
1327 2814 1494 2874 habitantes

142 2903 219 2962 ultra
241 2903 399 2962 Albaniam
423 2911 482 2961 tam
507 2902 723 2977 adorientem,
755 2920 842 2978 quam
866 2900 903 2961 ad
927 2899 1116 2961 occidentem.
1162 2901 1279 2961 insulae
1303 2919 1388 2975 roro,
1419 2918 1493 2978 quae

142 2990 200 3049 iilis
223 2992 334 3063 tribuit,
359 3007 434 3066 quae
456 2992 524 3062 sint,
548 2988 643 3049 dicero
666 3007 723 3049 non
748 2991 822 3050 benc
845 3006 972 3067 possum,
997 2989 1053 3047 nisi
1076 2989 1267 3048 autTaurica
1283 2987 1493 3061 Chersonesus,

143 3077 270 3153 undique
294 3078 389 3136 cincta
412 3079 483 3135 mari
507 3084 536 3135 et
558 3077 747 3153 amplissima,
771 3088 821 3136 aut
845 3085 907 3136 tota
929 3076 1047 3151 Europa
1069 3075 1165 3136 insula
1188 3076 1307 3136 dicatur.

246 3161 316 3224 Jam
329 3171 455 3241 quatuor
465 3164 606 3224 babemus
618 3164 694 3223 filios
706 3163 816 3242 Japeti,
834 3174 862 3224 et
877 3162 994 3240 quidem
1006 3162 1130 3223 Mosoch
1142 3163 1178 3223 ad
1192 3163 1422 3223 Moscoritorum
1438 3179 1494 3223 no·

143 3270 208 3311 men
224 3252 346 3324 accedit,
363 3251 471 3312 Gomer
485 3252 524 3310 ab
541 3254 676 3311 omnibus
692 3251 808 3312 Cimber
824 3255 1036 3328 interpretatur,
1060 3269 1115 3328 ego
1132 3253 1263 3328 suspicor
1277 3269 1312 3311 ex
1329 3253 1494 3327 transposi-

145 3343 224 3399 tione
237 3339 443 3399 elementorum
457 3338 547 3398 Gorm
562 3342 725 3400 nascituros
740 3340 827 3400 nobis
840 3338 1083 3410 Germ-mannos;
1101 3346 1153 3397 aut
1166 3347 1242 3399 certe
1259 3355 1318 3397 vox
1327 3337 1494 3414 'l'irogorms

144 3426 306 3487 Germanos
329 3430 449 3504 peperit.
497 3428 572 3486 Sunt
594 3434 691 3487 autem
715 3427 812 3487 adbuc
834 3426 891 3486 duo
916 3424 1049 3485 Gomeris
1073 3425 1143 3497 tilii,
1168 3425 1298 3484 Ascenas
1322 3435 1351 3484 et
1374 3425 1511 3503 Riphats

144 3515 253 3592 Riphat
276 3532 375 3575 omnes
389 3514 538 3592 Riphaeos
554 3517 703 3593 peperisse
718 3524 862 3587 asserunt,
887 3516 1017 3573 Ascenas
1033 3513 1098 3571 aliis
1114 3513 1275 3573 Tuiscones
1291 3520 1385 3584 sonat,
1409 3515 1494 3590 quasi

144 3604 317 3675 Diascenes,
354 3602 423 3660 mihi
446 3600 555 3679 Dcutldr
580 3602 695 3663 videtur
717 3601 793 3662 idem
817 3619 920 3661 sonare
951 3599 1029 3676 quod
1052 3599 1186 3676 Duitildr,
1214 3602 1255 3660 bb
1277 3599 1380 3660 Duilru
1404 3608 1434 3660 et
1454 3602 1495 3661 bit

144 3690 305 3766 Scallabis,
329 3690 405 3749 idem
428 3697 582 3765 astatque
605 3691 646 3749 bie
669 3688 795 3767 (belhen,
817 3691 858 3749 bie
880 3688 1050 3765 ductitium,
1073 3687 1221 3747 Teutones
1244 3696 1274 3747 st
1296 3687 1494 3747 'l'beusconcs

145 3778 185 3836 At
207 3780 244 3837 ab
270 3778 399 3837 Ascenas
431 3776 531 3836 videor
560 3780 718 3838 rectissime
741 3779 976 3853 antiquissimum
1000 3776 1115 3835 Dauiue
1137 3793 1242 3834 nomen
1267 3775 1494 3835 Scaudinaviam

144 3865 275 3925 derivare
299 3883 402 3943 posse,
430 3882 500 3924 sana
524 3882 664 3942 perquam
688 3865 896 3936 verisimiliter,
928 3866 998 3940 quia
1021 3863 1117 3922 Dauia
1141 3862 1269 3923 Cimbris
1297 3870 1341 3922 est
1364 3866 1494 3921 omnium

146 3953 338 4013 consessione.
383 3951 479 4011 Tubal
510 3968 578 4011 uero
601 3955 655 4010 etsi
679 3952 828 4029 Hispanos
851 3950 1026 4026 quibusdam
1049 3953 1207 4010 seminasse
1230 3957 1364 4029 putatur,
1396 3960 1494 4011 tamen

146 4042 301 4117 vestigium
333 4040 460 4099 nominis
490 4040 758 4098 manifestissimum
789 4038 925 4114 relinquit
956 4040 985 4096 iu
1015 4035 1226 4098 Germanorum
1257 4038 1321 4096 Deo
1349 4037 1495 4111 Tibeliuo,

144 4127 253 4199 uisset.
299 4129 337 4186 Et
359 4136 437 4200 nota,
462 4127 564 4186 eadem
587 4127 690 4204 lingua
712 4145 781 4187 usos
804 4126 968 4203 Hispanos,
992 4124 1108 4200 Gallos,
1133 4125 1303 4198 Germanos,
1328 4125 1494 4199 Britannos,

144 4217 286 4287 Saxones,
312 4216 422 4287 Danos,
447 4213 571 4288 Gothos,
595 4223 625 4274 et
646 4213 734 4275 bodie
757 4214 900 4290 quosdam
922 4213 1070 4273 Tartarea.

249 4303 299 4362 Sic
321 4301 467 4362 Ezechieli
491 4303 687 4379 suffragantur
708 4301 866 4361 allusiones
890 4318 994 4360 vocum
1018 4302 1046 4357 in
1071 4301 1213 4371 omuibus,
1240 4304 1443 4375 praeterquam
1466 4300 1495 4357 in

144 4391 265 4467 Magog,
289 4391 345 4449 nisi
367 4391 440 4449 sorte
465 4388 532 4465 Gog
555 4397 584 4449 et
606 4387 681 4467 Ung,
705 4398 834 4450 extrema
849 4387 978 4465 Scythia,
1003 4387 1079 4446 idem
1102 4390 1148 4460 sit,
1171 4396 1200 4446 ct
1222 4387 1332 4463 Magog
1355 4393 1384 4444 et
1406 4386 1496 4445 Mon·

144 4477 205 4555 gul.
245 4478 326 4553 Quos
349 4495 418 4537 vero
442 4495 501 4536 non
520 4479 652 4537 nominat
666 4478 811 4549 Ezechiel,
836 4478 855 4533 ii
871 4477 930 4535 iere
945 4477 1143 4535 controversia
1158 4483 1264 4535 carent.
1303 4473 1378 4532 Nam
1394 4472 1496 4534 Madai

146 4563 251 4626 Medos
268 4568 502 4642 interpretantur,
523 4564 797 4643 'thyras-Thracas,
810 4561 1029 4623 lovan-Jonas.
1068 4562 1212 4621 Credibile
1229 4569 1284 4641 est,
1305 4561 1381 4620 hunc
1395 4560 1495 4621 Javan

146 4671 211 4712 esse
235 4651 354 4724 Janum,
378 4652 484 4712 Italiae
507 4651 601 4725 deum,
626 4659 655 4712 ei
677 4654 705 4711 in
729 4651 845 4711 Italiam
868 4652 991 4728 primum
1014 4650 1173 4726 trajecisse,
1196 4666 1261 4709 cum
1284 4648 1409 4708 insulam
1432 4650 1497 4709 exi-

146 4744 286 4802 stimaret.
333 4738 407 4798 Nam
431 4741 494 4816 ejus
517 4742 679 4819 posteritati
704 4740 866 4800 tribuuntur
888 4737 1000 4798 insulae
1023 4739 1164 4814 gentium,
1188 4739 1229 4797 ita
1252 4748 1361 4812 tamen,
1386 4744 1417 4796 ui
1439 4735 1496 4797 du·

146 4830 231 4903 bites,
254 4844 292 4888 sn
315 4826 372 4887 h'oc
394 4826 430 4888 ds
451 4834 516 4889 tota
528 4827 631 4909 aspen
647 4830 817 4907 posteritate
831 4832 924 4900 sonet,
947 4824 1027 4903 quod
1042 4832 1140 4887 umen
1154 4826 1249 4889 minus
1266 4832 1313 4887 ost
1326 4822 1497 4888 verisimile.-
