3284 5520
140 334 206 405 590
603 336 645 389 lia
666 334 894 403 Ephemeridihns
912 335 1032 405 liepleri.

141 514 267 569 dissensu
280 510 314 565 de
325 524 354 565 re
367 508 478 563 coelesti
491 524 569 575 nora,
589 510 665 575 mira,
683 508 764 577 longe
776 508 886 565 dissitos
900 526 1098 578 praemoneam.
1118 528 1153 567 ea
1166 512 1383 581 premesidass
1392 520 1483 569 sustu-

141 610 200 647 rum
214 606 328 661 corpore
340 586 501 657 particulam
515 601 567 641 nou
581 588 806 641 contemnendam
819 587 965 657 decerpere
978 590 1103 659 hancque
1115 592 1190 661 typis
1204 592 1326 660 publicis
1338 592 1484 661 descriptas

140 669 211 739 Tibi,
231 678 260 724 ut
278 680 494 723 astronomorum
514 666 673 735 praecipuo,
699 666 736 719 ita
755 667 900 735 splendore
919 680 967 721 tuo
986 670 1078 737 polum
1097 670 1285 725 academicum
1305 672 1419 725 maxime
1434 671 1485 725 illu·

141 750 250 805 stranti.
275 763 380 801 sacram
404 744 506 807 iacere,
532 744 650 797 debitam
675 742 774 797 offerre
791 760 846 799 non
865 744 994 799 dubitari.
1030 748 1083 815 Qui
1101 750 1172 803 enim
1191 750 1300 818 primns
1317 750 1348 803 in
1365 749 1487 804 academia

141 828 205 881 mihi
223 836 287 881 ante
305 826 356 879 hoc
376 822 537 877 novennium
556 822 631 875 inisti
650 822 716 875 artis
734 820 831 875 doaor
847 824 990 891 primaque
1008 824 1095 893 primo
1112 842 1174 881 meo
1191 830 1394 895 astronomica,
1410 828 1487 882 Plani·

140 904 258 975 sphaerii
283 902 383 957 stellati
409 914 472 955 crate
495 902 707 969 ‹pariaquenninm
726 900 891 969 ⁴inpetitione
915 903 993 957 editi.
1018 902 1088 959 libro
1109 906 1289 963 fundamenta
1314 908 1488 977 suppeditant

140 984 186 1051 quii
211 982 293 1035 ctiam
318 982 421 1049 primus
439 976 503 1030 mihi
522 978 548 1031 in
568 980 683 1047 patriam
702 988 765 1032 aute
783 976 920 1033 biennium
940 981 1033 1037 reduci
1052 984 1150 1039 ductor
1167 986 1264 1039 iterum
1285 984 1323 1039 ad
1342 986 1376 1039 n.
1394 984 1489 1053 liepleri

141 1062 247 1129 blasae,
271 1060 386 1127 primam
406 1056 440 1111 de
458 1056 529 1109 felici
547 1069 574 1112 et
593 1058 714 1111 «ominoso
733 1061 759 1111 in
779 1058 881 1113 vicinas
899 1064 1005 1127 patriae
1023 1080 1085 1117 oras
1104 1062 1180 1118 aditu
1197 1066 1333 1119 nuncium
1351 1074 1426 1133 grato
1442 1062 1488 1117 lato

140 1148 203 1195 uate
226 1154 327 1193 annum
350 1136 521 1205 significasti:
548 1138 650 1205 ptumus
673 1140 755 1193 etiam
773 1142 868 1194 mento
886 1158 958 1195 nnnc
976 1160 1094 1213 appares
1113 1148 1156 1199 t'nt
1174 1146 1259 1201 alias.
1288 1163 1363 1215 qaae
1380 1144 1488 1215 phrasin

142 1228 261 1285 moreat,
280 1232 377 1271 causas
395 1216 550 1285 reticeam),
570 1220 611 1273 cni
631 1230 691 1287 pou
711 1219 876 1287 Ephemerin
895 1221 977 1287 hujus
996 1224 1059 1277 anni
1077 1240 1177 1291 meam,
1196 1226 1254 1277 tuis
1272 1224 1358 1277 mam
1377 1222 1488 1289 auspiciis

142 1300 187 1353 bie
207 1296 324 1363 editam,
349 1295 463 1365 primm
486 1296 569 1351 hocce
593 1312 681 1351 niteam
700 1314 876 1353 uon-meum
895 1302 1024 1367 scriptum
1044 1312 1071 1355 et
1089 1305 1213 1358 arctioris
1232 1320 1297 1358 curn
1316 1304 1377 1371 ipso
1396 1300 1487 1369 saepiu

141 1377 253 1434 laudato
272 1378 304 1433 l).
323 1376 440 1445 lieplero
460 1376 666 1431 necessitudinis
685 1386 776 1431 rotam
796 1375 904 1445 publice
923 1392 1065 1447 acceptum
1084 1382 1210 1436 reseram.

248 1458 289 1511 En
309 1456 399 1525 igitur,
418 1456 466 1509 l'ir
484 1453 706 1522 praeclarissime.
725 1470 780 1508 uon
796 1456 929 1522 ingratam
942 1458 1012 1523 erati
1025 1458 1160 1529 discipali,
1178 1459 1320 1529 publicam
1332 1459 1487 1527 gratissimi

143 1538 212 1607 grati
231 1535 346 1604 deniqne
365 1536 480 1605 hospitis
501 1531 649 1601 symbolam
668 1533 851 1587 chartaceum.
870 1548 923 1601 qna
943 1534 1087 1601 (siquidem
1106 1556 1217 1593 recusam
1235 1540 1334 1593 alism't
1352 1556 1406 1593 non
1422 1534 1487 1587 mode

141 1614 202 1669 'rint
224 1630 326 1679 meram,
353 1614 400 1667 sed
424 1616 587 1667 astronomis
605 1626 713 1679 quinque
731 1612 766 1665 D.
786 1611 896 1680 liepleri
915 1628 1012 1667 nomen
1031 1616 1136 1671 interim
1156 1618 1282 1673 exsolvo.
1310 1617 1422 1671 eandem
1438 1614 1487 1667 boni

142 1692 255 1748 consule
274 1692 393 1762 mihique
411 1702 438 1745 et
458 1692 554 1745 studiis
572 1690 648 1755 meis,
668 1690 741 1758 ‹puod
760 1688 868 1745 abunde
886 1691 963 1761 iacis,
982 1694 1073 1747 farere
1090 1712 1145 1749 netu
1164 1696 1275 1751 desiste.

247 1778 404 1835 Scribebam
424 1780 450 1833 in
471 1776 583 1831 aedibus
602 1777 668 1831 Tuis
687 1778 796 1847 Lipsiae
818 1780 893 1835 asta
928 1782 1135 1849 ⁶1',„.ilctohris.

560 1862 666 1919 Excell.
686 1864 717 1919 T.
738 1864 847 1921 Clariss.
865 1865 987 1923 officiose
1006 1868 1099 1923 colens

919 1954 948 2009 J.
968 1956 1140 2027 Bortrcbe'nr,
1159 1959 1203 2007 Pb.
1223 1958 1257 2009 hl.
1278 1966 1304 2007 et
1322 1958 1352 2009 C.
1371 1960 1399 2009 P.

250 2056 375 2103 l’raeiatio
395 2054 516 2101 liartschii
543 2052 572 2099 ad
598 2052 732 2099 editionem
756 2055 815 2099 anari
843 2056 910 2103 1630
934 2056 993 2103 lraec
1018 2066 1068 2103 est:
1097 2053 1201 2107 Fnutur
1223 2060 1251 2107 ei
1272 2053 1361 2107 amice
1384 2058 1485 2105 senten

145 2129 266 2185 colende.
305 2126 383 2197 Quod
403 2127 429 2181 iu
448 2128 552 2182 itineris
570 2126 622 2181 mei
640 2127 848 2191 argentinensis
867 2144 971 2197 nupero
991 2146 1104 2186 exorsu.
1123 2132 1232 2201 Lipsiae
1250 2133 1304 2185 snb
1323 2131 1388 2185 anni
1404 2128 1487 2199 prioris

142 2212 237 2269 tinem,
256 2220 330 2265 certo
350 2206 472 2261 authoris
491 2206 619 2273 consilio,
633 2206 755 2273 jucundo
775 2206 883 2260 lectoris
902 2224 967 2261 usu.
993 2210 1079 2276 primo
1097 2227 1227 2264 excusum
1247 2210 1429 2279 Keplerianae
1445 2205 1487 2261 dd·

141 2288 297 2343 monitionis
316 2287 460 2354 scriptum,
480 2286 580 2341 ncnrniui
600 2292 648 2337 tut»
667 2284 876 2337 honoratissimo
895 2286 1066 2356 inscriptam,
1085 2288 1113 2341 in
1130 2288 1243 2342 aedibus
1261 2288 1319 2341 tuis
1338 2285 1424 2341 obtuli
1440 2298 1486 2352 grs-

142 2368 283 2425 tiasimum,
301 2362 372 2418 idem
391 2380 462 2418 ruratio
481 2364 507 2416 in
527 2361 648 2427 ejusdem
667 2362 755 2417 t'elicia
773 2371 867 2431 optato
886 2364 1010 2419 detrusa.
1031 2366 1204 2421 Francoinrti
1223 2368 1286 2421 dnm
1303 2364 1391 2419 redux
1404 2362 1487 2417 morari

140 2462 238 2513 cogor.
257 2446 309 2499 sub
326 2446 389 2498 annii
409 2444 491 2509 bajus
509 2442 629 2509 initium,
647 2442 767 2495 auctoris
786 2457 933 2497 consensu.
957 2460 1027 2496 ricta-a
1044 2444 1209 2514 bibliopolae
1229 2446 1348 2509 ratione,
1368 2458 1486 2503 recasura,

141 2531 229 2585 drerrno
248 2527 348 2581 nomini
367 2535 415 2581 tuo
434 2523 581 2580 clatrisaimo
600 2522 772 2589 inscriptam,
800 2520 863 2575 boni
889 2522 984 2577 ominis
1002 2539 1067 2593 ergo
1087 2524 1206 2592 lipsiam
1225 2522 1312 2577 musis
1330 2522 1386 2576 tais
1405 2520 1485 2591 grstia·

141 2608 216 2661 simis
234 2605 406 2673 praemittere
425 2620 479 2657 non
497 2601 601 2657 dubito.
639 2600 733 2654 (tarasia
755 2601 783 2655 in
807 2600 940 2669 superiori
958 2617 1030 2656 uiuae
1048 2601 1083 2657 ob
1102 2602 1129 2655 id
1147 2602 1264 2671 repetita
1280 2597 1486 2671 praefaciuncula

142 2684 238 2752 positis
262 2681 332 2737 addo
356 2682 426 2735 lianc
451 2696 560 2747 nusum,
587 2677 660 2747 quod
679 2687 741 2745 post
759 2680 944 2733 continuatum
961 2680 1018 2747 J'am
1037 2681 1159 2735 arctioris
1178 2697 1239 2735 cum
1259 2680 1371 2749 saepius
1388 2677 1483 2733 laudato

141 2764 193 2817 Du.
213 2760 360 2830 lieplero
379 2757 587 2813 necessitudinis
605 2757 740 2812 vincutum
759 2766 787 2813 et
804 2757 900 2812 medici
913 2758 1024 2813 honoris
1038 2759 1258 2827 additamentum,
1276 2758 1350 2813 idem
1369 2756 1425 2812 sire
1442 2755 1482 2825 pri

142 2855 215 2893 mum
243 2839 299 2893 sice
326 2837 440 2891 alterum
464 2851 552 2890 meum
578 2852 753 2890 noo-menm
782 2837 910 2904 scriptum
929 2836 990 2891 Tibi
1017 2838 1114 2893 iterum
1137 2846 1278 2906 acceptura
1304 2836 1401 2891 refero.
1435 2835 1482 2889 Hoc

140 2918 247 2973 interim
266 2918 328 2971 boni
347 2914 473 2973 ccrnsulo.
493 2929 579 2982 usque
597 2914 661 2969 dnm
679 2914 875 2983 premerides
894 2926 1002 2971 nostras
1020 2918 1047 2971 in
1067 2916 1164 2972 Silesia
1177 2915 1235 2983 jam
1253 2916 1333 2985 prelo
1351 2914 1480 2981 subjectas,

139 2994 212 3049 brevi
231 2998 271 3055 (ut
284 2995 351 3049 alias
363 2994 445 3059 notati)
464 2994 618 3062 prodituros
636 2992 756 3059 offeram,
776 3000 804 3045 et
821 2994 962 3048 Bartschio
982 3004 1028 3049 tuo
1046 2994 1137 3049 iacere
1158 3012 1212 3048 uon
1234 2993 1345 3049 desiste.
1377 2994 1479 3047 Franco

139 3075 203 3128 furti
229 3092 261 3129 cx
288 3072 414 3125 nirndinis
440 3090 513 3126 cern.
534 3088 604 3125 anno
626 3074 703 3126 ltjitt).
728 3071 778 3125 sub
802 3072 890 3139 ipsum
911 3074 981 3127 Solis
1006 3082 1034 3126 et
1052 3074 1180 3129 Mercurii
1204 3086 1382 3140 ccmgressum
1400 3073 1478 3127 Lunae

140 3152 301 3219 oppositum,
317 3150 397 3215 juxta
416 3150 549 3203 calculum
567 3166 665 3203 nervum
684 3150 1070 3221 Tychonico-lieplerianum.

534 3230 551 3251 '¹
565 3245 667 3301 llacell.
687 3246 718 3298 ⁷1¹.
739 3246 848 3301 Clarias.
866 3256 982 3302 aetatem
1002 3247 1093 3303 colens

1177 3318 1240 3375 dac.
1260 3320 1390 3377 Bartsch.
1407 3320 1439 3374 Ι).

688 3432 946 3443 ——0—

414 3567 1211 3651 nuunoarnnnnvoao

216 3826 232 3852 a
618 3806 704 3862 JAO.
737 3696 945 3863 ΞΔΙΞΤΞΟΗ
978 3808 1015 3863 D.

675 3888 950 3941 Philomntbematious.

243 3996 335 4052 liabeo
353 3996 406 4063 hic,
426 4004 559 4051 astrorum
579 4008 726 4067 spectator,
746 3998 882 4053 coelorum
899 4006 1017 4054 metator
1034 4000 1169 4064 studiose,
1189 3999 1281 4054 utilem
1300 4005 1329 4055 et
1344 4000 1485 4069 jucundata

138 4076 176 4129 cl.
198 4076 250 4132 Du.
271 4075 434 4144 liopleri‚
454 4075 540 4128 soceri
559 4078 714 4145 venerandi,
733 4077 952 4131 Admonitionem
971 4077 1005 4131 de
1026 4094 1088 4133 raro
1100 4080 1214 4132 Veneria
1228 4088 1256 4133 et
1268 4080 1399 4135 Mercurii
1412 4084 1486 4151 phae

138 4171 262 4221 crumena),
281 4172 381 4210 annam
398 4156 472 4210 tuat.
492 4155 656 4223 conjunctim
675 4156 835 4211 nobilitante
855 4165 982 4224 tuamque.
1000 4158 1160 4211 iudustriam
1173 4157 1318 4226 excitante,
1338 4174 1421 4225 quam
1433 4176 1488 4214 con·

138 4250 220 4289 sensu
239 4234 340 4302 ipsius,
365 4234 392 4287 in
411 4232 507 4288 itinere
525 4250 597 4288 nuuc
616 4250 674 4288 meo
693 4235 782 4288 denuo
801 4250 943 4301 excusam,
968 4236 1178 4305 llphemeridnm
1198 4246 1353 4290 nostrarum
1372 4238 1489 4293 vicenna-

137 4313 203 4369 lium
227 4314 363 4383 prodromi
386 4315 447 4369 looo
467 4324 556 4369 tecum
574 4315 676 4383 publici
695 4315 869 4370 astronomici
888 4316 952 4370 boui
970 4332 1053 4371 causa
1070 4318 1165 4370 iterum
1184 4316 1363 4370 communico.
1400 4317 1489 4371 Eidem

138 4394 172 4448 ad
191 4394 319 4461 maiorem
339 4393 436 4450 calculi
455 4396 541 4448 nostri
560 4394 639 4450 tidem
658 4394 861 4465 explorandam,
881 4412 935 4450 non
954 4404 1058 4450 mutam
1078 4412 1112 4449 er
1124 4394 1306 4464 premeride
1326 4410 1377 4448 sna
1395 4395 1489 4450 duduu

138 4472 276 4539 absoluta,
302 4473 425 4527 binorum
450 4473 618 4542 planetarum
641 4484 730 4528 motus
749 4472 783 4527 ad
803 4473 907 4542 aliquot
925 4474 982 4528 dics
1002 4474 1116 4540 ricinos,
1142 4474 1189 4528 sed
1208 4481 1236 4527 et
1252 4473 1342 4541 ipsum
1362 4473 1490 4528 caleulum

138 4568 172 4605 ex
186 4552 299 4607 Tabulis
312 4552 494 4621 Rndolpbinis
506 4553 883 4623 Tycbouico-Kepleriaunm,
903 4570 984 4622 quem
1002 4554 1037 4608 ad
1055 4552 1172 4606 medium
1185 4552 1386 4620 conjunctionis
1398 4553 1489 4606 utrius·

139 4646 192 4697 clue
210 4640 317 4699 tempus
335 4631 561 4701 ttoninurgieom
586 4640 792 4702 praeceptorum
816 4632 907 4700 vigore
935 4632 1074 4700 inquisivi,
1099 4632 1272 4698 praemittere
1291 4629 1381 4696 colui,
1406 4630 1488 4686 debui.

139 4712 198 4775 Quo
216 4710 323 4763 interim
342 4709 421 4778 primi
439 4709 650 4778 Ephemeridum
669 4720 823 4766 nostrarum
845 4712 918 4779 tomi,
937 4725 952 4764 e
971 4710 1068 4763 Silesia
1086 4715 1278 4777 nostraquam
1296 4709 1413 4777 primum
1432 4724 1488 4779 pro·

139 4785 230 4857 ditari,
247 4787 361 4857 pignore
379 4788 526 4845 benevolus
543 4796 629 4857 utere,
647 4788 737 4845 fruere
753 4789 908 4857 nostrisque
926 4789 1069 4844 conatibus
1086 4787 1147 4843 fare
1164 4801 1197 4843 ac
1215 4786 1285 4844 vale.
