3284 5520
233 312 299 385 172
734 310 870 382 Tyehonis
888 310 1099 381 Hyperaspistes

231 509 296 552 rare
318 493 443 568 penitus.
482 491 685 567 Anticipemns
707 508 778 551 sane
801 491 877 551 hane
899 491 1084 563 mentionem,
1107 491 1243 565 quamvis
1258 487 1297 549 ad
1313 487 1473 547 doctrinam
1489 484 1593 563 paral·

231 579 342 639 laxium
370 580 530 655 pertineat,
560 581 630 654 quia
660 581 702 638 sie
723 579 821 656 placet
842 578 1057 651 Claramontio,
1089 579 1159 652 quia
1181 579 1283 637 miscet
1305 575 1474 653 parallaxes
1496 576 1592 633 ratio-

234 667 430 726 cinationibus
452 666 488 727 de
512 665 620 726 circulo
644 668 780 726 niaximo.
818 666 951 726 Remittit
973 667 1050 726 euim
1073 664 1338 736 nosadiol.105,
1361 664 1412 723 ubi
1429 660 1590 736 contendit,

234 756 405 831 quantisper
418 772 519 814 sumus
533 755 644 828 incerti,
668 771 738 813 num
753 754 976 830 phaenomenon
992 752 1113 828 aliquod
1128 754 1257 830 patiatur
1272 748 1447 827 parallaxin,
1471 748 1592 809 ademta

231 845 316 902 nobis
339 859 403 901 esse
427 842 570 919 principia
593 842 777 919 parallaxeos
800 840 986 919 indagandae
1005 848 1157 917 totamque
1171 837 1341 898 methodum
1356 841 1496 897 incertam
1512 854 1589 898 esse.

342 928 390 987 15.
421 928 487 987 Non
510 930 607 1005 potuit
629 928 746 1008 clarius,
768 947 826 990 non
849 927 1068 1005 significantiori
1092 927 1239 987 locutione
1262 933 1355 985 totam
1379 925 1589 985 astronomiam

232 1033 248 1076 e
270 1014 466 1075 fundamentis
489 1016 669 1076 subvertere.
708 1016 785 1092 Quid
810 1019 897 1093 igitur
919 1017 1025 1075 frustra
1046 1015 1193 1074 laboravit
1207 1021 1310 1073 auctor
1326 1021 1387 1072 teto
1402 1011 1479 1072 libro
1494 1014 1589 1089 primo

232 1106 261 1161 in
285 1101 458 1179 explicando
475 1103 662 1180 parallaxeon
680 1106 805 1181 ingenio,
830 1103 977 1181 quomodo
993 1103 1104 1162 seilicet
1121 1109 1189 1162 ante
1204 1102 1322 1178 cognita
1338 1117 1438 1160 earum
1455 1107 1485 1159 et
1500 1101 1590 1159 certi·

234 1190 334 1249 tudine
358 1197 388 1249 et
410 1193 572 1266 quantitate
594 1193 676 1267 ipsae
699 1209 784 1269 porro
807 1195 865 1251 sint
888 1190 1073 1263 tractandae,
1103 1192 1128 1248 si
1152 1205 1302 1265 nunquam
1323 1186 1386 1246 fleri
1409 1195 1508 1264 potest
1532 1188 1589 1244 ini-

232 1281 305 1336 tium
326 1278 415 1353 hujus
437 1280 705 1353 antecognitionis‘l
733 1278 834 1355 Quid?
863 1287 932 1339 tune
956 1295 1056 1338 censes
1079 1279 1178 1353 primis
1194 1276 1368 1337 astronomis
1384 1292 1435 1351 per
1450 1273 1588 1351 angelum

233 1365 357 1424 fortasse
386 1365 477 1426 fuisse
506 1365 685 1440 revelatum,
717 1384 754 1426 an
778 1366 862 1426 Luna
890 1366 987 1427 locum
1010 1371 1153 1443 permutet
1176 1365 1206 1422 in
1229 1365 1344 1423 risione
1366 1369 1395 1422 et
1418 1360 1588 1438 qnantum?

232 1453 295 1512 Aut
318 1460 378 1511 erat
401 1454 471 1530 ipsis
494 1453 567 1513 forte
590 1462 661 1512 nota
685 1456 734 1512 via
757 1455 816 1513 alia
840 1452 1007 1513 dimetiendi
1031 1451 1217 1512 intervallum
1240 1453 1314 1511 inter
1330 1449 1444 1509 Lunam
1468 1455 1498 1509 et
1513 1448 1588 1508 Ter·

231 1558 302 1614 ram,
327 1549 358 1598 ut
381 1557 467 1599 exeo
483 1540 549 1600 dein
564 1539 600 1601 ds
617 1540 810 1618 parallaxium
826 1544 989 1618 quantitate
1001 1539 1145 1616 judicium
1159 1540 1226 1599 ierri
1243 1537 1364 1615 posset?
1386 1537 1454 1597 Non
1466 1536 1588 1612 jubetur

232 1636 432 1700 astronomus,
456 1627 649 1705 parallaxinm
673 1627 835 1687 doctrinam
858 1644 1065 1705 aggressurus,
1095 1643 1154 1686 non
1174 1627 1311 1702 jubetur,
1341 1627 1476 1701 inquam,
1499 1640 1588 1700 prae·

231 1731 395 1792 supponere
417 1714 580 1791 parallaxin
603 1715 705 1773 Lunae
728 1717 819 1776 veluti
842 1734 861 1774 a
883 1717 1023 1792 magistro
1047 1714 1193 1787 traditam,
1216 1712 1269 1772 sed
1292 1712 1447 1773 adducitur
1469 1710 1507 1770 ad
1531 1710 1588 1769 ob·

231 1803 412 1861 servationea
436 1818 530 1877 exque
554 1802 808 1881 observationibus
831 1803 879 1862 vel
902 1801 1093 1879 longitudinis
1113 1802 1161 1862 vel
1180 1800 1344 1861 latitudinis
1360 1800 1492 1876 (gemina
1509 1799 1588 1858 enim

231 1896 276 1949 est
292 1884 367 1969 via),
390 1891 414 1947 si
437 1888 493 1948 hae
516 1906 582 1948 cum
605 1906 641 1948 eo
665 1898 874 1966 comparentur,
898 1890 976 1966 quod
991 1889 1115 1966 aequale
1134 1889 1273 1965 horisque
1287 1888 1447 1965 rutenensis
1461 1902 1588 1962 respon·

233 1976 304 2035 dens
332 1984 390 2047 est,
421 1975 541 2035 docetur
569 1976 761 2051 quantitatem
785 1980 1007 2054 permutationis
1032 1978 1118 2054 huJus
1141 1978 1330 2049 constituere,
1361 1993 1397 2034 ex
1419 1975 1587 2051 quantitate

228 2062 413 2141 parallaxeos
429 2062 615 2123 intervallum
631 2072 793 2124 centrorum
808 2065 909 2125 Lunae
924 2072 953 2125 ot
968 2065 1075 2125 'l'errae
1091 2063 1239 2140 indagare.
1273 2062 1331 2122 Sed
1346 2061 1413 2139 plus
1428 2063 1586 2122 verborum

229 2166 287 2209 non
311 2158 355 2210 est
377 2148 541 2209 iaciendum
564 2153 594 2207 in
616 2168 646 2211 re
670 2151 838 2225 clarissima,
862 2154 918 2212 nisi
941 2151 1029 2211 velim
1052 2153 1090 2212 ab
1113 2151 1257 2211 universis
1273 2152 1447 2210 astronomis
1463 2148 1585 2208 irrideri.

335 2238 383 2296 16.
421 2237 469 2296 Ad
499 2240 642 2297 rationem
673 2241 824 2299 veniamus
852 2240 1061 2316 propositionis
1084 2239 1304 2299 incertissimae.
1350 2237 1424 2297 Cum
1447 2237 1525 2297 enim
1549 2235 1586 2296 ds

230 2323 383 2401 parallaxi,
408 2326 511 2401 iuquit,
535 2343 635 2385 sumus
658 2328 768 2401 incerti,
793 2345 893 2387 surnrrs
917 2329 1006 2387 etiam
1029 2329 1130 2386 incerti
1153 2324 1189 2385 de
1212 2324 1313 2384 circuli
1328 2342 1445 2402 genere,
1468 2341 1540 2384 num
1555 2325 1586 2383 in

228 2414 355 2471 maximo
378 2429 416 2472 au
439 2415 469 2471 in
492 2415 594 2472 minori
618 2414 734 2474 leratur.
780 2414 858 2490 Quid
881 2415 972 2475 iacias
995 2414 1105 2474 homini
1127 2414 1333 2491 peripatetico,
1358 2429 1445 2489 quem
1468 2420 1585 2490 pertur-

228 2499 280 2558 bat
309 2500 458 2560 doetrinae
487 2500 711 2562 mathematicae
741 2519 834 2579 genus
864 2503 1026 2574 insuetum,
1060 2509 1093 2560 ut
1123 2502 1222 2560 omnia
1250 2517 1403 2578 perperam
1433 2500 1490 2559 hoe
1518 2498 1586 2560 loco

227 2586 437 2663 aggrediatur?
450 2583 476 2665 ⁵)

335 2677 383 2735 li.
413 2674 492 2733 Audi
515 2693 562 2736 me
584 2679 787 2755 peripatetice:
811 2683 966 2754 propterea
988 2674 1175 2750 attendimus,
1198 2690 1267 2732 num
1284 2674 1314 2731 in
1329 2666 1457 2733 maximo
1473 2673 1586 2734 circulo

228 2768 342 2822 cometa
364 2762 489 2836 incedet,
514 2771 546 2822 ut
568 2763 603 2824 de
626 2765 771 2841 parallaxi
794 2773 921 2824 statuere
943 2765 1104 2840 possimus,
1129 2764 1196 2822 ideo
1219 2761 1381 2839 parallaxin
1404 2763 1585 2836 quaerimus,

228 2856 261 2907 ut
289 2866 325 2908 ex
356 2867 392 2908 ea
422 2849 569 2910 discamus
600 2859 628 2910 et
656 2851 753 2912 locum
782 2854 811 2910 in
835 2850 935 2910 mnndi
958 2850 1109 2911 diametro.
1156 2847 1265 2909 Circnli
1288 2866 1381 2925 genus
1405 2851 1434 2906 in
1457 2849 1515 2909 hac
1537 2852 1586 2907 in·

227 2934 333 3012 dagine
355 2937 517 3013 praecedit,
540 2955 597 2996 non
621 2941 766 3014 sequitur:
792 2956 850 3014 quo
874 2940 993 3017 propius
1017 2938 1157 2999 circulum
1179 2939 1338 2996 maximum
1360 2944 1504 3011 manetur,
1528 2936 1587 2997 hoe

226 3026 323 3084 minus
352 3032 466 3083 cometa
494 3024 591 3085 locum
614 3035 779 3101 permutare
802 3044 853 3102 per
876 3025 1008 3086 diversos
1030 3027 1060 3083 in
1083 3028 1176 3102 primo
1200 3033 1280 3084 motu
1303 3026 1377 3084 situs
1400 3022 1585 3100 intelligitur.

334 3111 381 3168 18.
420 3110 478 3170 Sed
502 3112 582 3187 quod
604 3115 750 3189 propriam
765 3113 853 3188 hujus
869 3113 926 3173 loci
943 3116 1170 3173 controversiam
1186 3113 1301 3186 attinet,
1324 3110 1477 3171 confundis
1493 3113 1586 3170 etiam

227 3205 256 3256 te
279 3199 356 3257 eirca
377 3196 499 3257 circulos
522 3201 606 3275 prirni
629 3206 726 3260 motus
749 3208 778 3259 et
800 3201 993 3260 secundorum
1017 3218 1068 3260 sen
1092 3202 1284 3277 propriorum.
1332 3199 1439 3258 Verum
1462 3205 1521 3273 est,
1553 3201 1585 3258 ln

228 3291 308 3343 motu
332 3282 434 3344 diumo
457 3285 547 3359 sidus,
572 3287 651 3362 quod
674 3288 837 3364 parallaxin
860 3289 939 3360 iacit,
962 3305 997 3347 ea
1021 3287 1103 3349 velut
1126 3289 1193 3365 ejici
1216 3288 1252 3347 de
1275 3286 1382 3347 circulo
1405 3303 1459 3345 sno
1482 3285 1586 3362 paral·

225 3371 284 3432 lelo
308 3373 336 3429 in
360 3372 499 3431 circulum
522 3374 741 3449 australiorem3
765 3377 816 3450 qni
839 3376 862 3433 si
887 3392 975 3433 verus
998 3375 1122 3434 circulus
1145 3384 1173 3434 et
1196 3375 1277 3435 velut
1300 3391 1335 3432 ex
1359 3381 1458 3433 centro
1481 3372 1584 3432 mundi

228 3462 375 3535 inspectus
398 3462 472 3518 inter
496 3464 639 3520 maximos
663 3470 733 3535 erat,
757 3465 900 3520 minorum
924 3480 999 3522 unus
1022 3465 1140 3521 omnino
1163 3463 1195 3521 fit
1215 3478 1344 3536 veroque
1362 3461 1408 3519 vel
1424 3460 1587 3537 parallelus

229 3546 442 3624 (habitantibus
465 3549 520 3607 sub
542 3548 624 3625 polo)
654 3549 700 3608 vel
723 3548 865 3624 parallelo
887 3552 1036 3626 proximus
1058 3548 1098 3629 (in
1121 3549 1248 3626 sphaera
1271 3548 1440 3621 inclinante)
1465 3555 1494 3607 et
1517 3548 1585 3624 hoe,

227 3636 398 3711 quantisper
421 3634 502 3694 sidus
525 3637 554 3692 in
578 3637 753 3695 altissimum
776 3637 850 3696 coeli
873 3637 969 3697 locum
993 3640 1115 3710 enisum,
1139 3653 1196 3695 uon
1213 3638 1287 3696 inter
1302 3634 1399 3696 eenith
1421 3643 1451 3696 et
1470 3634 1586 3712 polum,

226 3722 346 3794 transit3
375 3720 431 3781 hoc
454 3725 530 3781 enim
553 3725 578 3780 si
600 3723 665 3797 fiat,
695 3724 755 3798 jam
779 3725 903 3783 visibilis
927 3724 1051 3784 circulus
1075 3722 1194 3783 diurnus
1220 3732 1300 3784 secat
1323 3741 1423 3782 verum
1448 3720 1586 3781 diurnum

225 3807 297 3868 locis
327 3807 452 3867 duobus.
499 3808 565 3868 Hoc
592 3812 712 3886 inquam
735 3829 835 3871 verum
858 3819 903 3871 est
925 3812 960 3871 de
984 3811 1092 3871 circulo
1115 3813 1241 3884 minore,
1273 3819 1304 3870 at
1324 3809 1397 3868 nihil
1421 3808 1459 3869 ad
1481 3809 1588 3869 rhom-

224 3897 308 3969 bum,
338 3895 410 3953 nihil
434 3894 471 3954 ad
495 3895 577 3955 illum
601 3898 741 3958 circulum
764 3902 921 3958 maximum
945 3916 1046 3959 cursus
1069 3906 1216 3972 cornetae,
1248 3900 1298 3974 qui
1322 3917 1341 3957 a
1362 3897 1428 3956 fixis
1450 3899 1587 3974 signatur

227 3986 256 4041 in
278 3984 406 4043 motibus
429 3983 571 4059 cujusque
593 3986 732 4062 planetae
754 3995 787 4045 ut
809 3995 942 4048 cometae
964 3987 1104 4062 propriis,
1133 3985 1206 4045 nihil
1228 3985 1276 4044 hic
1298 3987 1417 4061 inquam
1440 3991 1485 4043 est
1509 4001 1587 4062 opus

225 4072 434 4148 imaginatione
458 4070 556 4129 circuli
580 4073 762 4148 parallaetici
785 4074 885 4133 totalis
908 4076 937 4131 in
961 4080 1042 4132 motu
1066 4075 1160 4150 primo
1184 4071 1395 4134 considerandi.

332 4160 381 4218 19.
416 4156 506 4217 Haud
537 4159 626 4235 paulo
657 4163 790 4220 vitiosior
819 4168 864 4221 est
886 4160 1000 4236 reliqua
1022 4163 1222 4232 ratiocinatio,
1254 4159 1322 4219 dum
1345 4161 1387 4218 ait
1409 4158 1527 4237 Scipio,
1559 4163 1586 4219 si

224 4247 389 4305 nesciamus
412 4247 442 4302 in
464 4248 630 4307 maximone
654 4249 762 4308 circulo
784 4248 893 4308 seratur
916 4253 1030 4308 cometa
1053 4265 1090 4306 an
1113 4251 1142 4306 in
1166 4249 1284 4320 minori,
1315 4263 1373 4306 non
1398 4247 1486 4307 etiam
1510 4263 1587 4307 con·

224 4340 301 4394 stare
323 4333 422 4405 nobis,
455 4350 523 4391 num
547 4352 648 4406 arene,
679 4353 767 4410 quem
790 4336 910 4396 exhibet
932 4335 1079 4409 calculus,
1107 4338 1145 4394 sit
1168 4343 1264 4395 motus
1287 4336 1453 4411 ipsiusmet,
1484 4350 1523 4391 an
1547 4351 1586 4395 ec

224 4437 294 4480 areu
317 4423 419 4479 minor.
456 4420 574 4480 Nihilne
596 4421 684 4484 hodie
708 4422 810 4483 clare‘?
834 4422 913 4497 Quid
928 4432 973 4482 est
988 4422 1070 4497 illud,
1094 4439 1179 4481 aroris
1195 4438 1281 4498 quem
1296 4421 1415 4482 exhibet
1428 4419 1586 4481 calculus?

226 4525 277 4566 eur
297 4525 355 4566 non
379 4509 545 4566 nominatur
567 4526 665 4579 arcus,
699 4527 785 4585 quem
813 4511 952 4571 exhibent
980 4509 1056 4570 duae
1079 4510 1317 4583 ohservationes,
1348 4507 1385 4567 ad
1408 4507 1587 4584 principium

226 4611 310 4653 arcus
339 4594 445 4667 altera,
476 4594 590 4670 reliqua
617 4597 655 4656 ad
682 4596 789 4656 finem?
823 4598 898 4658 Nam
922 4599 1160 4659 observationum
1183 4597 1350 4657 testimonia
1373 4594 1485 4654 calculo
1508 4612 1587 4672 geo-

225 4683 345 4741 metrico
376 4684 552 4756 examinari,
583 4682 613 4741 id
644 4700 713 4744 vero
739 4691 893 4761 pernotum
917 4694 979 4758 est,
1011 4702 1065 4745 nee
1088 4692 1120 4743 ut
1142 4684 1199 4744 hoc
1220 4684 1286 4746 loco
1311 4682 1471 4744 inculcetur
1492 4682 1587 4747 lector

226 4777 393 4847 exspectat,
417 4769 492 4831 alios
514 4786 618 4831 sensus
641 4780 771 4848 captans.
