3284 5520
603 348 662 404 bii.
682 350 703 405 1.
728 350 839 407 Cometa
856 352 920 408 suni
940 353 1017 409 1607.

728 535 902 609 Assumta.

243 685 269 747 Ι.
306 685 427 747 Terram
450 685 584 762 trajicere
606 704 658 764 per
681 687 778 765 spatia
799 687 901 749 muudi
923 705 958 749 eo
974 695 1056 750 motu
1072 704 1170 750 annuo
1186 691 1262 750 circa
1276 687 1385 762 Solem,
1410 705 1496 766 quem

147 771 326 834 Aristarchus
349 780 379 833 et
401 773 580 851 (iopernicus
603 776 629 834 ei
652 776 825 839 tribuerunt.

242 887 283 945 11.
323 886 474 948 Comatam
497 905 556 949 non
577 904 664 948 secus
687 905 722 949 ac
744 889 945 967 trajectionem
968 889 1099 967 aliquam
1121 889 1186 949 ierri
1210 906 1261 967 per
1283 891 1381 966 spatia
1396 887 1497 948 muudi

149 975 171 1031 in
190 972 268 1034 linea
289 983 370 1035 recta
393 977 423 1032 in
445 975 586 1035 directum
610 977 757 1038 continue

242 1086 298 1146 IIl.
337 1087 554 1164 Trajectionem
584 1096 720 1150 cometae
750 1090 833 1151 initio
865 1090 1016 1166 aequabili
1047 1090 1196 1150 celeritate
1226 1088 1397 1166 procedere,
1430 1088 1498 1147 inde

153 1173 283 1249 paulatim
315 1177 476 1236 increscere
504 1174 608 1236 diurna
637 1180 741 1238 itinera
767 1176 954 1252 trajicientis,
983 1177 1049 1254 legs
1078 1183 1250 1254 tangentum
1278 1193 1362 1236 arcus
1385 1176 1496 1244 circuli,

155 1260 316 1337 aequalibus
338 1263 473 1338 partibus
496 1267 697 1340 accrescentis,
721 1273 773 1323 aut
795 1264 883 1324 simili
906 1265 1016 1341 aliqua,
1040 1265 1097 1324 boc
1119 1273 1164 1324 est
1187 1263 1329 1323 ordinata

245 1373 280 1431 ln
305 1372 419 1451 Opticis
448 1376 538 1451 paulo
568 1376 635 1452 plus
665 1375 773 1435 indulsi
796 1376 1016 1452 irregularitati,
1048 1376 1161 1436 diffisus
1184 1375 1423 1483 demonstrationi
1446 1394 1498 1453 per

157 1477 250 1522 nerem
274 1470 393 1537 rectam,
417 1464 575 1539 quaejam
598 1463 731 1540 procedit
751 1462 883 1524 feliciter.
1588 1462 1591 1468 ’

176 1670 396 1771 lisoiensis,
432 1671 674 1777 investigandae
700 1672 802 1754 lineae
829 1672 1026 1774 trajectoriae
1054 1675 1245 1754 cometarum
1273 1672 1468 1783 necessaria.

697 1857 887 1929 Theorema
914 1856 936 1927 l.

249 1987 329 2048 Cum
351 1988 479 2066 aliquod
500 2008 610 2066 corpus
630 1990 686 2050 rub
706 1991 776 2067 Jicie
797 1990 918 2050 videtur
941 1993 1097 2050 cmeeietem
1119 1989 1270 2049 immobile
1290 2006 1345 2064 per
1368 1988 1496 2064 aliquod

160 2081 266 2150 tempus,
285 2077 636 2154 potissimumum
658 2095 813 2153 appareas
835 2081 869 2136 ιιι
891 2077 990 2136 medio
1011 2080 1140 2153 suscepti
1160 2078 1303 2151 temporie
1324 2076 1379 2134 sub
1404 2077 1497 2150 eclip-

161 2163 220 2221 icae
240 2181 275 2224 eo
296 2163 408 2239 prada,
432 2168 487 2240 qui
508 2165 682 2241 ᾳιιιιιιιαιιιι
705 2165 786 2224 abest
806 2183 827 2222 u
844 2165 921 2239 Sole,
945 2167 1082 2224 viciam
1105 2172 1209 2223 tumen
1231 2163 1366 2239 sphaeris
1385 2164 1498 2238 plane·
1549 2220 1552 2225 .

160 2255 264 2325 mmm,
296 2250 331 2308 id
357 2268 471 2310 necesse
493 2261 534 2311 set
557 2254 696 2325 trajicere
717 2271 773 2328 per
795 2252 905 2311 mundi
926 2254 1042 2326 spatia,
1071 2269 1225 2328 appareres
1248 2268 1320 2309 vcro
1342 2251 1398 2309 sab
1420 2250 1498 2308 dicto
1544 2258 1549 2319 j

160 2337 292 2412 eclipticus
314 2338 417 2412 produ
440 2339 487 2398 cel
508 2342 623 2412 trajicit
645 2343 679 2398 ιιι
700 2341 783 2398 linea
802 2347 919 2398 secante
941 2340 1091 2398 circulum
1112 2343 1146 2396 in
1160 2346 1289 2413 utroque
1305 2339 1366 2395 eittr
1385 2336 1498 2395 Terrae

159 2428 207 2482 ιιιι
226 2426 343 2484 initiali
365 2443 460 2501 quum
481 2427 574 2503 finali·
592 2429 737 2502 temporie
758 2430 894 2501 suscepti,
919 2428 966 2486 vel
987 2445 1019 2485 re
1043 2443 1115 2485 uera
1138 2428 1270 2501 quiescit.

244 2537 278 2595 ln
302 2535 452 2598 schemate
475 2555 582 2616 magno
599 2534 642 2618 (3)
665 2541 703 2597 sit
720 2539 745 2596 A
762 2538 861 2612 Terra,
885 2537 917 2596 X
933 2537 993 2612 Sol,
1018 2555 1122 2615 corpus
1149 2537 1181 2611 C,
1205 2536 1283 2595 linea
1307 2537 1429 2594 visionis
1445 2535 1497 2595 AC

156 2622 319 2701 intelligatur
341 2642 407 2685 esse
432 2628 603 2686 continuata
626 2643 719 2702 usqua
742 2626 781 2684 sd
804 2625 891 2686 lixas:
916 2633 946 2684 et
960 2627 1010 2684 ubi
1026 2625 1100 2685 baec
1115 2625 1193 2685 linea
1209 2626 1328 2683 incurrit
1345 2625 1372 2680 in
1388 2622 1498 2699 sphac-

154 2725 204 2769 ram
224 2711 364 2790 fixarum,
394 2715 423 2771 in
452 2713 529 2773 idern
558 2716 686 2773 incurret
709 2716 797 2773 etiem
819 2713 1003 2789 postridiana
1024 2714 1147 2772 visionis
1169 2710 1262 2785 linea,
1292 2712 1334 2769 sic
1356 2718 1389 2769 ut
1410 2711 1496 2786 traji-

156 2800 222 2857 ciens
246 2798 383 2859 videatur
404 2808 482 2860 stare
505 2802 591 2878 quasi
613 2801 669 2860 sub
692 2799 796 2860 eodem
819 2808 928 2877 puncto
943 2800 1084 2878 sphaerae
1099 2800 1230 2858 fixarum.
1268 2797 1313 2857 Sit
1328 2805 1427 2857 autem
1445 2798 1495 2854 At)

153 2893 224 2944 extra
245 2885 370 2962 padum
393 2886 556 2965 eclipticas,
580 2889 631 2963 qui
654 2905 706 2964 per
729 2884 786 2947 ιιι)ο
808 2889 894 2948 abest
916 2889 954 2947 ab
971 2887 1041 2961 AX,
1065 2889 1177 2945 visione
1200 2885 1288 2958 Solis,
1312 2894 1341 2944 et
1365 2883 1416 2943 Ac
1440 2884 1496 2942 ha·
1526 2920 1529 2926 -

152 2971 210 3033 beat
239 2974 409 3034 sensibilem
438 2977 656 3052 proportionem
687 2973 725 3033 ad
757 2973 826 3033 AX.
872 2976 947 3034 Dico
978 2991 1083 3051 corpus
1113 2975 1136 3033 G
1166 2972 1336 3034 intermedio
1367 2983 1496 3048 tempore
1541 2986 1545 2999 ·

149 3061 308 3135 traJ'ecisse,
338 3053 392 3121 nec
415 3063 443 3119 iu
469 3062 491 3121 C
514 3064 668 3122 mansisse.
714 3061 789 3121 Nam
811 3079 864 3138 per
885 3062 909 3122 1.
934 3071 1096 3122 assumtum
1119 3060 1210 3121 Terra
1229 3067 1364 3119 movetur
1386 3061 1415 3116 ιιι
1440 3061 1497 3117 ιιι-

150 3145 210 3207 culo
233 3148 287 3206 AB
311 3150 388 3208 circa
411 3147 512 3209 Solem
533 3149 564 3209 X
588 3149 730 3226 locosque
754 3151 782 3207 in
805 3149 868 3209 dies
889 3156 1044 3225 permutat,
1069 3150 1150 3209 verbi
1174 3150 1270 3224 gratia
1292 3148 1330 3206 ab
1355 3147 1380 3204 A
1404 3150 1433 3204 in
1456 3145 1497 3218 B;

148 3251 194 3310 per
217 3234 293 3294 idem
317 3251 388 3295 vero
411 3245 572 3297 assumtum
595 3239 746 3313 proportio
769 3236 857 3315 buJ'us
881 3239 970 3295 totius
994 3237 1108 3311 circuli,
1138 3253 1196 3311 quo
1219 3236 1308 3296 iertur
1330 3233 1435 3305 Terra,
1459 3232 1497 3292 ιιι

148 3322 298 3398 sphaeram
321 3322 445 3382 firmum
469 3332 513 3384 est
534 3323 725 3393 insensibilis,
748 3316 841 3382 mullo
864 3327 959 3400 magis
982 3326 1070 3398 igitur
1084 3324 1138 3383 AB
1161 3341 1246 3383 arcus
1270 3321 1364 3380 diurni
1385 3322 1495 3379 itineris
1554 3318 1560 3331 ⁴
1602 3308 1612 3332 ⁴

147 3406 272 3468 'lelluris
295 3410 475 3470 insensibilis
498 3414 552 3471 erit
574 3411 612 3470 ad
635 3411 757 3469 rixarum
780 3410 923 3489 sphaerae
946 3410 1129 3471 diametrum.
1176 3410 1215 3469 At
1238 3407 1389 3484 trianguli,
1413 3406 1497 3480 cujus

146 3513 243 3566 unum
262 3496 342 3555 latus
372 3497 409 3556 ad
440 3497 553 3574 reliqna
582 3496 721 3558 collatum
751 3506 795 3557 ast
823 3498 1007 3570 insensibile,
1038 3498 1095 3557 duo
1117 3498 1230 3572 reliqua
1253 3496 1346 3555 latera
1368 3501 1437 3552 eunt
1459 3492 1497 3551 ad

144 3601 258 3643 sensum
282 3582 440 3660 parallelae,
465 3603 517 3662 per
540 3588 638 3662 optica
659 3587 811 3662 principia.
858 3586 943 3644 Duae
968 3587 1054 3662 igitur
1078 3588 1198 3645 visionis
1221 3583 1316 3642 lineae
1339 3581 1407 3654 AC,
1432 3570 1496 3651 DD,
1560 3586 1565 3601 ’“

143 3688 177 3728 ex
199 3671 316 3730 duobus
340 3669 440 3730 circuli
464 3672 543 3733 illius
566 3673 657 3747 lucis,
681 3674 710 3730 in
734 3689 793 3747 quo
817 3672 907 3732 Terra
928 3673 1031 3748 icrtur,
1053 3682 1125 3749 puta
1149 3691 1184 3733 ex
1208 3672 1266 3729 A
1258 3689 1288 3728 m
1312 3670 1377 3743 Β
1370 3687 1399 3726 m
1423 3687 1497 3728 eun-

141 3756 206 3817 dem
229 3759 284 3818 sub
308 3756 375 3817 fixis
398 3757 494 3818 locum
517 3759 658 3833 eductae,
686 3768 754 3818 eunt
776 3758 817 3818 ad
837 3778 954 3820 sensum
977 3759 1152 3836 parallelae,
1176 3758 1233 3818 boc
1255 3767 1300 3818 eet
1321 3756 1387 3816 loco
1411 3756 1497 3816 diffe-

142 3852 207 3904 runt
223 3853 283 3904 tam
299 3846 329 3903 in
344 3847 494 3923 principiis
508 3850 570 3907 suis
587 3848 622 3919 A,
640 3847 674 3922 B,
692 3864 780 3922 qnam
796 3849 825 3904 iu
841 3855 935 3907 tractu
950 3847 1055 3921 medio,
1079 3847 1157 3923 apud
1173 3847 1204 3919 C,
1222 3846 1249 3903 D
1270 3852 1390 3922 puncta,
1413 3854 1495 3901 stau-

142 3934 183 3991 ιιι
207 3931 304 3992 adbuc
327 3933 402 3993 inira
423 3942 563 4011 punctum
587 3951 744 3994 concursus
767 3936 812 3993 eui
836 3937 864 3993 in
889 3934 1014 4011 sphaera
1035 3935 1166 3994 fixarum.
1204 3934 1249 3992 Ac
1272 3950 1337 3991 cum
1351 3947 1496 4007 ponamus

142 4036 247 4096 corpus
270 4027 402 4080 cometae
424 4023 548 4097 primum
571 4022 601 4080 ιιι
623 4039 684 4081 una
705 4019 821 4080 illarum
845 4021 906 4093 AC,
929 4021 1034 4082 deinde
1058 4024 1087 4080 iu
1111 4020 1204 4081 altera
1226 4021 1281 4079 BD
1305 4018 1406 4089 videri,
1430 4034 1496 4075 cor-

143 4124 199 4182 pus
222 4108 312 4182 igitur
334 4114 465 4169 cometae
488 4108 524 4170 de
547 4109 613 4169 loco
636 4110 666 4166 in
689 4108 795 4181 locum,
819 4117 852 4166 ut
875 4127 910 4168 ex
934 4108 956 4166 C
979 4111 1009 4166 in
1033 4110 1060 4167 D
1084 4109 1214 4183 trajecit,
1238 4109 1294 4166 uisi
1317 4107 1356 4164 eit
1378 4107 1406 4161 in
1431 4105 1496 4179 ipso

140 4196 251 4253 vertice
279 4193 435 4269 trianguli,
467 4213 519 4256 seu
547 4199 577 4255 in
600 4198 745 4255 communi
769 4202 877 4272 puncto
899 4198 1026 4256 visoriae
1050 4198 1219 4271 utriusque,
1249 4194 1303 4253 sub
1327 4193 1399 4268 ipsis
1421 4189 1495 4262 fixis,

140 4280 220 4355 quod
242 4289 320 4341 esset
342 4289 445 4342 contra
468 4290 638 4343 assumtum.
684 4283 778 4343 Simul
808 4292 906 4342 autem
928 4291 1010 4359 patet
1033 4284 1165 4359 exceptio
1189 4281 1362 4341 theoremati
1385 4276 1496 4337 addita.

138 4367 183 4426 Sit
207 4371 283 4427 enim
306 4369 417 4427 visoria
440 4386 498 4429 nou
523 4371 592 4444 AC,
616 4364 673 4430 sed
691 4370 751 4430 alia
773 4369 841 4442 AB,
872 4369 984 4430 scilieet
1006 4388 1057 4448 per
1079 4378 1234 4444 utrumque
1257 4367 1385 4427 Telluris
1407 4367 1495 4423 eitum

138 4472 199 4513 una
220 4462 249 4514 et
273 4455 390 4515 eadem:
421 4457 523 4534 igitur,
546 4477 598 4535 per
622 4460 736 4517 tertiam
761 4459 838 4516 tertii
861 4457 991 4516 Euclidis
1015 4475 1199 4529 conversam,
1226 4474 1290 4516 curn
1314 4454 1393 4513 linea
1416 4460 1497 4510 secat

139 4542 294 4614 circulum,
318 4552 413 4612 recta,
443 4562 479 4603 ex
501 4546 663 4606 bisectione
687 4546 844 4605 subteusae
867 4553 947 4604 reeta
971 4545 1079 4620 angulo
1102 4544 1224 4616 educta,
1248 4540 1350 4601 incidit
1372 4543 1401 4597 in
1426 4555 1496 4598 cen-

138 4637 225 4687 tmm.
269 4629 328 4688 Hic
351 4647 421 4690 vero
443 4639 524 4691 recta
542 4633 595 4692 AB
619 4639 700 4692 secat
722 4630 861 4691 circulum
885 4650 986 4691 cursus
1009 4634 1100 4692 centri
1122 4631 1241 4709 Terrae,
1264 4646 1333 4704 ergo
1357 4637 1437 4689 recta
1461 4643 1496 4686 ex

139 4722 248 4793 puncto
271 4715 368 4777 medio
392 4719 467 4777 iuter
488 4717 526 4793 A,
537 4719 572 4793 B,
596 4718 675 4796 quod
698 4719 790 4779 Terra
811 4713 909 4780 medio
933 4729 1061 4796 temporo
1085 4725 1218 4795 occupat,
1242 4723 1369 4793 ponatur
1390 4713 1496 4775 educta

138 4805 169 4862 ιιι
191 4801 224 4861 X
246 4803 367 4878 Solem,
398 4807 449 4884 qui
478 4814 524 4868 est
552 4809 611 4868 iore
640 4813 770 4868 ιιιιιιιιιιι
794 4805 848 4866 ΑΒ
871 4806 971 4867 circuli
994 4816 1093 4867 motus
1115 4805 1237 4866 Terrae:
1271 4820 1361 4880 quare
1384 4800 1497 4863 secabit
