3284 5520
1418 88 1427 117 b

486 140 494 169 l

438 308 479 363 aa
498 306 596 363 trorum
610 310 645 363 rr.
660 308 878 379 urnas-syenem
891 322 950 378 ap.
965 309 1007 363 23.
1022 310 1064 364 aa.
1365 299 1441 377 231.

68 486 129 560 illa,
152 504 232 564 quae
254 495 299 549 eet
321 486 420 546 circuli
443 491 551 565 magni,
574 493 680 567 partim
702 488 864 549 firmissime
889 506 925 548 00
939 491 1055 548 nititur:
1081 490 1151 564 quia
1168 494 1269 548 contra
1284 486 1429 566 regulari-

69 582 169 648 tatem,
185 593 271 652 quae
293 582 337 634 est
360 577 390 633 in
412 573 592 635 diversorum
616 577 727 637 dierum
751 578 856 636 sitibus
879 576 1089 651 consimilibus,
1114 576 1184 635 nibil
1209 576 1428 653 110ιυί101010-

69 666 198 721 montius
221 664 327 736 dicere,
350 663 405 720 bac
429 680 497 721 vero
521 672 602 742 parte
625 664 822 743 regularitatis
846 673 960 723 constat
976 666 1106 739 cognitio
1122 672 1218 723 motus
1234 664 1327 723 diurni
1346 664 1428 739 ejus-

69 766 125 824 que
148 753 241 828 partis
262 749 489 827 proportionalis
512 751 590 811 boris
614 752 789 827 interlapsis.

177 841 227 898 11.
258 838 320 897 Nee
342 853 396 896 nos
420 837 523 896 leviter
545 839 677 916 Tyeboni
702 836 846 898 credimus
870 842 1009 898 asserenti
1034 838 1261 914 regularitatem,
1286 854 1428 898 neceam

70 926 173 982 asserit
197 926 247 985 iile
270 926 382 1001 absque
404 924 466 984 ulla
488 927 668 1001 probatione,
693 944 758 986 eum
783 925 998 985 claromontius
1020 929 1084 1003 ipse
1101 928 1303 1001 probationem
1321 943 1356 984 ex
1372 925 1427 984 bae

70 1014 133 1087 ipsa
155 1010 308 1089 Tycbonis
338 1012 449 1071 ratione
479 1016 565 1072 tertia
591 1016 791 1090 exscripserit:
823 1013 898 1073 datis
928 1017 1004 1072 enim
1035 1011 1279 1072 declinationibus
1303 1013 1426 1071 duorum

70 1099 181 1156 dierum
205 1099 344 1175 deinceps
367 1101 394 1154 iu
420 1101 477 1157 situ
501 1102 661 1173 corrsimili,
687 1101 755 1160 data
780 1103 867 1160 etiarn
892 1101 1087 1161 declinatione
1111 1103 1141 1158 in
1165 1103 1221 1158 situ
1246 1100 1426 1173 intermedio,

72 1187 146 1245 boris
171 1186 310 1263 analoga,
331 1186 393 1260 jam
417 1195 531 1246 constat
554 1187 590 1247 de
613 1188 811 1264 regularitate.

177 1277 226 1335 12.
256 1273 358 1333 Tertia
379 1274 518 1334 instantia
540 1276 637 1353 prodit
656 1279 759 1335 iterum
775 1281 944 1334 consuetam
961 1274 1149 1334 Claramorrtii
1166 1274 1330 1348 audaciam,
1354 1292 1426 1335 con·

69 1361 198 1436 junctam
221 1379 288 1421 cum
310 1360 491 1436 impudentia
505 1364 738 1439 probrosissima.
769 1362 998 1420 Observationes
1014 1360 1134 1438 Tycho-

72 1449 165 1506 nisio
189 1447 311 1507 dubium
336 1456 431 1520 vocat,
455 1466 490 1508 00
514 1450 593 1525 quod
616 1449 740 1510 altitudo
757 1457 888 1509 cometae
905 1449 1061 1507 observata
1075 1465 1133 1507 uon

72 1534 244 1613 respondeat
265 1553 402 1615 expresso
426 1537 583 1597 azimutbo.
1227 1509 1252 1556 A

174 1641 264 1715 Atqui
288 1658 324 1700 ex
347 1639 439 1699 tribus
462 1640 547 1713 datis,
572 1649 603 1701 ut
626 1641 702 1701 solet
724 1640 795 1712 fieri,
821 1639 879 1698 duo
901 1642 964 1714 ipse
979 1639 1034 1697 sibi
1051 1638 1134 1715 lingit
1195 1560 1420 1785 W

33 1792 42 1810 ,
75 1726 107 1785 ad
119 1726 271 1800 debitum,
305 1727 355 1786 AC
386 1727 553 1787 distantiam
582 1730 641 1805 poli
665 1747 683 1787 a
707 1730 814 1787 vertice
844 1733 872 1785 et
896 1726 973 1784 CAB
1004 1726 1132 1784 azimutb
1211 1772 1214 1789 ,

76 1818 164 1890 ipsum
186 1816 365 1892 praecisum,
398 1815 476 1890 quod
503 1816 604 1892 Tycha
633 1819 696 1891 ipse
719 1833 773 1875 nec
796 1814 999 1873 determinavit
1022 1821 1132 1887 exacte,
1207 1796 1212 1859 l

76 1920 122 1962 nec
142 1901 182 1961 ad
205 1902 482 1962 demonstrationem
506 1903 648 1964 adhibuit.
687 1903 742 1961 His
763 1903 869 1979 positis
889 1912 917 1960 et
932 1909 1063 1959 assumta
1080 1901 1132 1959 AB

77 1990 208 2049 distantia
227 2007 246 2048 a
266 1991 384 2063 vertice,
408 1998 547 2065 quantam
571 1993 741 2051 observarit
764 1989 875 2067 Tycbo,
900 1988 1012 2063 colligit
1034 1988 1132 2061 Scipio

78 2077 119 2134 t'll
140 2083 267 2152 quatuor
288 2076 431 2154 scrupulis
454 2078 609 2153 majorem,
634 2095 722 2153 quarn
745 2077 864 2153 Tycbo,
897 2092 954 2133 non
979 2074 1045 2135 dico
1069 2075 1132 2135 col-

80 2163 140 2240 legit
161 2164 376 2240 compntando,
399 2164 451 2223 sed
475 2167 644 2225 observavit
667 2182 718 2242 per
741 2164 878 2223 annillas.
1219 2150 1243 2199 Β

176 2253 225 2310 13.
258 2251 349 2328 Atqui
373 2269 423 2310 cur
445 2260 476 2310 tn
493 2252 670 2313 claromonti
696 2254 854 2311 auctiorem
878 2249 949 2309 ineis
967 2250 1018 2307 AC
1042 2266 1129 2325 quam
1144 2249 1200 2312 boe
1215 2251 1281 2311 loco
1296 2251 1423 2328 Tycho?

84 2336 129 2395 dut
151 2354 203 2397 eur
225 2337 317 2410 loliis,
348 2338 462 2411 dicens,
495 2342 537 2398 sie
559 2340 739 2416 proditurum
763 2340 903 2413 majorem
928 2336 992 2414 CB,
1023 2340 1073 2411 qui
1096 2336 1134 2395 ad
1158 2338 1273 2397 oculum
1296 2340 1427 2416 prodibit

84 2425 184 2484 minori
207 2424 266 2484 Cur
281 2428 369 2486 etiam
385 2426 463 2484 CAB
479 2431 583 2486 statuis
600 2424 658 2486 88⁰
677 2427 734 2500 10‘,
758 2443 843 2502 quem
861 2442 912 2500 per
929 2425 1018 2483 verba
1034 2423 1184 2501 Tycbouis
1199 2443 1303 2503 posses
1320 2423 1377 2485 88⁰
1397 2427 1426 2484 1¹

84 2514 242 2572 assumere?
265 2522 335 2572 tunc
357 2515 529 2573 coeuntibus
554 2515 619 2587 AC,
647 2515 716 2587 ΑΒ,
742 2531 853 2572 rursum
877 2514 970 2569 minor
994 2512 1105 2568 iuturus
1128 2521 1172 2572 est
1197 2513 1255 2571 ΟΒ.
1302 2512 1425 2573 Hiccine

85 2601 122 2658 tibi
143 2598 231 2658 ludus
253 2599 363 2676 placet,
396 2610 428 2658 ut
459 2618 538 2661 more
570 2610 691 2679 agyrtae
719 2601 804 2660 sallas
827 2603 956 2658 insuetos
980 2598 1160 2657 schematum
1185 2600 1285 2659 oculos
1309 2603 1425 2677 tuisque

84 2686 231 2747 fautoribus
254 2697 284 2746 et
306 2690 335 2745 in
358 2690 394 2745 iis
417 2691 538 2765 principi
563 2694 639 2761 viro,
672 2692 718 2747 eui
743 2690 860 2747 minime
883 2686 1054 2764 oportebat,
1077 2689 1213 2762 imponas.
1233 2688 1425 2763 turpissime?

178 2781 228 2834 14.
267 2774 339 2833 Vult
369 2778 471 2848 etiam,
502 2779 681 2853 inquiramus
712 2779 741 2833 in
772 2776 835 2851 ejus
866 2773 1020 2834 calculum.
1067 2774 1131 2831 Non
1162 2775 1259 2834 lubet:
1291 2778 1425 2851 superius

83 2862 153 2920 robis
176 2863 329 2922 scientiam
351 2862 484 2921 solvendi
508 2865 655 2941 triangula
677 2882 761 2922 snam
785 2863 970 2939 approbavit,
995 2862 1105 2920 fruatur
1128 2860 1182 2919 bac
1204 2861 1293 2921 laude
1315 2864 1426 2938 ingenii

84 2948 216 3024 cedetque
240 2949 325 3008 nobis
348 2951 476 3009 vicissim
500 2952 710 3011 confessionem
733 2951 852 3022 fraudis,
875 2952 904 3007 in
929 2950 1065 3008 assumtis
1089 2950 1234 3008 obtrusae.

179 3038 228 3097 15.
259 3035 371 3110 Quodsi
394 3056 446 3114 par
469 3041 583 3098 censuit
605 3038 819 3099 Claramontius
842 3037 891 3094 101.
910 3038 982 3095 239.
1006 3036 1042 3095 de
1065 3038 1100 3094 iis
1124 3035 1257 3095 dubitare
1281 3036 1423 3096 observa·

79 3124 214 3194 tionibus,
239 3141 361 3200 querum
385 3134 535 3186 consortes
559 3126 648 3186 falsas
671 3144 703 3185 se
725 3128 867 3202 reperisse
890 3124 1043 3200 gloriatur,
1066 3141 1118 3199 per
1140 3124 1216 3183 falsa
1238 3124 1373 3182 nimirum
1395 3133 1425 3184 et

77 3211 179 3270 incerta
201 3220 348 3270 assumta:
373 3220 402 3271 et
423 3230 477 3272 rros
501 3216 588 3289 igitur
609 3232 663 3290 par
685 3230 872 3284 censeamus,
897 3211 1104 3282 Claramontio,
1129 3210 1214 3271 iidem
1239 3212 1424 3270 observatio-

75 3299 155 3357 nibus
178 3315 237 3356 non
260 3302 404 3375 expressis
428 3301 588 3378 deroganti,
613 3300 742 3361 fraudem
765 3302 793 3356 in
812 3316 950 3377 expressa
965 3300 1149 3356 commissam
1166 3299 1313 3373 objectare
1330 3316 1424 3375 eaque

73 3386 275 3445 observatione
298 3404 368 3445 vera
391 3387 580 3464 deprebensa,
605 3396 687 3447 tanto
710 3389 805 3445 minas
828 3386 864 3445 de
887 3385 1016 3444 nondum
1039 3387 1183 3461 expressis
1207 3385 1349 3446 dubitare.

177 3478 226 3531 16.
268 3474 404 3549 Denique
438 3486 538 3534 contra
570 3485 748 3552 pugnantem
781 3476 929 3533 instantiis
957 3474 1067 3547 junctis
1097 3473 1354 3548 pronunciabimus
1386 3490 1424 3531 ex

67 3555 265 3618 solutionibus
283 3561 410 3636 junctis,
436 3562 665 3622 claramontium
688 3566 717 3619 in
742 3562 906 3637 objectione
931 3560 1109 3620 differentiae
1134 3557 1423 3620 5111501010ωά0-

65 3644 209 3722 prebcudi
226 3646 430 3720 fraudatorem,
456 3652 484 3706 in
501 3651 671 3710 refractione
687 3653 810 3709 tironem
827 3650 1000 3724 imperitum,
1017 3649 1045 3704 in
1061 3647 1272 3723 aequabilitate
1287 3657 1420 3707 motuum

63 3732 253 3793 aestimanda
275 3734 385 3793 nullius
408 3737 526 3810 cerebri,
551 3741 645 3796 etsie
667 3738 767 3813 quanti
791 3738 836 3794 vis
860 3737 944 3812 pretii
967 3734 1124 3793 bominem.

179 3828 227 3879 17.
267 3821 364 3881 Audet
387 3830 416 3881 01
438 3823 487 3882 101.
514 3831 586 3884 235.
611 3825 737 3900 objicere
761 3824 893 3900 Tycboui
921 3821 965 3882 vel
989 3821 1102 3898 lapsum
1125 3823 1283 3881 memoriae
1306 3822 1352 3881 vel
1377 3824 1424 3879 in-

61 3909 281 3982 constantiam,
311 3909 390 3984 quod
416 3910 600 3970 altitudinem
627 3912 686 3988 poli
717 3915 746 3969 in
771 3928 824 3969 suo
848 3910 913 3969 loco
936 3911 1038 3967 statuit
1062 3927 1138 3968 anuo
1164 3909 1256 3969 1578.
1283 3905 1340 3969 550
1363 3909 1423 3984 53‘,

59 3996 261 4070 sequentibus
285 3994 341 4054 55⁰
365 3997 416 4056 54⁴
442 3996 510 4058 15⁰.
556 3999 616 4057 Nec
643 4003 672 4056 in
696 4001 834 4058 exercitio
859 3999 973 4054 virtutis
996 3996 1136 4056 colendae
1159 4004 1272 4054 tantum
1293 3997 1423 4072 proiecit,

60 4092 100 4143 ut
126 4082 260 4154 disceret,
284 4085 398 4143 tertiam
422 4101 486 4144 ease
509 4103 635 4158 causam,
658 4088 819 4162 proiectum
843 4087 871 4142 iu
896 4085 1008 4157 melius,
1033 4102 1160 4144 amorem
1185 4085 1317 4144 veritatis
1333 4093 1362 4142 et
1376 4086 1424 4139 in-

59 4187 199 4247 genuam
229 4171 438 4230 orrorculorum
469 4181 527 4230 tam
557 4176 731 4232 minutorum
761 4174 985 4242 confessionem,
1014 4172 1147 4247 videoque
1172 4178 1201 4229 et
1222 4170 1309 4246 buJus
1333 4171 1425 4246 ipsius

60 4257 285 4319 emendationis
307 4260 557 4335 confessionisque
582 4261 836 4320 denunciationem
858 4260 1014 4336 publicam,
1037 4259 1111 4318 libro
1134 4261 1199 4334 ipso
1221 4258 1261 4316 ΙΙ.
1279 4258 1425 4335 Progym-

60 4353 237 4408 nasmatum
260 4343 311 4404 tol.
336 4352 386 4404 31.

180 4433 228 4491 18.
259 4431 343 4507 Quae
367 4435 394 4490 iu
417 4440 565 4509 postrema
587 4436 726 4493 instantia
750 4435 861 4510 objicit,
885 4435 970 4508 quasi
986 4432 1088 4509 'lyclro
1111 4430 1300 4490 confunderet
1323 4430 1425 4507 paral-

61 4522 152 4582 iaxin
176 4518 377 4579 declinationis
400 4538 465 4579 eum
488 4520 648 4580 differentia
663 4521 855 4597 parallaxinnr
871 4520 1083 4591 declinationis,
1109 4520 1172 4594 eJns
1189 4520 1316 4578 criminis
1330 4518 1425 4578 simile

63 4606 144 4686 quid
174 4624 263 4682 supra
291 4607 393 4666 recidit
421 4611 450 4665 in
483 4609 576 4684 ipsum
609 4617 765 4668 auctorem.
812 4609 857 4667 Dc
880 4607 1019 4684 Tychone
1047 4623 1116 4665 vero
1147 4607 1240 4665 dicere
1270 4604 1329 4664 tale
1354 4605 1424 4681 quid

62 4697 177 4776 potuit,
201 4694 324 4772 probare
347 4711 405 4754 non
428 4699 532 4771 potuit.
574 4696 707 4754 affirmat
729 4697 815 4769 nude,
838 4711 914 4770 nego
937 4712 992 4770 ego
1007 4693 1092 4753 nude.
1134 4693 1336 4753 Adid'erentia
1353 4711 1424 4754 vero

62 4781 268 4864 parallaxium
291 4780 496 4844 declinationis
518 4800 569 4864 per
592 4783 783 4843 differentiam
807 4781 998 4862 parallaxium
1022 4785 1068 4859 (ut
1091 4781 1206 4858 Scipio,
1231 4781 1423 4857 verticalium,

1258 1414 1310 1473 urg.
1330 1417 1355 1463 8.

793 5030 807 5082 1
