3284 5520
679 338 721 394 De
740 336 867 395 cometis.
1410 338 1454 407 21

103 518 222 579 ennium
247 534 320 578 vero
342 510 473 579 mimimo
495 515 545 577 ille
568 517 636 578 anni
663 517 763 590 1607,
795 534 881 591 quem
909 534 969 578 una
992 515 1126 579 exhibeo.
1174 516 1395 595 Argumentaris
1418 516 1456 581 de

100 605 271 667 coelestibus
295 605 633 685 aequiponderantibusz
657 604 772 681 gaudeo
795 605 852 665 hac
874 614 926 665 tna
948 608 1091 666 societate
1114 609 1144 664 in
1165 606 1329 682 paradoxo.

195 694 267 743 ilaec
290 701 365 757 sunt,
392 707 456 758 quaa
476 692 600 755 Keplerus
624 693 674 753 egit
696 705 741 753 per
758 692 845 741 literas
863 707 920 741 curn
938 692 1014 741 Remo
1034 692 1065 741 de
1083 694 1194 742 cometis.
1231 694 1366 757 Reliquae,
1392 705 1457 758 quae

98 766 234 825 supersunt,
255 760 379 825 epistolae
397 761 462 811 nihil
480 762 513 831 ad
530 759 590 811 illus
607 761 712 812 iaciunt.

195 853 390 901 Observationes
407 856 526 916 comatae,
543 850 578 899 ad
595 864 660 917 quqs
674 849 797 913 Kepierus
816 851 855 901 W.
872 852 1101 901 Subickardnm
1115 852 1261 901 exhortatus
1274 858 1335 917 arat,
1355 850 1399 900 ilia
1412 853 1456 901 in·

94 924 172 972 stituit
189 922 329 982 liurtingae
348 935 441 986 easque
460 926 572 970 recenset
590 922 670 969 literis
689 921 714 972 d.
734 920 757 969 d.
777 923 821 973 at.
839 922 901 973 Dec.
923 924 997 973 1618.
1018 924 1084 971 hum
1102 925 1130 971 in
1148 922 1262 971 modum:
1289 923 1328 971 De
1353 923 1457 971 comatis

94 994 188 1040 brevior
206 993 293 1047 inisti.
321 1005 396 1056 quam
416 990 523 1055 vallem,
552 991 597 1039 sed
614 990 771 1040 institutioni
788 993 894 1054 imputo.
929 992 997 1054 Quid
1016 1007 1060 1054 ego
1078 992 1121 1042 hic
1139 995 1292 1041 obseruarim
1310 998 1335 1040 et
1354 991 1455 1057 moliar,

94 1063 158 1111 rides
184 1077 216 1111 ex
243 1062 350 1122 adjectis
374 1061 501 1110 schedulis
526 1057 698 1125 (deperditis),
727 1075 792 1125 quas
819 1068 901 1111 tamen
928 1064 1038 1111 noirdurn
1065 1077 1109 1125 pro
1138 1062 1264 1112 absolutis
1287 1063 1455 1112 schematibus

93 1133 195 1183 babeas:
215 1135 405 1194 intermpernnt
423 1133 502 1180 seriae
520 1132 618 1180 labores
636 1145 714 1189 meos.
732 1146 790 1180 mox
809 1134 938 1181 abscisam
957 1138 982 1181 et
1000 1132 1066 1182 alios
1084 1137 1101 1183 4
1119 1134 1256 1195 adjungam
1275 1134 1378 1198 alioque
1389 1138 1455 1180 tem·

94 1217 147 1265 pore
166 1203 263 1251 munde
283 1217 389 1251 excusas
408 1208 491 1250 tecum
511 1202 710 1251 communicabo.
742 1202 811 1250 illud
828 1214 868 1251 me
886 1205 963 1250 etiarn
981 1209 1079 1252 tacente
1096 1203 1211 1255 vidisses.
1230 1203 1298 1267 qnod
1317 1205 1384 1252 vlam
1403 1206 1457 1263 ejus

93 1287 138 1322 non
158 1276 225 1322 satis
243 1278 362 1321 accurate
381 1274 561 1334 expresserim
581 1284 655 1320 musa
673 1275 711 1319 est
730 1273 867 1321 testimatlo
886 1288 951 1322 ntea.
986 1274 1026 1321 Ex
1044 1288 1181 1334 praecorum
1201 1274 1298 1322 dlernm
1318 1273 1456 1322 obseruatis

94 1344 121 1407 {a
142 1345 187 1393 at.
204 1343 267 1392 h'or.
287 1344 321 1392 ad
339 1344 364 1393 6.
384 1342 456 1403 Dee.)
481 1343 645 1390 aestimabam
663 1346 746 1389 totum
764 1343 813 1390 iter
830 1341 965 1407 reliquum.
1002 1344 1068 1392 Loca
1086 1346 1197 1405 priorum
1215 1344 1312 1391 dierum
1331 1358 1361 1391 ex
1381 1344 1456 1391 meris

94 1414 139 1461 iere
159 1415 313 1474 corijecturis
331 1415 435 1461 inventa
454 1418 526 1476 sulit,
553 1413 718 1473 posteriorum
737 1426 794 1460 vero
814 1414 947 1475 paullatim
967 1421 992 1461 et
1009 1414 1124 1476 quotidie
1143 1416 1207 1462 iuter
1225 1412 1390 1475 sculpendum
1409 1411 1456 1460 ad·

95 1486 152 1532 dita.
191 1484 264 1532 utine
282 1483 427 1544 diligentior
448 1483 590 1531 obseruatio
609 1496 653 1543 per
671 1484 789 1542 majorem
808 1483 905 1532 radium
924 1482 1098 1544 bicubitalem,
1117 1498 1191 1547 quern
1211 1486 1312 1532 interim
1330 1484 1455 1541 iabriieei,

93 1554 160 1601 alind
182 1554 255 1602 docet
273 1560 299 1600 et
315 1554 420 1615 propius
439 1554 471 1601 ad
489 1566 593 1614 scopum
613 1550 735 1601 collimat.
772 1551 899 1615 Gorrigam
918 1556 944 1602 in
964 1555 1062 1603 melius.
1100 1554 1176 1601 Porro
1194 1553 1260 1602 illud
1279 1555 1366 1615 miror,
1386 1552 1457 1616 quod

94 1640 120 1672 ex
140 1625 189 1672 hoc
207 1638 259 1672 uno
277 1623 361 1672 adbuc
379 1623 516 1685 spectando
537 1628 633 1671 cometa
651 1623 725 1670 binos
744 1624 831 1674 iacias.
869 1625 921 1683 Ego
947 1638 1024 1672 unum
1043 1631 1068 1672 et
1086 1624 1192 1672 eundern
1217 1625 1338 1671 haetenus
1356 1625 1455 1687 putavi,

93 1697 133 1757 qui
156 1696 225 1742 nitro
244 1692 388 1756 eclipticam
407 1695 518 1742 existens
540 1693 646 1741 caudam
672 1692 829 1741 dextrorsum
850 1696 954 1758 jecerit,
982 1708 1048 1743 nnnc
1073 1695 1137 1742 citra
1161 1693 1265 1742 eandem
1283 1694 1455 1740 sinistrorsum

93 1764 240 1827 protendat;
259 1778 305 1812 nec
322 1765 485 1825 repugnabit.
505 1764 606 1824 opinor,
628 1764 785 1821 traiectionis
804 1762 880 1813 linea.
917 1764 967 1813 Sed
985 1763 1096 1812 nondum
1115 1766 1176 1813 certi
1195 1765 1257 1828 qnid
1276 1765 1381 1826 affirmo,
1401 1762 1455 1812 dis·

94 1837 190 1899 quirem
209 1834 357 1884 studiosius.
390 1834 614 1882 Observationibus
633 1834 674 1879 hio
693 1832 823 1885 destituor.
842 1835 920 1882 solam
940 1834 1045 1883 caudam
1065 1833 1200 1898 aliquoties
1218 1848 1262 1895 per
1281 1834 1360 1881 nubes
1376 1834 1457 1881 instar

94 1907 171 1953 trabis
189 1905 252 1965 aidi,
270 1905 341 1952 nullo
362 1905 443 1965 capite
461 1904 617 1951 adhaerente.
650 1902 687 1949 Tu
708 1907 763 1949 taras
783 1906 968 1953 obseruationes
987 1906 1114 1956 examina.
1146 1904 1219 1963 Quod
1239 1905 1347 1965 primum
1366 1904 1459 1952 attinet

94 1978 136 2023 sub
156 1976 237 2026 Ursa.
256 1974 386 2039 equidem,
409 1979 438 2022 nt
455 1976 563 2034 ingenue
582 1975 674 2027 fatear.
697 1985 825 2036 nunquam
845 1973 916 2022 illurn
936 1975 1003 2040 ridi,
1026 1976 1086 2023 licet
1103 1974 1171 2022 fama
1189 1978 1243 2035 ejus
1262 1975 1387 2022 excitatus
1405 1974 1457 2020 all-

94 2048 189 2109 quoties
214 2049 275 2092 ants
298 2045 364 2092 diem
388 2044 475 2092 sedulo
500 2041 597 2091 coelum
622 2044 806 2104 contemplatus
831 2044 934 2109 inerlm;
960 2044 1043 2093 forsan
1067 2048 1198 2104 tuncjam
1217 2051 1366 2092 evanuerat:
1393 2056 1456 2092 areo

96 2118 153 2164 seira
183 2119 238 2175 eius
268 2116 435 2177 apparentiae.
473 2114 522 2163 Sed
545 2113 694 2161 cessandum
717 2126 784 2162 nuuc
808 2119 862 2179 est3
885 2129 982 2164 avoeor.
1021 2115 1096 2163 Hisce
1124 2116 1205 2163 ualeat
1227 2114 1376 2162 Dominatio
1401 2113 1458 2163 Tua

95 2200 164 2247 quam
184 2187 288 2247 optime.
307 2199 322 2233 a
340 2186 402 2233 meis
421 2198 523 2249 quoque
541 2185 651 2231 oiticiosa
670 2184 787 2232 salutatu.

195 2255 287 2303 Adhuc
304 2269 394 2305 unium:
413 2253 565 2302 struendum
584 2254 637 2315 ipse
657 2252 752 2317 vidisti,
773 2254 853 2302 edidit
871 2254 1073 2303 Hebenstreitius
1085 2253 1212 2303 Ulmeusis
1231 2253 1367 2301 vernaculo
1385 2253 1454 2302 idio·

97 2332 153 2373 nate
171 2324 289 2374 libellum
309 2326 340 2374 de
358 2331 487 2387 praesente
506 2330 614 2377 cometa,
640 2325 667 2371 in
687 2337 738 2387 quo
758 2326 821 2372 inter
840 2330 925 2373 cetera
944 2339 1040 2391 crassa¹
1069 2339 1134 2372 vana
1151 2331 1177 2372 et
1195 2321 1339 2372 Aristotelis
1359 2322 1455 2373 dudum

98 2396 225 2444 damnatos
245 2397 327 2442 fumos
345 2394 485 2443 redolentia
503 2394 580 2441 etiam
599 2394 682 2455 prmit,
706 2392 954 2446 humanatum.
975 2397 1022 2443 sub
1042 2395 1123 2450 cauda
1142 2395 1284 2444 incessisse.
1321 2394 1386 2441 Proh
1406 2407 1454 2455 pu·

98 2466 147 2513 lor'.
175 2468 246 2513 Inter
264 2465 370 2512 hiantem
389 2470 414 2512 et
431 2467 563 2512 Arcturum
585 2477 634 2511 narn
653 2476 726 2525 posse
745 2463 883 2512 discernere
902 2470 926 2512 et
944 2466 1006 2513 iruec
1020 2467 1120 2526 publice
1134 2466 1191 2512 aliis
1204 2463 1339 2512 obtrudere
1352 2463 1456 2511 auderet

98 2535 194 2584 Sinesne
213 2536 263 2583 hec
281 2541 380 2582 tantum
399 2535 507 2584 dedecus
526 2535 694 2582 astronomiae
714 2531 841 2582 inultum?
867 2538 917 2582 Aut
938 2535 1068 2595 indiguum
1088 2536 1151 2582 ioris
1161 2534 1260 2595 judicas
1273 2534 1456 2596 responsione?

99 2608 143 2667 iris.
162 2612 251 2654 annot.
271 2608 305 2662 8.)

193 2677 315 2736 ignosce,
345 2688 459 2739 quaeso,
477 2671 656 2722 tumultuariae
674 2674 824 2736 scriptioni,
851 2674 1034 2736 properandum
1054 2680 1115 2725 erat.
1152 2674 1182 2725 D.
1201 2674 1231 2725 Τ.
1256 2675 1456 2724 officiosissimus

99 2746 130 2795 W.
149 2746 329 2796 Schickardus.

200 2843 336 2889 Vincentio
356 2842 493 2891 Biancho
512 2840 574 2887 haec
594 2839 669 2888 reiert
687 2841 823 2902 liepierus:
855 2834 887 2893 ln
917 2841 1097 2894 cometarum
1127 2833 1322 2910 descriptione
1345 2851 1455 2894 versor.

99 2921 217 2999 Siquid
241 2921 403 2997 perfectum
428 2924 566 2997 typisque
589 2930 839 2998 repraesentatum
863 2922 964 2993 inerit,
990 2922 1098 2981 curabo
1122 2929 1155 2981 ut
1177 2922 1205 2980 id
1228 2922 1351 2982 habeas.
1389 2921 1457 2979 Pri·

98 3028 170 3084 tuus,
204 3025 305 3068 necnee
331 3009 485 3083 Augusto,
514 3008 656 3067 obscurus
687 3009 758 3082 init,
789 3027 824 3068 ex
851 3022 871 3073 i·
907 3012 934 3067 in
960 3006 1001 3090 ὓ
1033 3012 1088 3068 ivit
1117 3009 1173 3068 sub
1196 3008 1321 3085 pedibus
1344 3007 1455 3084 Ursa03

99 3099 211 3157 ultimus
244 3112 313 3154 vero
344 3094 391 3154 die
415 3098 465 3156 26.
489 3095 577 3168 Nou,
606 3105 748 3172 quantum
777 3113 812 3155 ex
841 3098 930 3155 variis
959 3097 1151 3157 relationibus
1178 3097 1274 3156 habeo
1304 3096 1452 3174 colligere,

97 3188 227 3244 transivit
248 3183 414 3259 eclipticam
436 3186 467 3240 in
494 3180 549 3242 15⁰
574 3186 631 3259 lii,
656 3183 838 3259 tendensque
862 3184 899 3243 od
924 3183 1063 3257 Bootern,
1094 3185 1131 3244 ab
1156 3185 1219 3259 ejus
1244 3183 1346 3244 denuo
1369 3202 1451 3245 crure

99 3291 192 3332 seratas
216 3273 365 3329 sinistram
390 3270 537 3353 eleyatam
560 3288 677 3328 manum
702 3273 793 3330 exivit
816 3279 846 3330 et
870 3276 919 3331 13.
942 3271 1011 3331 lari.
1036 3274 1114 3332 circa
1136 3272 1222 3331 finem
1239 3268 1291 3345 0,
1316 3273 1450 3332 sednon

98 3361 166 3418 ultra
194 3357 249 3417 13υ
272 3377 289 3417 a
311 3358 382 3434 polo
405 3358 515 3429 mnndi,
540 3367 713 3434 conspectus
736 3368 781 3417 est
803 3359 915 3417 ultimo.
951 3366 996 3421 iux
1020 3365 1452 3427 literisd.d.1u.h1are.1619.t

199 3463 237 3509 De
268 3460 357 3509 iisdem
386 3464 489 3509 cometis
517 3461 639 3522 lieplerue
668 3463 691 3509 d.
721 3465 763 3512 ³0.
790 3463 851 3511 Nor.
881 3464 961 3513 1616.
992 3463 1054 3512 haec
1077 3464 1186 3512 Btancim
1217 3461 1347 3514 rettulerat:
1369 3501 1376 3515 .
1395 3502 1401 3516 .
1422 3500 1455 3515 ..

97 3533 255 3594 Concilium
280 3531 462 3611 planetarum
487 3536 514 3590 iu
532 3533 630 3593 Tauro
654 3551 752 3592 neenec
769 3534 850 3609 Mejo
874 3542 992 3593 secutus
1016 3545 1060 3594 est
1076 3544 1190 3595 cometa
1205 3552 1303 3594 mense
1319 3536 1455 3610 Augusto

96 3623 121 3679 io
143 3622 262 3693 Leone,
299 3627 328 3679 et
355 3620 415 3695 jem
439 3620 495 3680 hoe
527 3622 591 3697 ipso
619 3638 718 3681 mense
750 3622 909 3681 Novembri
938 3620 1071 3681 videmus
1103 3623 1178 3682 alios
1211 3623 1284 3683 duos
1317 3632 1455 3698 cometas,

96 3709 250 3769 australem
283 3724 373 3765 unum
403 3709 430 3764 iu
457 3725 507 3787 up,
534 3710 605 3779 ὲ,
632 3711 689 3787 lli,
722 3711 764 3768 sic
793 3719 826 3768 ut
854 3717 942 3787 caput
971 3709 1034 3785 ejus
1063 3710 1118 3769 sub
1145 3710 1296 3771 horizonte
1328 3720 1455 3785 mancat,

96 3796 187 3856 cauda
218 3795 296 3853 ultra
319 3789 378 3853 40⁰
406 3795 496 3871 longit
526 3797 703 3872 promineat,
735 3795 858 3856 alterurn
888 3799 964 3857 iuter
986 3807 1175 3872 aequatorem
1199 3808 1228 3858 et
1250 3798 1404 3859 zodiacum
1427 3800 1456 3857 in

100 3881 150 3943 16ο
174 3886 230 3961 nir
253 3898 345 3959 prope
368 3881 496 3942 Lanaeus
519 3884 655 3955 boream,
680 3883 887 3955 clarissimum,
911 3885 1037 3958 flavum,
1061 3884 1244 3944 submilium.

203 3995 306 4043 Editnm
329 3995 422 4043 librum
446 3995 477 4043 de
495 3993 604 4044 cometis
622 3997 726 4044 nunciat
743 3994 857 4044 Biancho
875 3994 999 4059 Keplerus
1016 3996 1057 4044 his
1075 3997 1169 4043 uerbis:
1199 3987 1284 4046 Edidi
1308 3987 1455 4064 Epheme·

95 4075 155 4133 ricla
179 4077 208 4132 in
235 4093 345 4133 annum
372 4076 464 4134 1620.
490 4083 518 4134 et
541 4084 697 4135 tractatum
721 4077 862 4152 triplicem
887 4075 923 4136 de
940 4078 1077 4150 Comeiis,
1101 4076 1218 4147 librum,
1241 4079 1269 4135 in
1293 4075 1382 4134 ltalia
1404 4078 1455 4134 vix

96 4162 289 4231 vendendum,
313 4164 383 4238 quia
405 4162 490 4223 salvo
514 4166 700 4240 apparentiae
724 4174 858 4223 cortiolae
881 4182 932 4240 per
955 4165 1019 4240 ejus
1042 4164 1194 4240 traJectum
1218 4162 1403 4239 aequabilem
1425 4166 1455 4221 in

96 4251 212 4310 aethere
241 4257 271 4310 et
301 4267 353 4326 per
379 4258 490 4311 motum
520 4250 647 4311 Telluris
677 4254 754 4311 circa
783 4252 891 4311 Solem.
938 4250 970 4310 Si
1003 4261 1100 4311 tamen
1134 4253 1223 4327 petis,
1256 4258 1308 4309 aut
1340 4252 1454 4334 mittam

94 4338 266 4414 adjunctum
296 4339 417 4409 ceteris,
451 4347 503 4398 aut
530 4338 693 4415 exenrpium
718 4340 854 4415 Angitula
884 4341 993 4417 poteris
1020 4340 1142 4412 habero,
1174 4357 1241 4397 narn
1265 4338 1306 4397 ibi
1330 4345 1375 4398 est
1398 4341 1454 4399 im·

94 4442 223 4503 pressus.
