3284 5520
444 365 486 420 De
503 366 676 437 septuaginta
692 365 907 451 hebdomadibus
924 367 953 423 in
971 362 1093 423 Dsuiele.
1382 362 1447 431 833

94 544 269 603 monarchiis
300 543 376 604 intra
400 551 461 604 600
484 561 578 605 annos
600 564 619 605 a
641 544 740 606 solnta
766 547 937 624 captivitate
965 543 1003 606 ad
1032 561 1136 607 000000
1157 540 1346 621 ,ierosolyma
1367 542 1448 602 aeol-

78 630 196 705 ·derint,
221 649 314 708 eaque
337 632 453 709 singula
475 632 512 693 ad
535 649 605 693 suos
628 649 721 693 anuos
744 632 936 694 0001001010.
1480 626 1484 649 ¹

198 717 340 796 Superest
360 721 465 796 igitur,
496 728 530 779 ut
556 721 741 799 paucissimis
763 720 939 795 iudicemus,
970 718 1118 796 quomodo
1142 716 1292 779 oraculum
1314 715 1448 777 Danielis

95 822 161 866 oum
183 809 337 867 eventibus
360 807 557 884 quadravorit,
582 815 611 867 01
634 825 710 884 quae
733 807 984 886 Chronologorum
1007 809 1166 881 sententia,
1189 821 1313 883 quarum
1335 804 1449 880 aliquot

94 902 171 968 suut,
195 897 315 973 propius
337 894 376 954 ad
400 897 550 955 veritatem
575 895 703 955 accedat

198 980 367 1043 Teneantur
389 984 476 1059 igitur
498 983 554 1043 hae
576 981 672 1059 legas:
700 983 730 1059 1)
752 998 789 1042 ue
812 981 971 1059 prophetae
995 983 1084 1042 verba
1105 983 1227 1041 nimium
1249 987 1447 1056 torqueamus,

94 1066 147 1127 000
176 1086 228 1145 per
255 1071 353 1130 omnia
375 1069 489 1130 illorum
513 1072 646 1136 nativum
669 1087 787 1129 sensum
808 1071 1000 1143 0011000100ος
1033 1067 1064 1149 9)
1085 1086 1122 1129 00
1145 1075 1269 1129 eventus
1290 1085 1379 1144 supra
1400 1083 1449 1126 re-

95 1157 221 1216 censitos
251 1165 281 1217 et
309 1157 450 1217 haetenus
479 1157 664 1217 confirmatos
686 1154 896 1216 confundamus
903 1175 911 1235 3
944 1157 977 1235 3)
999 1174 1035 1216 00
1057 1157 1187 1216 membra
1207 1157 1346 1234 temporis
1368 1152 1449 1213 illius

98 1249 160 1303 490
184 1260 324 1303 annorum
357 1245 396 1305 ab
427 1246 551 1304 invicem
575 1243 764 1319 divellamus,
795 1243 847 1303 000
871 1244 907 1303 00
930 1247 1068 1304 00011000
1090 1254 1219 1320 tempore
1243 1241 1448 1318 intelligamus,

95 1338 125 1391 at
155 1337 270 1407 tempus
300 1334 387 1391 etiam
415 1340 534 1393 maneat
562 1335 721 1409 integrum
758 1326 793 1412 4)
817 1339 849 1390 01
872 1348 990 1392 0000000
1013 1331 1168 1391 reddamus
1190 1330 1343 1389 divisionis
1366 1331 1394 1386 in
1420 1334 1448 1401 7,

98 1423 137 1477 62
162 1426 192 1478 et
218 1425 231 1477 1
257 1418 471 1493 hebdomadas,
494 1422 559 1479 0100
582 1421 611 1477 10
635 1436 728 1478 annos
751 1425 801 1492 49,
826 1424 899 1492 434,
924 1426 940 1478 7
965 1427 995 1478 01
1016 1418 1136 1479 ultimae
1159 1418 1246 1494 hujus
1268 1419 1450 1495 septimanae

99 1507 128 1563 in
152 1504 228 1580 duo;
253 1505 284 1583 5)
300 1515 334 1567 ut
356 1510 385 1565 iu
408 1509 501 1581 initio,
523 1505 579 1567 tine
603 1512 632 1567 et
654 1506 807 1566 divisionis
829 1506 959 1567 001100110
980 1509 1110 1583 insignes
1132 1513 1162 1566 et
1182 1503 1355 1584 prophetiae
1377 1519 1450 1564 cou-

95 1599 234 1669 grueutcs
257 1601 379 1653 eventus
402 1596 593 1670 assignemus.

199 1679 273 1739 Cum
295 1683 384 1758 igitur
406 1682 576 1758 opinionum
598 1698 706 1758 magna
729 1684 768 1739 sit
783 1682 919 1753 variatas,
941 1696 995 1740 uos
1011 1679 1078 1739 illas
1094 1686 1208 1740 tautum
1222 1678 1448 1750 recensebimus,

95 1784 172 1843 quae
194 1768 334 1843 majoram
357 1769 467 1829 habent
489 1767 779 1829 verisimilitudinem.
823 1768 923 1827 Prima
950 1770 1037 1844 igitur
1064 1767 1138 1827 haec
1165 1774 1244 1840 esto,
1275 1783 1352 1842 quae
1373 1764 1449 1824 beb-

97 1853 239 1913 domadas
260 1857 299 1914 ab
323 1856 418 1917 edicto
435 1857 504 1934 Cyri
526 1856 645 1930 orditur,
669 1873 768 1916 aarum
792 1856 880 1932 igitur
901 1855 966 1914 11010
988 1853 1067 1914 00011
1081 1857 1111 1912 10
1127 1860 1190 1914 490
1206 1869 1324 1913 annum.
1361 1852 1450 1912 Veri·

96 1941 204 2001 similia
231 1942 306 2002 baec
332 1943 437 2004 habet:
472 1945 504 2017 1)
528 1943 608 2020 quod
637 1942 746 2003 orditur
768 1943 969 2004 hebdomadas
991 1960 1010 2001 a
1031 1941 1130 2002 001010
1152 1942 1339 2017 captivitate,
1370 1937 1450 2015 quod

99 2028 138 2089 ad
160 2031 288 2106 speciem
311 2032 408 2091 verbis
425 2030 559 2090 Danielis
582 2033 731 2107 congruit,
756 2031 789 2107 9)
805 2029 884 2106 quod
906 2039 1008 2089 auctor
1029 2031 1175 2107 opinionis
1198 2029 1340 2088 rationem
1362 2043 1451 2103 praa·

100 2119 190 2177 cissm
218 2121 386 2195 propositae
416 2135 548 2178 summae
580 2125 641 2178 490
664 2135 806 2177 annorum
836 2118 908 2177 inire
936 2124 1047 2193 potest,
1077 2117 1215 2177 0100100
1237 2123 1350 2174 tautum
1374 2129 1451 2174 anuo

100 2206 196 2263 minus
217 2204 317 2279 babet,
341 2205 420 2282 quod
443 2207 588 2265 neminem
610 2207 640 2262 in
664 2205 718 2265 hac
741 2221 830 2264 causa
852 2204 939 2263 debet
961 2202 1115 2279 impedire;
1139 2204 1173 2276 3)
1189 2201 1269 2278 qnod
1283 2202 1349 2261 fluis
1363 2200 1453 2278 hujus

99 2308 231 2352 summae
261 2292 416 2353 inciditis
446 2293 589 2370 insignem
612 2294 804 2353 mutationem
826 2290 970 2351 Judaicae
992 2291 1130 2367 politiae,
1160 2298 1193 2349 ut
1214 2297 1385 2348 annotatum
1408 2294 1453 2348 est
1564 2350 1567 2355 ,
1622 2294 1625 2299 “

100 2379 138 2438 00
162 2396 270 2439 aunum
295 2386 373 2452 489,
402 2396 468 2439 cum
491 2382 585 2441 eaesis
607 2381 725 2455 regibus
747 2377 882 2439 0000000
904 2395 1024 2454 praeses
1047 2385 1201 2438 extraneus
1223 2378 1318 2437 100100
1341 2384 1402 2449 001,
1433 2392 1453 2434 a

102 2483 161 2542 quo
184 2475 316 2544 tempore
332 2467 473 2544 paulatim
489 2466 615 2527 Romani
630 2466 733 2544 populi
749 2464 837 2527 00000
851 2463 997 2526 Judaaam
1012 2482 1155 2542 occupare
1170 2471 1337 2543 coeperunt,
1360 2462 1453 2523 donec

101 2572 165 2613 earn
188 2557 304 2631 penitus
327 2553 464 2615 delerent.
509 2554 593 2614 Haec
615 2555 674 2615 1000
696 2560 781 2626 0001,
812 2554 918 2630 quibus
940 2552 1014 2613 haec
1035 2553 1134 2629 opinio
1157 2553 1274 2625 nititur,
1297 2558 1329 2610 at
1352 2558 1453 2610 contra

101 2643 129 2697 in
153 2641 199 2700 his
221 2641 352 2702 laborat:
380 2642 410 2719 1)
426 2641 506 2717 qnod
522 2642 615 2720 Cyrus
639 2659 695 2700 non
716 2641 804 2716 jussit
826 2643 986 2701 instaurare
1003 2638 1215 2717 Jerosolymas,
1238 2638 1290 2698 000
1313 2637 1452 2716 templum

101 2728 206 2789 saltem
225 2729 304 2807 (0100
321 2747 389 2806 pag.
407 2730 499 2806 812),
525 2730 555 2803 0)
573 2729 651 2807 quod
674 2727 1275 2805 00110001100101010010011000100100110
1291 2741 1384 2785 annos
1401 2731 1452 2798 43,

104 2822 245 2876 434017
265 2818 412 2876 ethorum
427 2818 457 2874 in
472 2817 518 2877 bis
535 2811 606 2899 3¹s2.
651 2814 730 2875 Nihil
754 2817 830 2875 enim
852 2832 941 2891 supra
962 2822 1133 2874 annotatum
1155 2814 1210 2873 fuit
1232 2812 1270 2872 ad
1292 2830 1384 2873 annos
1401 2818 1453 2887 49,

102 2908 174 2976 430,
191 2909 220 2977 3,
238 2907 265 2976 5,
284 2910 312 2963 6.
350 2903 426 2964 Nam
441 2903 520 2981 quod
535 2904 628 2964 afferri
645 2910 753 2980 posset,
776 2918 852 2964 auno
870 2909 920 2963 00.
936 2904 1072 2979 scriptam
1088 2903 1210 2982 primam
1225 2902 1453 2974 accusationem,

101 2998 131 3049 et
147 3006 224 3050 anno
241 2997 313 3051 434.
330 3000 489 3051 resumtum
504 3008 609 3051 nomen
626 2993 745 3068 regium,
760 2990 864 3050 borum
880 2998 1034 3066 utrumque
1055 2989 1121 3050 leve
1135 2996 1188 3062 est,
1204 2989 1349 3065 posterius
1365 2988 1452 3047 etiam

103 3077 178 3138 laisa
200 3081 417 3155 computatione
440 3080 549 3138 nixum.
593 3078 682 3151 Nam,
714 3084 855 3155 utsupra
878 3077 1001 3151 dictum,
1032 3083 1071 3137 60
1094 3074 1296 3136 hebdomadae
1320 3074 1367 3134 vel
1390 3079 1453 3135 434
1545 3110 1548 3115 -
1624 3082 1626 3087 “

102 3167 170 3225 0001
197 3183 256 3225 000
286 3173 354 3225 0001
376 3166 504 3243 ponendi
526 3167 555 3223 in
578 3167 720 3245 principio
743 3166 832 3224 totius
855 3182 1001 3237 summae,
1032 3163 1084 3224 sed
1107 3172 1174 3243 post
1196 3165 1318 3240 primam
1340 3163 1454 3239 portio·

101 3270 167 3312 nem
192 3258 231 3312 49
249 3270 398 3316 annorum.
438 3253 470 3331 3)
495 3252 581 3328 Quod
603 3254 704 3333 primis
727 3258 766 3312 49
791 3254 950 3312 00010000
972 3251 1041 3311 0000
1063 3268 1116 3311 000
1137 3252 1277 3329 templum
1292 3248 1453 3310 eonditum.

104 3339 136 3417 4)
153 3338 240 3415 Quod
256 3339 388 3401 Christus
411 3342 486 3401 iutra
501 3340 579 3400 illins
595 3342 733 3418 temporis
749 3340 931 3416 complexum
947 3356 1005 3398 non
1021 3340 1109 3411 veuit,
1133 3336 1185 3399 sed
1200 3343 1277 3415 post.
1317 3331 1350 3420 5)
1366 3334 1454 3411 Quod

98 3428 259 3488 secundum
287 3428 364 3489 bane
395 3430 561 3506 opinionem
584 3427 717 3488 Danielis
749 3428 839 3487 verba
860 3426 1048 3485 distrahenda
1070 3433 1167 3486 esseut
1188 3443 1240 3503 per
1265 3429 1324 3484 120
1349 3438 1452 3499 anuos,

99 3533 177 3591 quae
200 3524 297 3575 tamen
314 3514 491 3591 conjunctim
508 3514 544 3576 00
559 3514 682 3576 articulo
697 3517 836 3592 temporis
851 3513 1022 3591 accipienda
1036 3531 1125 3590 supra
1140 3514 1339 3591 probavimus.
1376 3511 1453 3569 Nam

101 3609 162 3663 120
188 3603 271 3661 anuis
300 3610 368 3680 post
396 3620 498 3663 caesos
525 3620 609 3679 reges
632 3604 731 3680 (quem
753 3602 840 3662 finem
863 3600 1096 3661 hebdomadibus
1118 3600 1191 3661 0000
1214 3601 1313 3675 opinio
1336 3599 1453 3674 statuit)

101 3689 217 3749 demum
242 3707 345 3750 000000
368 3691 437 3751 0000
461 3698 514 3751 001.
552 3689 639 3750 Ηο00
654 3692 742 3769 igitur
757 3691 935 3767 opinionem,
958 3690 1092 3765 quamvis
1107 3705 1164 3748 non
1181 3689 1299 3747 omniuo
1314 3688 1452 3764 ineptam,

98 3778 256 3838 mittamus.

203 3863 341 3925 Secunda
364 3865 462 3941 opinio
484 3881 584 3926 corum
607 3872 666 3938 001,
691 3865 740 3941 qui
763 3865 925 3944 posteriora
946 3862 1037 3923 00000
1059 3862 1193 3922 Danielis
1216 3860 1252 3922 de
1275 3862 1354 3922 urbis
1377 3861 1453 3921 inte·
1554 3846 1558 3853 ’

99 3954 165 4025 0110,
190 3969 337 4013 sacrorum
360 3953 551 4029 abrogatione
575 3959 604 4012 et
619 3953 836 4012 abominatione
851 3950 979 4010 referunt
991 3948 1030 4011 ad
1043 3967 1151 4011 aunum
1168 3955 1240 4019 370,
1264 3950 1294 4007 10
1310 3964 1369 4026 qua
1383 3964 1453 4009 seu·

99 4040 191 4100 tcutia
214 4038 330 4098 0100100
352 4039 442 4099 101000
465 4046 566 4100 000100
588 4039 655 4098 libri
672 4045 700 4100 3.
716 4038 991 4099 Macchabaeorum.
1028 4037 1073 4098 lio
1089 4040 1164 4097 euim
1179 4052 1257 4096 auno
1273 4035 1311 4095 ad
1326 4053 1454 4113 unguem

101 4128 200 4187 omnia
223 4127 298 4187 haec
320 4126 505 4199 acciderunt,
534 4126 681 4200 000001,
710 4127 761 4201 qui
787 4126 937 4185 historiam
961 4126 1091 4202 scripsit,
1122 4122 1243 4184 totidem
1267 4123 1362 4183 verbis
1388 4119 1454 4182 cum

102 4214 228 4275 Daniele
251 4215 290 4273 sit
314 4231 399 4273 usus:
423 4216 497 4273 muri
522 4213 616 4288 diruti,
640 4212 783 4274 sacrificia
798 4221 828 4273 et
842 4214 1022 4273 circumcisio
1043 4211 1197 4290 prohibita,
1220 4210 1308 4271 Jovis
1323 4208 1453 4288 Olympii

101 4300 212 4361 idolum
242 4303 273 4359 iu
303 4301 368 4361 loco
398 4301 582 4361 sanctissimo
612 4300 796 4362 collocatum.
841 4301 879 4360 Et
909 4298 1026 4377 quidem
1055 4299 1129 4359 haec
1157 4299 1280 4358 vastitas
1310 4301 1455 4375 integrum

100 4391 255 4448 biennium
278 4386 369 4470 (quod
391 4397 436 4448 est
459 4389 517 4450 lere
540 4387 691 4448 dimidium
714 4384 919 4468 hebdomadis)
941 4388 1042 4447 urbem
1064 4388 1167 4446 100011.
1204 4384 1287 4446 Haeo
1309 4387 1351 4445 ita
1366 4402 1454 4462 prae·

102 4475 180 4537 olare
196 4476 321 4552 habent,
343 4484 532 4537 veruntamen
549 4475 622 4536 nihil
636 4468 788 4553 praeterea
802 4483 893 4536 restat
908 4473 1178 4536 verisimilitudinis.
1215 4472 1291 4533 Nam
1312 4472 1341 4547 1)
1357 4488 1454 4549 quan·

103 4565 217 4625 titatcm
246 4567 384 4642 temporis
412 4566 485 4624 10001
517 4581 574 4624 000
606 4572 721 4640 potest;
752 4561 784 4642 0)
805 4580 859 4623 000
889 4563 1042 4622 divisionis
1064 4561 1125 4621 ulla
1147 4556 1378 4640 ratio;>3)ncc
1399 4560 1456 4620 1011

101 4651 175 4713 0000
198 4657 327 4712 extrema
349 4652 451 4730 populi
474 4653 608 4726 vastitas,
633 4650 668 4711 ds
691 4668 750 4728 qna
765 4650 880 4724 Daniel,
905 4667 970 4711 oum
986 4647 1096 4709 Judaei
1118 4647 1208 4727 paulo
1232 4654 1300 4726 post
1313 4647 1454 4709 reflorue-

101 4740 177 4817 rlnt3
209 4741 243 4815 4)
265 4754 320 4800 000
347 4742 423 4801 intra
453 4738 532 4800 111100
559 4739 698 4816 temporis
726 4738 908 4816 complexum
931 4736 1064 4797 Christus
1086 4735 1215 4797 advenit
1259 4735 1298 4794 Et
1319 4736 1455 4812 quamvls

153 4857 249 4911 :aaran
262 4856 347 4911 osan.
375 4856 429 4901 nn.
1204 4843 1244 4903 03
