3284 5520
148 347 214 419 498
611 349 657 405 Ex
674 348 904 420 Ephemeridihus
920 347 1041 421 Kepleri.

151 528 362 607 vegetabilium
385 526 471 599 elicit,
495 543 595 588 serueu
610 535 713 600 terrae,
736 530 880 587 termitem
896 528 1001 600 scrobi,
1023 527 1172 588 surculum
1188 535 1291 588 huuco
1306 529 1421 602 inserit,
1444 545 1503 590 reru

148 620 243 694 ipsum
266 624 387 676 naturae
406 615 523 692 jurium
546 633 603 674 nou
628 614 792 678 delendam.
836 614 916 675 Nihil
946 616 1023 675 euiru
1051 617 1138 674 situm
1169 623 1215 675 est
1237 617 1266 673 in
1289 617 1437 693 principio
1460 620 1502 675 tut

148 706 245 781 operis
266 704 425 777 manuarii,
450 703 506 760 nisi
530 701 615 761 simul
640 705 729 762 etiam
750 711 858 762 natura
881 704 960 778 ipsa,
995 719 1070 778 quae
1093 702 1182 779 longe
1203 702 1280 764 solet
1302 721 1372 763 esse
1393 702 1503 764 tardior

147 793 236 868 inque
259 793 397 867 temporis
420 792 518 867 spatia
539 789 673 865 longiora
696 788 818 863 diffusa,
841 791 1015 865 principium
1039 789 1127 849 iaciat
1145 792 1242 865 operis
1265 793 1330 864 sui,
1357 788 1405 850 vel
1430 807 1500 851 eou-

146 880 370 938 summationem
394 880 500 954 potius.
538 878 583 937 De
600 877 789 937 mineralibus
804 879 894 936 etiam
918 885 947 936 et
969 876 1105 951 metallis,
1129 894 1205 953 quae
1229 880 1301 937 vira
1325 879 1431 954 utique
1445 895 1500 939 uou

146 975 221 1039 sunt,
246 982 386 1042 quaerere
409 964 508 1038 soleo,
532 968 628 1025 sintne
652 972 685 1023 ut
706 965 840 1043 plautae,
864 972 896 1023 ut
919 980 1024 1040 eorpus
1047 963 1223 1039 humanum,
1256 964 1334 1025 cosli
1356 965 1499 1042 capacis?

145 1053 191 1113 De
226 1053 442 1113 characteribus
477 1061 554 1113 certe
587 1051 756 1112 conclusum
790 1068 880 1128 penes
911 1069 957 1112 me
989 1058 1051 1124 est,
1083 1053 1190 1111 trustra
1222 1068 1302 1126 esse,
1337 1052 1389 1129 qui
1423 1051 1499 1113 seul·

146 1139 250 1217 pendis
273 1143 327 1214 iis,
359 1143 408 1216 qui
431 1139 588 1199 fundendis
611 1139 737 1198 metallis
761 1138 933 1199 insidientur
962 1140 1130 1214 aspectibus
1156 1139 1256 1198 Luuae
1284 1157 1339 1216 per
1362 1140 1452 1200 horas
1472 1149 1499 1200 et

145 1230 267 1301 minuta,
291 1235 324 1287 ut
338 1221 519 1300 dunecanum
535 1225 684 1303 quoddam
699 1226 869 1286 coelestium
892 1225 1155 1301 configuratiouum
1178 1244 1229 1302 per
1244 1226 1298 1286 hus
1315 1226 1495 1287 characteres

145 1316 176 1372 in
199 1314 312 1392 lapides
335 1322 366 1375 ct
388 1313 507 1374 metalla
530 1317 609 1373 vitae
632 1331 717 1374 cassa
740 1313 881 1373 invehant
903 1320 941 1388 et,
964 1312 1043 1388 quod
1067 1314 1166 1390 ajunt,
1191 1313 1332 1374 mundum
1356 1317 1494 1375 maritent

145 1401 221 1461 Nam
244 1419 302 1461 non
326 1412 450 1479 possunt
473 1401 530 1462 huc
553 1402 628 1461 trahi
651 1418 788 1478 geneses,
819 1409 853 1460 ut
882 1402 910 1458 iu
939 1400 1046 1477 quibus
1071 1403 1149 1460 ritae
1172 1401 1290 1462 flamma
1313 1404 1433 1462 noritur
1454 1406 1491 1463 in÷

146 1506 234 1550 censa
258 1497 288 1550 et
310 1489 432 1566 flagrare
456 1491 597 1567 incipieus
620 1507 678 1548 nou
701 1497 769 1547 unte
798 1496 958 1548 extremum
989 1486 1114 1547 hominis
1136 1491 1270 1564 spiritum
1293 1491 1490 1565 exstinguitur,

146 1595 222 1653 quae
246 1576 324 1654 quod
347 1579 472 1653 primum
496 1576 532 1637 de
556 1577 639 1636 coelo
670 1577 799 1648 imbibit,
832 1592 897 1634 cum
926 1577 965 1633 sit
994 1584 1077 1634 uetus
1107 1592 1165 1634 non
1194 1575 1266 1635 nudi
1293 1580 1427 1652 eorporis
1447 1576 1488 1637 sed

146 1666 276 1738 animae,
305 1664 441 1725 coelestis
464 1667 519 1737 rei,
548 1663 577 1722 id
600 1671 662 1724 toto
686 1662 847 1723 durationis
870 1679 941 1721 suae
964 1670 1094 1738 tempore
1117 1665 1230 1723 retluet.
1276 1662 1338 1724 Sed
1369 1663 1487 1724 habeant

145 1751 219 1812 haec
243 1753 350 1823 omniu,
374 1760 406 1811 ut
425 1751 488 1826 jam
512 1759 600 1810 autea
624 1751 692 1825 dipl,
715 1768 799 1809 suam
822 1751 1048 1810 exeusationem.

248 1839 283 1897 In
307 1839 410 1898 ceteris
434 1855 504 1897 vero
528 1842 608 1897 vitae
631 1839 743 1909 usibus,
766 1840 795 1894 in
810 1835 954 1897 sumenda
969 1844 1061 1911 veste,
1085 1838 1115 1894 iu
1138 1835 1320 1913 auspicando
1344 1838 1446 1898 itinere
1463 1844 1484 1897 et

143 1924 306 1999 similibus,
329 1927 394 2001 quis
417 1924 505 1984 hodie
527 1926 600 1984 serat
622 1926 856 2001 superstitiosum
879 1922 1066 1983 articulorum
1091 1925 1230 2000 temporis
1253 1923 1483 1985 observatorem?

143 2012 218 2071 Nam
241 2014 486 2089 quaestionariam
501 2012 680 2088 astrologiae
695 2020 816 2090 partem,
841 2011 972 2070 Arabum
988 2010 1186 2087 Indorumque
1202 2014 1364 2086 inventum,
1387 2012 1482 2072 duduu

144 2107 189 2159 est
211 2117 276 2159 euru
300 2116 400 2159 omnes
424 2102 554 2159 unanimi
577 2099 691 2161 calculo
708 2098 866 2159 Christiani
881 2098 1021 2175 astrologi
1037 2099 1176 2175 rejectam
1191 2100 1266 2158 iuter
1281 2098 1387 2161 illicita
1408 2101 1481 2159 sorti·

142 2185 221 2263 legia
244 2186 427 2246 damnarunt.

247 2273 361 2350 Quodsi
393 2282 490 2333 tamen
524 2275 624 2333 omnia
656 2272 797 2333 haetenus
828 2281 1055 2332 commemorata
1085 2271 1246 2332 secuudum
1279 2273 1480 2350 astrologorum

142 2369 301 2438 praecepta
324 2363 538 2433 examinentur,
571 2360 724 2437 apparebit
754 2360 900 2436 prolecto,
932 2377 1028 2436 neque
1054 2360 1196 2437 judicium
1227 2358 1480 2438 tempestatumdt

143 2447 262 2524 quadris
286 2450 361 2521 heri,
392 2466 487 2525 neque
512 2466 617 2508 venum
640 2450 746 2518 secari,
778 2465 873 2524 neque
895 2448 1045 2523 potionem
1068 2447 1213 2520 exhiberi,
1245 2464 1342 2523 neque
1364 2448 1481 2525 piantur

143 2535 247 2607 allodi,
278 2552 373 2611 neque
396 2538 493 2611 iguem
517 2536 647 2608 incendi,
673 2534 823 2594 metallum
846 2533 969 2610 liquari,
998 2537 1027 2592 in
1050 2535 1172 2593 lormaru
1196 2534 1327 2610 infundi,
1350 2548 1480 2612 gemmam

142 2621 247 2698 sculpi,
269 2639 364 2699 neqrre
380 2622 418 2682 ad
434 2625 636 2699 quaestionem
652 2623 820 2698 responderi
843 2630 896 2681 aut
917 2624 1075 2698 quiequam
1098 2622 1200 2681 horum
1224 2625 1344 2682 omuino
1368 2626 1481 2685 rectoet

144 2726 178 2770 ex
202 2719 265 2770 urta
288 2709 423 2788 (scilicet)
443 2710 521 2781 fieri,
552 2712 607 2768 nisi
637 2717 752 2786 praeter
775 2718 925 2785 aspectum
949 2708 1051 2768 lauuae
1073 2712 1269 2785 propinquum
1293 2711 1385 2770 etiam
1407 2709 1480 2771 horo·

142 2813 250 2873 scopus
265 2799 442 2857 conveniens
459 2797 506 2857 rel
529 2797 653 2872 eligatur
675 2796 722 2854 vel
747 2795 864 2857 oblutus
888 2798 1067 2871 inspiciatur.
1112 2797 1218 2873 Itaque
1249 2807 1411 2874 praecepta
1431 2801 1481 2876 ipre

142 2886 357 2960 superstitionis
379 2885 469 2960 hujus
492 2892 628 2961 aspectus
651 2883 754 2943 Lunae
777 2899 841 2943 curu
873 2882 1026 2943 latitudine
1049 2893 1181 2956 sumunt,
1214 2883 1302 2944 horas
1332 2892 1363 2944 et
1385 2888 1481 2945 minuta

142 2970 303 3046 negligunt,
329 2989 383 3032 nee
403 2989 475 3031 sune
498 2973 561 3031 siue
585 2988 683 3030 carrea.
729 2970 805 3028 Nam
829 2969 899 3046 quid
924 2988 979 3045 ego
1002 2987 1079 3030 nuuc
1102 2972 1196 3029 dicam
1220 2971 1256 3031 de
1275 2971 1371 3048 hujus
1393 2968 1482 3033 calui

145 3058 400 3118 incertitudinem
432 3059 559 3118 omnium
584 3065 800 3117 autecessorum
825 3056 1082 3133 Ephemeridihus,
1114 3075 1173 3134 qua
1197 3058 1322 3133 tactum,
1354 3067 1389 3119 ut
1410 3072 1481 3136 aeept

143 3145 211 3221 plus
234 3154 371 3205 nocerent
395 3148 505 3204 intento
529 3145 709 3221 eligentium,
732 3146 861 3220 quamsi
878 3144 978 3204 horum
995 3145 1170 3204 omisissent.
1202 3146 1258 3205 Die
1277 3152 1328 3205 10.
1345 3146 1481 3207 Februarii

143 3234 213 3291 unni
241 3235 391 3309 sequentis
422 3233 494 3291 hora
518 3240 545 3295 9.
577 3231 805 3292 antemeridiana
835 3234 889 3291 erit
911 3239 953 3300 be
983 3227 1008 3312 Q
1036 3229 1093 3313 ᾧ,
1127 3250 1213 3309 quern
1244 3232 1387 3310 Magiuus
1415 3234 1481 3312 pouit

143 3318 172 3379 h.
196 3326 224 3379 6.
249 3326 289 3380 25
314 3321 530 3396 pomeridiana3
555 3329 665 3396 quanto
690 3318 793 3379 ballius
817 3320 979 3391 habiturus,
1004 3322 1028 3377 si
1052 3320 1162 3379 nullam
1185 3320 1287 3379 horam
1312 3316 1480 3382 addidisset?

145 3404 229 3466 Haec
252 3406 326 3466 adeo
350 3425 440 3468 eausa
463 3417 521 3482 est,
552 3416 599 3480 ut,
631 3408 656 3464 si
679 3409 803 3466 maxime
827 3406 927 3465 horam
950 3408 1023 3466 satis
1046 3408 1175 3485 praecise
1198 3410 1309 3484 possim
1334 3413 1479 3487 exprimam

143 3503 273 3554 correcto
293 3493 415 3567 calculo,
438 3497 550 3554 minuta
564 3504 661 3554 tamen
677 3497 836 3554 etiamnum
851 3493 1027 3570 negligenda
1042 3493 1192 3570 suadeam,
1215 3503 1334 3571 propter
1349 3514 1396 3572 ea,
1419 3510 1480 3574 quat

145 3582 175 3638 in
198 3581 392 3658 explicatione
415 3581 668 3641 fundamentorum
691 3580 835 3641 lunarium
859 3581 927 3640 dixi.

248 3667 321 3727 Cum
344 3671 433 3745 igitur
456 3679 574 3746 propter
595 3668 672 3727 hune
695 3668 839 3728 desectum
863 3669 1042 3744 experientia
1065 3668 1147 3728 nullu
1172 3671 1266 3747 possit
1294 3670 1421 3748 allegari
1440 3684 1480 3748 pro

142 3754 349 3815 observatione
372 3755 508 3815 horarum
532 3765 561 3815 et
584 3758 776 3834 minutorum,
806 3773 859 3815 nee
882 3763 1012 3815 veterum
1035 3766 1193 3833 praecepta
1215 3757 1272 3815 huc
1295 3757 1422 3833 ducant,
1443 3773 1481 3818 se-

141 3840 249 3917 quitur,
274 3860 358 3901 usum
380 3845 496 3920 penitus
519 3842 632 3902 nullum
655 3861 718 3903 esse
741 3842 974 3918 scrupulositatis
1002 3843 1099 3918 hujus.
1144 3843 1202 3904 Sed
1226 3860 1262 3903 ue
1285 3844 1408 3921 quidem
1431 3860 1482 3906 esse

141 3928 250 3988 multos
271 3938 362 4005 puto,
392 3933 442 4006 qui
466 3930 517 3990 illa
539 3947 592 3989 seu
614 3931 739 3990 scientes
763 3947 815 3989 seu
838 3937 965 3990 errantes
988 3933 1029 3990 uti
1056 3931 1162 4005 velint,
1193 3930 1268 3991 adeo
1292 3932 1429 4008 quidem,
1457 3936 1482 3990 ut

143 4033 209 4074 euru
232 4019 389 4092 quotannis
412 4017 488 4077 ultra
512 4026 666 4077 sexcentos
689 4025 826 4095 aspectus
842 4016 943 4076 Lunae
959 4035 1024 4077 curn
1048 4018 1172 4094 planetis
1196 4018 1233 4078 ad
1257 4017 1363 4079 horam
1386 4030 1417 4082 et
1437 4020 1483 4079 rul-

140 4111 243 4162 uutum
266 4106 295 4163 iu
318 4104 439 4181 Magino
463 4112 491 4165 et
515 4102 643 4179 Origauo
667 4112 782 4164 exstent
805 4107 979 4180 computati,
1013 4108 1060 4163 vix
1090 4108 1218 4182 reperias
1247 4110 1483 4169 sexcentesimum

140 4208 295 4267 quemque,
319 4195 369 4267 qui
392 4199 455 4252 toto
471 4209 548 4251 auno
564 4191 610 4250 vel
629 4197 714 4251 unius
730 4192 844 4251 illorum
861 4191 963 4250 horam
979 4193 1035 4252 sibi
1053 4191 1162 4268 deligat
1177 4193 1355 4253 obeundam.
1392 4197 1484 4274 Apage

140 4281 363 4355 occupationem
385 4279 598 4352 stultissimam,
622 4287 654 4338 ut
676 4282 763 4338 unius
785 4278 896 4339 cultelli
921 4278 1066 4339 vendendi
1088 4298 1178 4341 eausa
1193 4281 1283 4342 vehes
1306 4280 1414 4358 plenas
1429 4298 1486 4343 eum

141 4373 223 4425 tauto
247 4374 344 4426 sumtu
366 4375 550 4443 asportemus
574 4384 739 4443 venumque
762 4383 952 4442 exponamus.

243 4453 318 4512 Nam
341 4457 480 4530 sequitur,
505 4461 537 4512 nt
560 4456 647 4513 etiarn
672 4453 707 4513 da
731 4452 922 4513 incommodis
938 4452 1032 4515 dicam
1048 4453 1136 4529 hujus
1153 4452 1401 4530 scrupulositatis.
1429 4456 1488 4516 Pri·

138 4555 217 4596 mum
240 4540 323 4600 labor
346 4543 448 4617 ingens
470 4550 523 4616 est,
555 4558 718 4616 sexagenos
741 4540 952 4618 propemodum
977 4543 1005 4598 iu
1028 4540 1160 4617 singulos
1184 4559 1299 4600 menses
1323 4552 1489 4622 computare

138 4634 283 4701 aspectus,
307 4628 427 4704 perinde
451 4629 534 4706 quasi
558 4627 631 4686 nihil
654 4635 741 4688 autea
763 4628 900 4687 sudatum
923 4629 1061 4687 fueritin
1084 4628 1288 4705 computandis
1311 4631 1491 4707 singulorum

137 4711 323 4786 planetarum
347 4714 436 4789 loeis;
468 4718 517 4792 qui
542 4714 624 4774 labor
647 4733 713 4774 eum
736 4718 846 4790 ingenii
868 4733 972 4792 purum
999 4716 1109 4775 lrabeat
1137 4714 1312 4791 admodum,
1341 4720 1492 4780 cerebrum

139 4806 236 4860 tamen
251 4800 365 4879 fatigat,
379 4803 513 4865 ardorem
528 4804 617 4862 animi
635 4803 733 4863 taedio
748 4802 886 4879 retundit,
908 4811 1032 4881 tempus,
1056 4803 1298 4879 pretiosissimum
1311 4821 1385 4885 rem,
1405 4824 1493 4871 occu·
