3284 5520
656 371 810 440 Responsio
829 371 948 440 Kepleri.
1413 372 1477 443 673

121 544 235 606 alteros
256 548 299 605 nti
322 545 454 606 doctrina
475 546 646 625 Hipparchi.
693 547 752 607 Sed
776 548 834 608 duo
857 547 918 610 0170
940 566 1030 624 opera
1051 547 1218 609 tabularum
1242 559 1411 626 occurrunt,
1443 550 1480 613 de

122 634 233 709 quibus
255 633 417 694 monendus
440 651 503 694 esse
526 635 643 694 videtur
657 635 692 697 P.
708 635 885 708 Terrentins,
910 644 941 695 ut
963 637 1100 713 inquirat,
1123 654 1161 696 sn
1177 654 1276 696 eorum
1299 637 1400 714 aliqua
1421 640 1481 699 siut

122 721 204 797 apud
227 719 313 780 Sinas
344 722 462 781 indicia.
507 722 592 781 Prius
614 734 659 783 est
681 734 835 799 computus
858 724 1019 783 'Parcarum
1040 723 1201 783 secundnm
1223 741 1317 783 anuos
1338 724 1477 801 Hegirae,

122 805 245 883 00000
263 807 395 884 Scaliger
416 818 446 867 et
467 809 528 868 0111.
566 809 718 870 Sarraceni
740 811 941 886 frequentibus
964 813 1200 888 navigationibus
1221 819 1315 871 totum
1339 815 1480 872 orientem

122 893 311 972 repleverunt
334 899 474 954 institutis
497 905 526 955 et
548 898 768 957 inventionibus
791 902 860 957 0010.
900 899 1002 956 Annus
1026 899 1154 976 ipsorum
1177 906 1220 958 est
1235 899 1349 957 solutus
1364 899 1479 975 legibus

121 983 299 1041 reversionis
329 985 596 1058 aequinoctiorum,
630 985 796 1044 lunationes
822 993 859 1045 12
893 1003 945 1045 seu
977 985 1038 1044 dies
1072 991 1134 1045 354
1164 996 1215 1044 001
1244 992 1305 1046 355
1339 985 1480 1046 definiunt

121 1068 196 1144 ipsis
219 1085 327 1128 annum
350 1071 507 1130 Arabicum
529 1080 679 1148 perpetuo.
725 1071 898 1132 Methodum
925 1076 994 1131 anni
1017 1072 1123 1132 tradidi
1148 1076 1176 1129 iu
1199 1072 1394 1151 Rudolphinis
1418 1073 1479 1133 Ta-

121 1153 203 1214 bulis
224 1155 276 1215 iol.
300 1163 350 1229 37,
375 1162 426 1230 38,
451 1164 502 1233 39,
527 1165 567 1219 40
591 1162 923 1231 (0110000500),
954 1159 1077 1235 eclipses
1111 1171 1208 1219 tamen
1232 1179 1268 1220 ex
1292 1177 1328 1221 00
1350 1159 1478 1239 praedici

121 1251 338 1321 0000000001.

230 1330 361 1390 Alterum
377 1345 451 1408 opus
467 1340 512 1391 est
526 1332 691 1393 tabularum
702 1334 895 1406 Persicorum,
912 1350 988 1410 0000
1004 1340 1123 1391 01001οτ
1138 1336 1222 1391 00010
1233 1332 1428 1410 Jcsdagirdis,
1444 1334 1479 1393 de

121 1417 232 1492 quibus
248 1416 379 1493 Scaliger
394 1426 424 1478 et
439 1418 670 1480 Christmannus.
711 1422 853 1481 Videntur
874 1422 964 1478 luisse
988 1420 1189 1479 tantummodo
1207 1432 1340 1480 motuum
1356 1421 1434 1481 Solis
1450 1430 1481 1480 et

121 1503 226 1563 Lunae
243 1514 273 1564 et
286 1507 329 1564 sic
342 1506 502 1581 eclipsium,
526 1516 556 1567 et
577 1510 605 1566 ni
626 1509 720 1581 fallor,
744 1509 797 1567 iras
812 1509 1008 1583 bansscripsit
1024 1507 1175 1581 Arnachel,
1200 1517 1231 1566 ut
1247 1508 1365 1567 tandem
1379 1526 1479 1568 earum

121 1588 255 1650 doctrina
270 1599 447 1653 transsnmta
462 1597 501 1653 sit
515 1596 545 1652 in
559 1595 676 1654 tabulas
694 1595 899 1670 Alpbonsinas,
923 1604 956 1652 ut
976 1611 1052 1669 quae
1067 1597 1259 1654 meminerunt
1275 1598 1363 1654 etiam
1379 1595 1480 1655 Perei-

121 1694 175 1738 cae
198 1681 341 1738 mensium
356 1680 561 1755 ordinationis,
586 1699 650 1741 cum
666 1682 722 1742 lroc
737 1682 911 1753 discrimine,
936 1680 1016 1757 0000
1031 1681 1166 1741 Persicae
1182 1681 1251 1740 illae
1268 1683 1478 1759 quinquedium

121 1764 198 1823 illud
221 1765 451 1844 Aegyptiacurn,
473 1770 641 1829 musteralra
664 1769 788 1842 dictum,
816 1770 987 1846 adjecerunt
1009 1768 1046 1826 ad
1069 1768 1155 1828 finem
1178 1768 1274 1827 ultimi
1296 1773 1405 1829 mensis
1428 1787 1479 1828 ae·

121 1851 268 1927 pisander,
297 1854 498 1932 Aipbonsinae
527 1856 564 1914 ad
592 1856 679 1915 finem
708 1858 816 1916 mensis
845 1857 931 1915 aben.
976 1855 1023 1914 De
1047 1873 1106 1930 quo
1129 1856 1293 1916 discrimine
1316 1860 1478 1932 ceterisque

121 1938 181 1999 buc
208 1943 409 2016 spectantibus
439 1959 496 2017 ago
520 1945 548 2000 10
572 1951 696 2003 tractatu
720 1942 942 2019 chronologico,
973 1941 1008 2001 de
1032 1945 1108 2001 aeris
1136 1944 1167 2000 irr
1190 1942 1307 2002 tabulas
1329 1942 1477 2020 Rudolpbi

120 2027 246 2086 insertis.
285 2027 359 2087 Cum
381 2032 470 2105 igitur
492 2047 611 2105 regnum
634 2031 788 2090 Persarum
812 2038 945 2090 excurrat
967 2028 1005 2087 ad
1028 2028 1118 2088 Indos
1140 2033 1256 2105 sintque
1272 2031 1361 2089 Sinas
1376 2030 1479 2090 Indiae

121 2117 302 2187 contermini,
325 2117 561 2194 perpendendum
584 2125 636 2190 est,
660 2136 729 2176 num
752 2117 826 2177 haec
840 2118 1024 2177 Persicorum
1046 2116 1211 2176 tabularum
1235 2117 1367 2177 doctrina
1386 2135 1478 2194 pene-

120 2203 243 2261 traverit
265 2202 304 2260 ad
327 2203 378 2262 illa
400 2205 536 2263 Sinarum
558 2205 726 2264 tribunalia.

228 2304 351 2380 Quinto,
382 2311 406 2366 si
429 2307 463 2365 P.
487 2306 655 2368 Terrentiu's
683 2306 827 2367 desiderat
850 2314 1018 2383 computum
1040 2309 1293 2382 aequinoctiorum
1316 2308 1477 2367 mediorum

121 2387 204 2477 (nam
233 2395 428 2470 inaequalitas
457 2412 556 2454 eorum
580 2398 689 2455 incerta
713 2402 757 2454 est
779 2413 849 2454 num
872 2396 910 2453 sit
933 2403 961 2452 et
985 2403 1096 2468 quanta
1118 2396 1164 2464 sit,
1189 2396 1214 2452 si
1238 2397 1312 2474 est),
1342 2394 1427 2455 iacile
1451 2399 1476 2454 ci

121 2483 299 2539 succurritur
322 2500 356 2540 ex
380 2482 546 2542 tabularum
569 2482 645 2542 Rud.
669 2481 718 2541 iol.
745 2489 805 2541 102
830 2481 884 2539 001)
907 2481 993 2538 111010
1017 2484 1084 2539 0001
1108 2483 1220 2558 tropici,
1245 2482 1294 2541 ubi
1319 2499 1335 2542 e
1359 2484 1478 2557 regione

121 2572 163 2628 50
187 2584 399 2642 sexagenorum
429 2586 570 2628 annorum
598 2572 785 2629 inveniuntur
812 2568 874 2627 dies
899 2562 939 2628 5⁸⁰
968 2563 999 2627 4““
1028 2561 1073 2627 22“
1103 2567 1136 2627 7⁰
1160 2568 1201 2627 0“
1224 2572 1264 2640 0‘,
1295 2570 1323 2627 10
1348 2579 1393 2628 est
1416 2568 1477 2627 dies

122 2659 273 2714 1095727
298 2659 403 2730 exacti,
426 2659 456 2714 in
480 2658 564 2715 annis
588 2659 706 2733 tropicis
724 2656 923 2732 quinquagies
935 2658 1097 2731 sexaginta,
1121 2655 1151 2713 10
1167 2666 1212 2714 001
1228 2662 1321 2714 3000.
1360 2655 1477 2714 Etcum

121 2743 191 2800 enni
208 2748 292 2801 3000
311 2744 458 2820 simplices
475 2743 649 2820 Aegyptiaci
666 2744 794 2803 habeant
809 2741 871 2802 0700
892 2748 1049 2816 1095000,
1073 2750 1154 2818 patet
1169 2742 1248 2818 quod
1264 2742 1398 2802 residuae
1417 2745 1476 2801 727

121 2829 283 2906 particulae
307 2829 523 2890 termillesimac
546 2831 786 2908 multiplicandae
809 2832 867 2889 0101
883 2830 910 2885 10
926 2846 1028 2903 00000,
1052 2838 1081 2888 et
1096 2831 1211 2905 quotics
1225 2831 1329 2903 iactus,
1353 2830 1478 2905 abjectis

121 2916 259 2975 omnibus
283 2923 383 2990 3000,
406 2925 515 2993 000001
540 2920 641 2991 1500,
665 2927 716 2977 001
739 2920 855 2994 0001100
879 2924 998 2992 superat
1020 2933 1139 2975 excessu
1164 2919 1267 2976 minori
1291 2934 1380 2993 quam
1406 2923 1478 2990 727,

120 3005 209 3062 toties
233 3021 306 3062 unus
330 3005 448 3080 insuper
471 3003 533 3064 dies
557 3005 752 3065 intercaletur.
793 3004 850 3063 Vel
874 3006 899 3061 01
922 3002 1011 3062 Sitrae
1034 3021 1091 3062 non
1107 3013 1175 3062 sunt
1189 3002 1300 3080 alligati
1317 3003 1354 3063 00
1371 3012 1478 3062 certam

121 3089 222 3150 sedem
245 3089 302 3150 0101
327 3092 500 3151 intercalarii
524 3093 553 3149 in
578 3091 744 3152 calendario
760 3109 824 3163 suo,
849 3090 1003 3149 0100000
1022 3096 1072 3150 24.
1090 3091 1251 3164 Februarii,
1276 3090 1375 3150 licebit
1392 3092 1480 3166 igitur

121 3179 210 3256 ipsis,
234 3185 301 3255 poet
324 3177 386 3238 dies
413 3185 494 3239 1506
518 3181 644 3239 inserere
667 3180 744 3237 diem
767 3187 797 3239 et
820 3177 964 3236 interdum
988 3187 1054 3254 post
1079 3179 1160 3236 1507
1186 3178 1258 3237 dies.
1304 3177 1377 3237 Cum
1402 3180 1478 3236 enim

121 3267 181 3324 sint
203 3264 438 3325 intercalationes
463 3272 534 3335 727,
558 3269 582 3323 si
606 3283 659 3326 eee
683 3266 891 3325 distribuantur
913 3266 943 3320 in
967 3269 1007 3324 45
1025 3263 1145 3343 classes,
1167 3264 1298 3340 singulas
1325 3271 1363 3323 10
1387 3267 1479 3322 inter-

120 3352 317 3424 calationum,
349 3353 465 3412 residua
488 3353 649 3430 appendice
674 3360 690 3412 7
715 3351 986 3425 intercalationum,
1020 3369 1134 3428 semper
1152 3350 1216 3426 jam
1238 3353 1267 3408 irr
1293 3350 1358 3424 5¹⁸,
1394 3358 1478 3425 102⁸,

122 3438 191 3500 16²⁸
218 3440 438 3499 intercalatione
466 3440 680 3499 transsiliamus
711 3440 772 3499 dies
799 3444 896 3498 1507:
927 3438 983 3497 hoc
1012 3447 1100 3514 pacto
1130 3455 1219 3514 quam
1246 3440 1378 3513 proxime
1402 3437 1478 3496 idem

121 3526 311 3600 obtinebitur,
335 3535 470 3587 manente
494 3527 699 3587 observatione
714 3527 788 3605 cycli
804 3535 864 3585 tarn
880 3524 969 3601 longi,
995 3525 1075 3601 quod
1091 3525 1219 3585 efficeret
1234 3542 1305 3584 usus
1320 3534 1478 3602 perpetuus

121 3613 323 3692 scrupulorum
341 3620 400 3674 727
425 3614 698 3688 termillesimornm,
720 3617 783 3673 sine
807 3615 1003 3688 computantis
1027 3615 1189 3672 intentione
1212 3615 1243 3670 in
1267 3613 1381 3690 cyclum
1397 3629 1477 3671 more

121 3700 260 3762 Judaico.

225 3786 283 3848 Vel
302 3787 487 3866 popularius:
511 3788 696 3848 intercaletur
718 3796 785 3865 post
807 3794 934 3863 quatuor
956 3803 1049 3846 annos
1065 3795 1094 3846 et
1110 3804 1197 3846 uriam
1214 3794 1350 3847 octavam
1366 3785 1478 3863 pa'rtem

121 3877 207 3955 anni3
231 3878 273 3935 sic
295 3877 373 3933 enim
395 3878 423 3934 in
447 3878 531 3934 annis
555 3870 685 3958 2998⁷sS
707 3874 945 3934 intercalarentur
967 3873 1028 3932 dies
1046 3880 1105 3934 727
1132 3880 1161 3933 01
1183 3875 1349 3933 transibunt
1370 3873 1478 3932 residui

121 3960 184 4045 1¹7,
207 3965 269 4023 sine
293 3979 382 4022 censu
405 3971 546 4039 tanquam
569 3963 813 4039 complementum
836 3959 920 4036 cycli.
965 3960 1024 4019 Pro
1047 3978 1082 4021 eo
1106 3962 1192 4034 enim,
1217 3960 1296 4037 quod
1319 3968 1385 4039 post
1408 3959 1479 4019 ulti·

121 4069 200 4111 mum
232 4049 308 4111 diem
338 4051 406 4108 anni
431 4056 515 4110 3000
546 4059 622 4111 00001
645 4046 876 4109 intercalandum
900 4046 1017 4121 ultimo,
1048 4047 1269 4107 intercalaretur
1291 4064 1368 4106 anno
1393 4052 1477 4106 2998

121 4138 219 4201 medio
240 4138 426 4196 Novembris.

225 4225 324 4297 Sexto,
343 4241 395 4301 pro
410 4221 592 4300 longitudine
607 4225 715 4282 mensis
730 4220 871 4281 naturalis
887 4230 915 4280 et
931 4221 1041 4281 lunaris
1056 4231 1127 4281 nota
1143 4239 1178 4281 cx
1192 4221 1266 4281 Tab.
1288 4218 1363 4278 Rud.
1375 4220 1425 4278 101.
1438 4225 1477 4279 89

121 4316 368 4386 (7017100801,
392 4311 470 4387 0000
493 4313 561 4369 0001
584 4309 697 4370 ι1011007
722 4315 804 4369 3400
825 4318 952 4383 0000001
968 4311 1098 4388 praecise
1114 4308 1280 4367 lunationes
1298 4312 1414 4380 42053,
1437 4309 1479 4366 ita

121 4406 152 4458 ut
175 4397 341 4459 differentia
363 4415 421 4456 non
444 4400 482 4457 sit
505 4399 598 4471 maior
621 4398 707 4455 00100
731 4399 843 4456 minuto
867 4395 966 4455 borae.
1005 4400 1083 4455 Anni
1100 4413 1169 4455 vero
1185 4394 1298 4454 Juliani
1317 4400 1400 4454 3400
1417 4393 1480 4453 0100

121 4485 231 4546 babent
255 4491 420 4562 124185ος
444 4486 550 4562 001500
574 4484 675 4543 0101010
700 4487 728 4542 10
751 4499 902 4544 numerum
925 4484 1109 4543 lunationum
1127 4486 1243 4556 42053,
1267 4482 1403 4558 00011000
1426 4499 1479 4540 000

808 4570 895 4618 22513

121 4606 273 4686 longitudo
296 4609 405 4668 mensis
427 4607 569 4667 naturalis
591 4607 688 4686 prodit
711 4607 738 4670 0.
757 4613 913 4707 291205‘3‘
952 4604 1027 4666 Sunt
1049 4622 1118 4682 ergo
1142 4603 1280 4679 scrupula
1298 4602 1355 4661 dici
1373 4609 1477 4663 22313

121 4728 344 4807 multiplicanda
366 4731 396 4787 in
418 4747 570 4790 numerum
593 4729 776 4789 lunationum
800 4736 829 4789 et
849 4729 974 4804 quoties,
998 4747 1017 4786 0
1031 4726 1227 4803 multiplicato
1246 4726 1369 4802 abjectis
1385 4725 1481 4784 omni-

121 4817 176 4877 bus
205 4819 328 4896 integris
352 4819 476 4891 42053,
506 4817 653 4879 residuum
684 4822 794 4894 aequat
816 4821 921 4875 21027
953 4814 1001 4875 rel
1023 4824 1157 4892 superat,
1189 4812 1480 4873 10110001003010

200 4937 295 4988 aspari
308 4936 391 4989 opera
418 4937 471 4977 vrr.
1230 4922 1270 4977 40
