3284 5520
152 311 217 379 824
503 309 545 365 De
562 308 733 378 septuaginta
751 305 966 363 hebdomadibus
984 307 1012 363 in
1029 306 1152 365 Daniele.

148 489 289 562 Xerxem,
314 491 363 566 qui
387 495 508 564 quartus
530 484 641 562 aCyro
663 484 725 558 luit,
749 501 815 544 cnm
838 484 950 544 iniinita
972 483 1122 544 hominum
1143 485 1334 547 multitudine
1357 494 1388 548 et
1410 491 1500 547 omni-

148 577 203 635 bus
222 579 312 635 Asiae
327 575 437 634 viribus
453 575 584 635 obruisse
602 571 765 631 Graeciam.
796 572 869 631 Cum
886 588 954 648 ergo
971 571 1076 633 Daniel
1091 572 1247 635 Hebraeus
1263 577 1295 633 iu
1311 575 1370 636 boc
1384 574 1500 637 Graecis

149 666 320 732 consentiat,
344 679 401 720 uon
425 671 469 720 cst
491 659 637 732 credibile,
662 658 783 718 Esdram
806 669 835 718 et
850 658 1021 720 Nehemiam
1037 659 1189 720 Hebraeos
1206 680 1224 720 a
1242 660 1368 723 Graecis
1390 663 1500 723 dissen-

148 768 240 812 suros.
288 750 323 808 Et
346 750 428 821 alias,
452 752 476 807 si
500 746 605 806 Graeci
628 748 781 806 veritatem
804 747 938 819 referunt,
964 747 1042 822 quod
1066 746 1207 825 disputari
1230 766 1289 808 nou
1315 759 1423 828 potest,
1447 768 1498 809 neu

148 837 319 897 dissentient
353 840 452 912 ntique
476 835 613 895 Hebraei.
661 831 743 893 Unde
765 836 897 908 sequitur
919 843 949 894 et
980 834 1066 907 illud,
1099 838 1123 893 si
1155 835 1235 912 quod
1258 835 1368 898 Graeci
1400 856 1499 899 nomeu

146 928 205 1000 regi
230 924 317 984 alicui
342 924 478 996 tribuant,
502 921 532 980 id
548 921 585 979 ab
601 920 744 981 Hebraeis
760 938 817 978 non
834 921 980 980 transferri
1003 924 1031 979 in
1055 922 1154 995 alium,
1178 922 1235 983 hoc
1250 933 1296 983 est
1312 930 1499 1001 quantumuis

147 1011 290 1071 interdum
313 1010 443 1086 ejusdem
471 1011 547 1083 regie
570 1006 650 1068 aliud
673 1008 751 1083 apud
775 1007 942 1077 Hebraeos,
966 1008 1046 1069 aliud
1069 1009 1148 1087 apud
1171 1008 1304 1072 Graecos
1327 1030 1435 1073 nomen
1456 1032 1500 1073 re·

147 1102 288 1176 periatur,
313 1108 409 1157 tamen
432 1099 456 1154 si
480 1097 556 1154 idem
579 1096 657 1171 apud
680 1102 819 1170 utrosque
842 1098 892 1165 sit,
918 1113 1005 1155 uuum
1029 1099 1116 1157 etiam
1138 1099 1177 1157 ab
1201 1101 1334 1175 utrisque
1357 1100 1500 1175 designari
1567 1088 1572 1105 ⁸

146 1205 253 1263 regem.
291 1185 325 1243 Id
345 1188 469 1244 maxime
489 1183 638 1259 aliquibus
658 1183 800 1259 exemplis
816 1183 1009 1242 confirmatur.
1047 1182 1141 1258 Quem
1163 1186 1239 1244 enim
1254 1184 1365 1246 Graeci
1387 1191 1500 1247 nomine

147 1277 269 1352 primum
285 1272 438 1332 Persarum
454 1288 553 1345 regem
575 1271 734 1348 appellant,
750 1270 857 1347 Cyrum
879 1287 990 1348 nempe,
1014 1270 1070 1332 hee
1091 1275 1206 1331 nomine
1230 1275 1258 1330 in
1275 1273 1376 1332 Sacris
1400 1274 1500 1335 Literis

147 1364 235 1421 etiam
258 1363 366 1437 primus
383 1359 536 1418 Persarum
559 1375 625 1429 rex,
649 1374 706 1416 non
731 1357 806 1417 alius
829 1359 974 1434 quispiam
997 1359 1087 1419 veuit.
1132 1359 1179 1418 Ita
1201 1357 1237 1419 de
1253 1360 1339 1419 Darii
1362 1368 1393 1420 et
1416 1363 1500 1421 Arta·

146 1451 242 1507 xerxis
265 1447 431 1506 nominibus
454 1449 528 1504 inter
544 1462 642 1504 ornnes
659 1447 803 1515 convenit,
828 1443 906 1520 quod
928 1445 1087 1521 aliquando
1102 1446 1189 1505 iidem
1205 1465 1256 1523 per
1272 1465 1310 1508 ea
1326 1466 1412 1524 reges
1426 1449 1500 1527 apud

148 1535 300 1595 Hebraeos
322 1533 496 1593 et·Graecos
520 1532 728 1625 intelligantur.
773 1530 806 1590 Si
830 1532 988 1608 aliqnando
1009 1532 1071 1592 fieri
1095 1543 1203 1593 eertum
1219 1543 1273 1607 est,
1299 1536 1440 1596 credibile
1459 1545 1500 1595 est

146 1639 261 1699 semper
283 1622 355 1680 fieri.
401 1620 466 1678 Hoc
489 1621 530 1678 sic
553 1622 667 1696 posito,
691 1627 768 1678 certe
794 1619 998 1679 verisimiliora
1022 1619 1105 1691 dicit,
1129 1624 1179 1696 qui
1203 1621 1329 1680 Esdram
1352 1632 1383 1684 at
1405 1623 1499 1683 Nehe·

147 1713 236 1769 mium
258 1711 377 1785 propius
402 1710 429 1764 in
453 1723 572 1765 numero
596 1716 625 1766 et
647 1707 813 1765 nominibus
834 1724 935 1782 regum
952 1708 1134 1767 Persicorum
1158 1709 1195 1766 ad
1218 1707 1352 1769 Graecos
1374 1710 1498 1779 adducit,

148 1813 235 1872 quam
260 1798 309 1871 qui
339 1794 434 1867 rrrajrrs
468 1798 541 1853 inter
573 1797 653 1871 ipsos
683 1794 753 1853 iacit
783 1793 949 1868 dissidium,
976 1794 1004 1852 id
1036 1793 1114 1871 quod
1138 1795 1274 1854 omnibus
1297 1798 1422 1865 accidit,
1453 1801 1498 1873 qui

148 1883 258 1942 Esdrae
288 1891 317 1941 et
344 1881 504 1940 Nebemiae
535 1880 686 1940 historiam
715 1881 770 1940 sub
800 1881 922 1940 Darium
951 1890 980 1942 et
1002 1881 1191 1942 Artaxerxem
1223 1885 1336 1961 priores
1367 1886 1497 1958 referunt,

146 1970 225 2048 quod
248 1987 284 2028 ex
307 1968 439 2043 subjecta
462 1966 572 2027 tabella
595 1971 672 2027 cerni
695 1975 800 2046 potest.

557 2138 765 2220 Reges
809 2142 1082 2205 Persici.

221 2264 264 2323 Ex
286 2262 380 2323 Esdra
402 2261 562 2322 secuudum
727 2261 771 2320 Ex
795 2259 924 2325 Graecis.
1091 2264 1135 2323 Ex
1156 2262 1250 2324 lisdra
1271 2266 1435 2328 seeundum

297 2350 487 2426 Scaligerum.
1218 2352 1293 2412 alios

347 2437 450 2515 Cyrus.
779 2434 882 2512 Cyme.
1204 2438 1309 2519 Cyrus.

743 2520 913 2600 Cambyses.
1072 2526 1225 2599 Assnerna,
1251 2530 1440 2589 Artaxerxes.

337 2610 453 2670 Darius.
620 2622 626 2635 “
717 2608 824 2667 Darius
845 2608 933 2687 Hyst.
1195 2614 1314 2676 Darius.

315 2699 470 2756 Assucrus.
717 2736 720 2740 -
765 2694 891 2757 Xerxes.

306 2786 489 2844 Artaxerxes.
682 2784 856 2843 Artaxerxes
872 2784 966 2860 Long.
1164 2786 1352 2854 Artaxerxes.

339 2872 456 2930 Darius.
698 2870 805 2929 Darius
827 2870 950 2930 Nothus.

303 2960 488 3019 Artaxerxes.
669 2958 845 3018 Artaxerxes
868 2958 976 3022 mnam.

674 3042 772 3103 Ochus
798 3045 981 3106 Artaxerxes.

209 3134 317 3192 Darius
340 3127 431 3213 (Neh.
451 3139 499 3205 12,
517 3134 583 3206 22.)
654 3132 760 3190 Darius
785 3131 1000 3194 Codomaunus.
1196 3136 1315 3198 Darius.

247 3271 375 3329 Primum
400 3271 497 3341 vides,
522 3269 681 3330 secundum
704 3270 884 3346 Scaligerum
916 3281 1028 3332 tautum
1052 3282 1069 3335 2
1093 3278 1121 3332 in
1146 3275 1255 3336 Esdrae
1282 3276 1365 3337 libris
1396 3283 1495 3352 omitti,

142 3358 302 3421 seeundum
326 3358 400 3416 alios
425 3376 493 3417 vero
519 3366 546 3416 4.
586 3358 699 3416 Deinde
723 3357 853 3434 Scaliger
882 3364 1016 3439 nuspiam
1045 3364 1142 3422 turbat
1165 3361 1343 3424 Graecorum
1368 3367 1495 3426 ordinem

142 3451 171 3505 in
196 3446 417 3524 transponendis
440 3446 615 3519 nominibus,
638 3446 732 3503 solutu
756 3457 860 3520 quarto
883 3451 942 3522 regi
967 3449 1046 3507 allud
1069 3467 1174 3510 nornen
1196 3452 1305 3523 tribuit,
1328 3460 1357 3512 et
1381 3454 1496 3530 quidem

142 3534 286 3611 ejusmodi
311 3551 430 3601 nomen,
455 3534 533 3608 qriod
557 3535 674 3591 omnino
706 3534 794 3591 alicui
818 3533 1003 3594 tribuendum
1025 3547 1085 3610 est,
1110 3555 1163 3598 uec
1186 3539 1337 3599 commode
1361 3541 1416 3600 ulli
1438 3546 1497 3619 regi

142 3622 260 3680 Persico
292 3620 432 3699 quadrat,
458 3624 506 3694 qrri
535 3637 594 3678 non
629 3622 656 3677 iu
688 3618 785 3678 Sacris
815 3621 895 3679 alind
927 3624 1013 3681 etiam
1048 3641 1152 3684 nomen
1185 3625 1303 3684 babeat.
1349 3629 1496 3689 Assuerus

143 3712 236 3781 enim,
268 3711 331 3766 sive
354 3710 474 3765 maritus
496 3707 653 3777 Estlrerae,
679 3706 836 3783 Cambyses
859 3725 923 3768 essa
945 3727 1002 3767 uon
1027 3720 1137 3786 potest,
1169 3715 1238 3788 quia
1263 3716 1286 3770 is
1310 3732 1370 3773 non
1395 3716 1496 3776 habuit

141 3812 338 3854 successorem
354 3796 558 3864 Artaxerxem,
575 3805 788 3855 antecessorem
804 3795 934 3854 Darium.
959 3797 996 3857 Et
1012 3798 1094 3872 alias,
1115 3817 1317 3876 quaecumque
1332 3802 1362 3862 S.
1381 3802 1496 3863 Literae

142 3881 178 3942 de
204 3883 332 3941 Assnero
357 3882 472 3952 dicunt,
495 3884 654 3940 rectissime
685 3884 713 3938 iu
736 3881 865 3941 Xerxem
889 3893 1069 3960 competunt,
1094 3887 1171 3961 qnod
1196 3887 1254 3945 aiio
1276 3888 1343 3947 loco
1367 3893 1496 3967 probau-

141 3969 210 4027 dum
234 3977 286 4027 est.
333 3969 436 4043 ltaque
459 3971 603 4026 neminem
627 3986 744 4028 movere
769 3968 855 4029 debet
877 3989 1061 4049 magnopere,
1087 3974 1164 4048 quod
1182 3972 1359 4034 Graecorum
1378 3977 1493 4038 Xerxes

140 4056 299 4114 nunidem
331 4073 437 4114 nomen
461 4055 538 4132 apud
562 4054 713 4115 Hebraeos
737 4066 765 4114 et
788 4056 967 4133 Scaligerum
1000 4059 1114 4121 habeat.
1160 4060 1267 4120 Contra
1290 4060 1340 4119 alii
1365 4066 1493 4124 secundo

140 4145 201 4218 regi
233 4143 288 4201 hoc
319 4142 347 4199 id
371 4145 494 4200 nominis
526 4143 648 4214 faciunt,
681 4143 760 4217 quod
791 4143 896 4203 Graeci
921 4151 949 4217 5,
975 4153 990 4204 7
1016 4155 1044 4205 et
1068 4153 1103 4220 8,
1127 4146 1156 4205 id
1187 4154 1284 4207 autem
1316 4159 1361 4208 est
1395 4162 1494 4212 contra

139 4246 227 4306 supra
250 4231 347 4306 posita
370 4229 566 4288 fundamenta.
613 4230 712 4289 Tertio
736 4230 865 4306 Scaliger
889 4249 946 4289 uon
969 4232 1059 4292 habet
1081 4235 1257 4295 binominem
1280 4238 1309 4294 iu
1333 4236 1442 4313 Sacris,
1464 4252 1493 4298 at

139 4317 189 4374 alii
207 4315 344 4393 Cambysi
369 4317 426 4375 duo
449 4316 508 4374 alia
531 4317 698 4394 appendunt
721 4320 851 4389 nomina,
878 4319 1030 4393 Assuerus,
1056 4322 1240 4382 Artaxerxes.
1273 4323 1395 4398 Quarto,
1420 4331 1493 4387 sicut

138 4404 168 4458 iu
191 4406 265 4461 serie
287 4420 388 4477 regum
412 4421 480 4462 vera
496 4404 604 4462 Darius
627 4413 671 4462 est
693 4405 799 4479 aliquis
822 4407 947 4482 stipatus
971 4407 1085 4466 duobus
1103 4409 1278 4482 Artaxerxis,
1303 4414 1345 4470 ita
1360 4412 1492 4490 Scaliger

139 4492 225 4548 etiam
254 4489 405 4548 historiam
435 4490 542 4550 Esdrae
566 4499 594 4550 et
615 4491 774 4550 Nehemiae
806 4492 955 4568 intelligit,
987 4494 1065 4569 quod
1096 4496 1231 4570 loquatur
1261 4496 1296 4557 de
1323 4500 1490 4575 Artaxerxe,

138 4575 242 4648 Dario,
269 4578 444 4649 Artaxerxe,
469 4579 633 4637 immediate
663 4581 788 4638 invicem
819 4580 1050 4641 succedentibus.
1097 4581 1155 4640 Alii
1185 4601 1253 4642 vero
1286 4603 1344 4644 uon
1367 4598 1492 4664 possunt

137 4661 229 4734 aliter,
254 4666 323 4738 quin
348 4663 550 4736 dicentium
574 4669 670 4742 capita
694 4672 710 4724 6
734 4674 763 4725 et
784 4673 811 4723 7.
837 4666 944 4726 Esdrae
967 4668 1079 4727 hiatum
1103 4673 1288 4730 commissum
1313 4683 1491 4751 essentque

137 4765 173 4809 eo
197 4750 376 4829 absorptum,
400 4750 429 4811 h.
448 4769 473 4810 e.
498 4751 614 4837 silentio
637 4755 822 4831 praeteritum
839 4753 977 4815 Xerxem.
1024 4754 1121 4831 Quare
1144 4775 1211 4818 cum
1223 4757 1356 4838 Scaliger
1367 4761 1490 4823 Esdram
