3284 5520
665 346 755 417 crput
772 345 847 403 VIII.
1013 422 1018 443 '
1369 340 1434 410 379
1536 292 1540 299 Ι

182 522 230 579 Sin
241 523 380 593 posterior
391 536 496 578 summa
508 520 557 577 det
567 522 610 592 00,
629 521 673 577 oui
685 535 795 594 appone
806 536 857 591 pro
871 521 903 581 to
921 520 989 577 loeis
1001 520 1077 592 prius
1089 518 1200 589 rejectis
1209 519 1268 589 iam
1281 518 1398 589 syphras
1410 518 1435 587 5,

40 605 100 661 ita
131 600 166 657 fit
184 602 261 659 radix
282 602 378 659 cubica
395 600 534 660 9000000.

564 759 835 823 ΡΒΑΕΟΕΡΤΙΙΜ
857 761 947 822 XIII.

102 877 262 937 Invenire
285 877 529 955 Louerithmurn,
553 876 682 937 indicem
703 880 911 953 proportionis
932 880 1013 937 inter
1034 876 1111 937 duos
1132 893 1275 937 numeros
1297 873 1391 933 detor.

183 997 325 1077 Magnum
354 998 445 1060 hahet
468 1016 552 1059 usum
576 998 633 1058 hoo
654 1006 842 1077 praeceptum
865 998 902 1057 ad
926 996 1073 1075 triangula
1094 996 1184 1074 plana
1206 997 1365 1070 solvenda,
1401 994 1437 1057 de
1508 990 1514 1009 '

47 1085 187 1163 quihus
210 1104 333 1163 agemus
356 1088 452 1164 eapite
475 1087 620 1162 sequenti

185 1172 259 1232 Sunt
275 1184 373 1233 autern
397 1191 481 1233 casus
496 1175 585 1232 varii:
609 1180 661 1232 aut
679 1170 756 1233 enirn
778 1178 901 1248 uterque
924 1170 1057 1231 datorum
1080 1174 1268 1232 terminorum
1291 1171 1439 1230 invenitur

55 1277 237 1336 expressus
260 1263 289 1320 in
313 1261 455 1336 chIliade,
479 1270 532 1320 aut
553 1260 628 1320 ulter
650 1259 756 1334 solum,
779 1266 832 1318 aut
852 1265 964 1319 uenter.
1003 1259 1080 1320 Etsi
1103 1266 1225 1337 uterque
1247 1262 1276 1317 iu
1294 1257 1436 1331 chiliade,

54 1352 149 1407 tuno
172 1349 194 1406 ii
217 1358 269 1407 aut
291 1351 417 1425 proximi
438 1355 508 1408 suut
528 1349 672 1421 Invicem,
695 1355 728 1407 ut
751 1350 823 1417 207,
848 1351 920 1420 208,
943 1362 995 1404 seu
1021 1353 1191 1424 2370000,
1216 1350 1385 1419 2380000,
1409 1351 1439 1404 et

52 1440 148 1493 tuno
171 1433 336 1496 differentia
352 1435 617 1514 Logarithutorum,
641 1436 768 1494 numerIs
790 1432 829 1493 ed
851 1433 930 1493 latus
950 1434 1197 1509 respondentium,
1220 1440 1265 1494 est
1288 1435 1439 1510 quaesitus

55 1524 278 1597 proportionis
300 1522 401 1597 iudex,
425 1529 456 1582 ut
477 1525 506 1581 in
530 1522 587 1582 hoo
609 1520 744 1600 exemplo
768 1524 883 1581 42105
906 1519 1017 1579 iudicat
1037 1525 1255 1599 proportionem
1276 1523 1351 1580 inter
1375 1525 1436 1579 237

57 1613 98 1664 et
130 1614 206 1669 238.
252 1610 315 1669 Aut
342 1627 401 1669 non
429 1620 497 1669 sunt
527 1611 652 1669 Invicem
681 1609 823 1685 proximi,
855 1606 908 1667 sed
939 1607 1050 1667 distant
1071 1609 1230 1685 interjectis
1252 1607 1335 1681 aliis,
1370 1616 1440 1666 tuno

57 1688 288 1771 Logarithmus
317 1698 437 1774 majoris
467 1698 615 1757 auferatur
642 1692 662 1757 a
689 1693 880 1773 Logarithrno
911 1696 1045 1771 minoris,
1079 1696 1204 1757 restabit
1231 1692 1439 1772 Logarithmus

56 1786 276 1861 proportionis
300 1787 374 1846 inter
398 1785 483 1846 datos
508 1787 657 1845 terminos.

189 1892 364 1963 Exempla.
400 1892 462 1948 Sint
478 1892 587 1947 termini
605 1890 790 1962 proportionis
809 1893 822 1947 1
842 1895 871 1946 et
888 1891 932 1949 80.

395 1983 499 2033 Numeri
535 1984 650 2035 1000.00
667 1984 730 2044 Lug.
748 1981 900 2033 40001703

394 2053 497 2103 Numeri
515 2055 648 2107 60000.00
668 2055 728 2114 Lug.
765 2052 1011 2117 01082.80;111711,

729 2122 940 2132 ——-——

62 2204 172 2262 potest
191 2120 270 2188 restat
287 2140 350 2200 Lug.
366 2142 540 2205 proportionis
558 2142 624 2190 luter
642 2140 714 2190 datos
749 2141 916 2201 40943447,
940 2134 987 2203 qui
1011 2132 1073 2189 ideo
1091 2142 1120 2189 et
1137 2132 1365 2206 sexugeouplaior
1387 2131 1442 2189 diei

457 2280 500 2330 sto
517 2282 614 2329 numeri
654 2281 767 2334 100000
785 2282 847 2340 Lug.
865 2278 1016 2330 40051703

484 2350 517 2398 Et
533 2352 631 2400 numeri
649 2353 763 2403 240000
782 2352 844 2413 Iros.
863 2350 1016 2401 87297014

205 2432 294 2481 Restat
312 2434 375 2495 Lug.
393 2436 483 2496 viginti
502 2436 658 2503 quadruplae
676 2439 848 2504 proportionis
883 2438 1024 2490 8784080.

186 2528 239 2589 Sin
269 2528 315 2590 rel
344 2538 447 2591 neuter
475 2550 512 2592 ex
534 2538 681 2607 terminis,
716 2536 765 2597 vel
788 2535 928 2595 alteruter
949 2532 1045 2593 solum
1067 2534 1215 2595 invenitur
1238 2546 1390 2606 expressus
1412 2530 1442 2587 iu

77 2606 234 2690 chiliade,
267 2626 337 2677 tuno
364 2617 411 2678 vel
439 2619 518 2679 eadit
547 2621 615 2681 talis
646 2624 721 2681 inter
751 2622 824 2683 duos
847 2621 990 2682 chiliadis
1019 2623 1168 2698 proximos
1190 2621 1317 2679 invicem
1341 2624 1443 2694 estque

79 2701 286 2779 ternpulosus,
321 2703 369 2764 vel
398 2706 512 2767 excedit
535 2711 694 2768 maximum
717 2708 867 2769 chiliadis
912 2708 948 2767 Iu
970 2710 1058 2785 priori
1081 2726 1152 2768 easu
1175 2706 1342 2767 elaboretur
1362 2707 1444 2781 prIus

81 2778 290 2866 Logarithmus
320 2794 432 2853 numeri
463 2796 626 2873 scrupulosi
657 2808 687 2856 et
715 2805 784 2857 tune
810 2814 862 2874 per
893 2814 960 2857 euru
990 2797 1121 2871 operatio
1144 2801 1189 2856 est
1210 2794 1332 2868 eudem,
1367 2809 1443 2869 quae

81 2877 173 2945 prins.
210 2877 246 2937 In
269 2882 423 2955 posteriori
446 2898 516 2941 essu
538 2892 691 2943 sumantur
712 2887 824 2943 numeri
847 2886 998 2961 utriusque
1020 2900 1115 2960 aeque
1136 2880 1313 2959 multiplices
1334 2886 1442 2956 partes,

82 2962 210 3025 minores
231 2969 360 3026 maximo
383 2966 534 3043 chiliadis,
558 2982 588 3030 et
609 2988 676 3031 eum
699 2988 798 3031 eorum
821 2971 1019 3048 Logarithmia
1042 2976 1147 3047 agutur
1168 2977 1201 3029 ut
1223 2986 1321 3047 supra.

328 3078 363 3127 Ut
380 3082 402 3129 st
419 3086 557 3145 quaeratur
574 3086 704 3149 proportio
722 3085 788 3132 iuter
809 3084 958 3136 10240000
977 3087 1002 3132 st
1021 3084 1178 3145 1ooooo.oo‚

80 3136 187 3196 dteutria
204 3161 248 3197 sos
267 3147 413 3213 aequaliter,
431 3156 461 3199 ut
478 3151 530 3200 sint
548 3168 633 3202 eorum
650 3162 736 3217 partes
754 3153 877 3216 decimas,
896 3152 992 3203 scilieet
1012 3154 1142 3205 1024000
1161 3155 1223 3214 hog.
1241 3151 1391 3201 22788080

1009 3225 1140 3277 1000000
1159 3224 1220 3287 hog.
1240 3222 1389 3274 200208.οΙ

896 3311 951 3359 Erit
967 3313 1139 3376 proportIouIs
1156 3312 1218 3373 Lug.
1272 3312 1399 3362 207106.

189 3396 217 3452 Ν
225 3404 298 3454 ota.
336 3399 365 3454 si
383 3415 556 3457 numerorum
575 3401 645 3457 alter
663 3402 746 3458 inerit
764 3402 823 3473 ipso
841 3402 975 3460 maximus
989 3401 1127 3467 chilindis,
1146 3411 1212 3457 tuno
1230 3402 1289 3471 ipse
1301 3400 1445 3469 Logarith-

71 3478 148 3531 ¹¹us
165 3476 278 3533 alterius
296 3478 402 3533 numeri
419 3486 463 3535 est
480 3479 562 3535 Index
581 3480 765 3550 proportionis
783 3480 855 3535 inter
873 3488 1028 3551 utrumque,
1046 3495 1096 3535 sen
1113 3479 1246 3551 positivus
1259 3476 1341 3533 inerit
1355 3477 1445 3547 Loga-

67 3540 201 3609 rithmus
226 3571 275 3611 seu
299 3556 457 3624 privativus.
493 3558 685 3626 Logarithmus
709 3560 780 3613 euim
805 3559 933 3615 delinitus
956 3566 1000 3614 est
1018 3562 1189 3629 (postprop.
1209 3555 1445 3625 nominatius

68 3635 169 3690 tuan
184 3635 254 3691 haue
270 3634 332 3706 ipsa
349 3634 500 3705 proportio.

568 3743 843 3807 PRAEcEPTUM
865 3745 952 3806 XIV.

69 3841 324 3936 onpmonem
352 3875 423 3917 eum
449 3860 587 3918 terminis
607 3861 672 3918 suis
692 3858 799 3918 dutum
820 3877 921 3919 rmore
942 3863 977 3919 in
997 3865 1115 3935 portet,
1146 3876 1226 3935 quur
1246 3859 1308 3917 sint
1330 3858 1373 3918 ud
1394 3860 1445 3917 in·

439 3948 534 4006 utrem
557 3949 592 4005 in
613 3946 678 4005 otiu
696 3950 897 4022 proportione
917 3950 1085 4023 proposita.

191 4064 264 4119 Data
282 4062 318 4117 sit
335 4062 477 4132 proportio
496 4063 568 4117 inter
585 4062 716 4117 terminos
729 4064 763 4120 37
777 4072 804 4117 et
817 4066 859 4119 03.
889 4064 966 4120 Haeo
978 4062 1119 4133 proportio
1132 4060 1168 4117 sit
1180 4058 1298 4117 secanda
1310 4061 1337 4115 iu
1350 4066 1445 4132 partes

74 4120 168 4215 ⁶3¹8,
192 4157 306 4210 quamn
331 4156 386 4194 uua
409 4140 445 4194 sit
466 4139 501 4194 ad
520 4141 647 4209 alteram,
672 4146 703 4196 ut
720 4142 736 4196 5
755 4139 790 4196 ad
808 4141 832 4195 2.
870 4141 957 4210 Igitur
973 4140 1156 4197 constituetur
1174 4138 1312 4208 quantitas
1331 4153 1445 4209 propor-

76 4204 170 4273 honis
187 4218 321 4274 secandae
338 4232 389 4286 per
405 4215 572 4286 praecedens
589 4225 774 4287 praeceptum.

661 4312 761 4381 Logar.
1047 4312 1148 4382 Logar.

365 4386 478 4437 Termini
514 4388 584 4438 3300
605 4413 633 4421 -
654 4388 759 4437 293740
827 4385 868 4437 vel
887 4389 974 4439 53000
994 4412 1023 4423 -
1045 4388 1133 4437 03488

512 4458 581 4508 3700
602 4484 632 4494 -
653 4457 759 4507 329084
886 4460 972 4510 37000
992 4484 1021 4494 -
1044 4457 1132 4507 22420

498 4528 780 4611 ProponnWssT
1044 4546 1140 4597 osser.

191 4638 254 4693 Jam
272 4636 411 4694 secundae
429 4638 623 4709 proportionis,
643 4637 794 4695 seeundum
811 4652 893 4707 quarn
910 4637 1028 4693 sennua
1046 4644 1089 4694 est
1106 4637 1202 4708 prima,
1220 4636 1327 4691 termini
1346 4640 1444 4695 sunto

10 4742 12 4747 ·
98 4717 154 4786 ut,
175 4734 280 4773 summa
292 4720 318 4773 7.
348 4715 446 4770 Divide
464 4717 548 4786 igitur
564 4716 750 4789 proportionis
768 4717 871 4787 primae
890 4718 1070 4785 quantitatem
1087 4717 1115 4773 in
1135 4718 1160 4785 i,
1178 4716 1231 4775 erit
1246 4731 1311 4787 pars
1329 4718 1446 4788 septima

101 4792 160 4853 titt
175 4804 204 4855 et
221 4797 293 4857 duae
310 4798 444 4873 septimae
464 4798 557 4870 10208,
576 4813 641 4873 ergo
659 4797 780 4870 quinque
798 4796 931 4871 septimus
948 4796 1045 4863 25670,
