3284 5520
672 345 715 401 De
732 343 841 415 Origine
860 346 996 402 Gentium.
1445 347 1509 415 801

152 518 264 577 athenis
288 535 381 596 usqne
404 519 441 579 ad
461 521 580 594 Baium,
604 522 729 599 indeque
752 524 894 600 paulatim
918 523 1058 602 repletam
1075 522 1222 584 a'l'ubale
1244 525 1369 600 primum
1385 523 1509 586 Germa-

151 609 230 666 niam
255 608 430 672 interiorem,
454 617 521 685 post
537 608 674 683 Galliam,
699 610 825 687 denique
839 611 1032 689 Hispaniam3
1056 612 1258 687 aThogorma
1281 611 1368 671 litora
1387 615 1508 690 repleta,

152 694 191 751 ab
214 693 346 753 Ascenas
370 704 399 754 et
421 695 532 773 Riphat
555 697 795 758 scandinaviam.
835 699 940 758 Thiras
964 717 1033 758 vero
1057 702 1148 776 primo
1165 699 1321 758 Thraciam
1346 709 1375 759 et
1390 700 1527 759 Melea·

153 783 240 855 vlam,
264 792 331 856 post
352 783 547 859 Walachiam,
573 785 719 858 Rasciam,
744 786 887 860 Serviam,
911 787 1182 864 Transsylvaniam,
1206 788 1395 860 Dalmatiam,
1419 789 1510 847 Illiri-

152 884 226 941 cum,
251 868 434 945 Hungariam
457 871 590 950 replevit.
635 873 729 933 Jonas
752 876 926 951 promiscue,
949 874 1001 934 sed
1026 877 1152 933 maxime
1174 875 1352 933 Dedanaeus
1375 894 1410 934 ex
1435 876 1509 935 Chio

153 965 182 1014 ct
205 956 294 1014 Samo
317 974 368 1034 per
383 958 529 1036 Cycladas
552 963 581 1017 in
603 960 756 1020 Graeciam
780 963 894 1037 trajecit
917 964 1017 1038 ibique
1035 963 1209 1038 Argiuorum
1234 980 1354 1037 reguum
1378 972 1407 1022 et
1429 967 1508 1039 prius

152 1044 181 1099 in
205 1043 410 1121 Peloponneso
433 1046 626 1124 Sicyonornm
650 1052 871 1120 constituerunt,
895 1051 972 1109 unde
996 1050 1102 1123 Dauni,
1127 1050 1291 1109 Dodonaei.
1330 1051 1379 1109 Sic
1401 1036 1507 1109 curtim

152 1147 187 1189 ea
212 1130 255 1190 Co
278 1139 308 1190 et
330 1132 435 1192 erodo
459 1134 575 1194 Cretam
598 1139 682 1212 petiit
696 1137 805 1212 'ibique
828 1144 940 1197 mature
964 1140 1035 1196 satis
1060 1145 1105 1197 est
1126 1140 1316 1213 imperatnm3
1348 1138 1415 1196 inde
1447 1139 1509 1197 lieri

150 1225 256 1294 potest,
281 1229 313 1277 ut
336 1221 502 1296 appulerint
517 1226 546 1280 in
562 1223 807 1301 Peloponnesum,
833 1242 868 1296 qa
885 1241 920 1283 eo
935 1227 964 1281 in
981 1225 1100 1300 Epirum
1117 1233 1146 1284 et
1161 1225 1377 1298 Macedoniam,
1401 1243 1509 1300 quam-

153 1308 199 1363 vis
222 1305 397 1366 Macedonia
420 1308 566 1369 Tlrraenm
594 1314 689 1386 magis
714 1323 744 1370 et
765 1312 938 1370 Illirieorum
967 1313 1101 1371 videatur
1125 1330 1188 1372 esse
1212 1313 1340 1385 colonia,
1371 1315 1426 1370 nisi
1450 1311 1508 1371 Or·

141 1392 235 1451 'belus
263 1411 346 1452 mons
375 1397 530 1473 impediat,
565 1407 595 1456 at
617 1416 653 1458 ex
677 1399 772 1458 Lesbo
797 1403 824 1457 in
849 1400 999 1458 Euboeam
1024 1407 1052 1458 et
1074 1392 1257 1459 Thessaliam
1283 1401 1405 1472 Aeolus,
1431 1400 1509 1459 unde

151 1481 226 1539 lorte
248 1479 382 1542 Hellines
412 1487 475 1543 orti.
521 1484 647 1561 Replcta
669 1487 757 1563 Epiro
782 1497 900 1546 ventum
923 1490 952 1545 in
977 1486 1093 1545 Italiam
1116 1496 1145 1546 et
1168 1487 1315 1560 Siciliam;
1345 1487 1508 1564 Tyrrhenia

150 1575 247 1626 tamen
270 1571 333 1628 sive
357 1570 475 1645 Tuscia,
498 1580 573 1631 teste
596 1571 757 1646 Herodoto,
782 1583 925 1650 occupata
948 1583 992 1632 est
1007 1593 1025 1632 a
1040 1574 1141 1651 Lydis,
1166 1592 1260 1650 eoque
1284 1578 1401 1634 inrecta
1418 1575 1508 1632 Asia·

150 1657 209 1713 tica
232 1654 341 1732 lingua,
365 1658 610 1734 quemadmodum
627 1681 645 1720 a
661 1661 862 1721 Phocensibus
879 1661 1040 1720 Massiliae.
1080 1663 1156 1720 Fieri
1181 1671 1277 1720 tamen
1293 1670 1399 1738 potest,
1423 1670 1455 1720 ut
1472 1679 1507 1720 ex

151 1743 250 1801 Attica
272 1745 404 1804 nonnulli
427 1748 457 1804 in
477 1747 617 1820 Siciliam,
643 1752 714 1825 quia
729 1751 858 1825 conspici
874 1757 980 1825 potest,
1003 1752 1097 1824 magis
1113 1752 1141 1805 in
1158 1749 1331 1822 Sardiniam,
1357 1748 1506 1807 Corsicam

149 1838 179 1888 et
201 1833 244 1888 sic
260 1833 289 1888 in
305 1832 423 1891 ltaliam
438 1835 613 1910 trajecerint,
637 1844 670 1895 ut
684 1838 997 1914 etiamposterioribus
1014 1837 1193 1914 temporibus
1207 1835 1370 1911 Hispaniae
1387 1837 1506 1897 iactum.

149 1917 254 1993 Itaque
283 1935 382 1979 omnes
405 1920 601 1998 Japetigenae
631 1924 734 1982 cedern
758 1925 915 1983 utebantur
937 1941 1085 1994 sermone,
1117 1925 1200 2000 cujus
1223 1926 1316 1999 prima
1340 1924 1507 1983 discrimina

148 2002 259 2063 Jonum
290 2016 318 2066 et
342 2009 539 2082 Cimbrorum,
572 2012 745 2085 quibuscum
774 2012 903 2071 Thraces
931 2022 959 2070 et
989 2010 1145 2070 Tubalitae
1173 2011 1336 2082 iaciebant,
1367 2028 1504 2070 successu

147 2091 312 2152 seculorum
335 2094 495 2155 'l'hraeiens
524 2097 642 2157 deflexit
669 2098 794 2174 longius.
842 2100 889 2157 Ab
911 2097 1019 2157 donica
1043 2099 1148 2157 Latina
1171 2097 1271 2174 lingua
1295 2097 1427 2157 derivata
1450 2109 1503 2171 est,

148 2177 365 2239 Camaritarum
389 2191 419 2242 et
433 2183 556 2243 Tubalis
580 2185 681 2244 eadem
705 2187 764 2244 iere
780 2195 856 2260 erat3
880 2184 968 2244 hodie
984 2203 1102 2261 quoque
1118 2194 1147 2244 et
1162 2185 1392 2244 derivationibus
1407 2189 1504 2243 nouri-

147 2284 216 2326 num
248 2276 278 2327 et
307 2270 399 2328 torma
428 2271 528 2347 lingua
563 2270 678 2333 Graeca
701 2271 893 2332 Germanicae
924 2275 1020 2331 vicina
1051 2281 1103 2331 est.
1149 2272 1186 2330 Et
1216 2275 1320 2330 mirum
1344 2281 1405 2343 est,
1438 2290 1503 2331 cunr

148 2355 219 2413 olim
249 2358 278 2412 in
308 2365 389 2416 tanta
419 2362 551 2434 gentium
580 2361 660 2419 rabie
689 2361 782 2419 nihilo
811 2363 965 2437 pauciores
988 2360 1086 2418 clades
1111 2377 1146 2419 ex
1170 2360 1321 2418 occidione
1344 2359 1504 2419 acciderint

146 2460 182 2501 ac
198 2441 285 2502 hodie
301 2444 445 2518 accidunt,
469 2446 556 2505 bodie
572 2465 641 2507 vero
656 2448 748 2505 nihilo
762 2448 919 2508 steriliores
935 2448 1025 2506 simus
1040 2465 1074 2506 ac
1087 2447 1166 2518 illae,
1189 2445 1287 2505 nullas
1301 2454 1398 2506 tamen
1416 2447 1503 2506 hodie

145 2532 278 2605 gentium
301 2532 510 2592 universalium
527 2534 657 2595 accidere
673 2538 871 2611 migrationes.
911 2534 995 2593 Certe
1012 2534 1128 2607 Heneti,
1154 2533 1256 2599 Getae,
1281 2534 1381 2607 Gothi,
1407 2535 1503 2592 Wan-

145 2616 215 2689 dali,
240 2617 340 2676 Hunni
364 2622 392 2677 in
418 2621 544 2697 repletas
567 2625 700 2698 regiones
724 2627 895 2700 irruperunt.
934 2621 1111 2682 Crediderim
1128 2624 1237 2698 itaque,
1261 2620 1361 2680 divino
1377 2622 1502 2681 consilio

145 2703 234 2763 bodie
257 2722 375 2783 quoque
399 2708 528 2769 detectas
552 2711 746 2786 amplissimas
769 2719 866 2788 partes
890 2710 977 2782 orbis,
1001 2726 1033 2768 ιιι
1056 2718 1086 2770 et
1108 2709 1175 2768 illae
1196 2708 1399 2785 implerentur3
1424 2718 1501 2769 certe

146 2808 195 2850 ars
217 2795 377 2870 navigandi
400 2812 458 2853 non
483 2805 526 2859 est
549 2798 655 2857 frustra
678 2799 763 2858 nobis
785 2805 943 2859 reservata.
982 2798 1056 2872 Fiet,
1082 2805 1113 2856 nt
1137 2799 1295 2874 migremus
1312 2815 1328 2855 e
1344 2795 1502 2856 Germania

145 2880 176 2935 in
198 2878 306 2940 Indias.

513 3004 582 3070 lost
604 3004 795 3070 relectionem
818 3018 899 3071 nnno
924 3004 1009 3070 1622.
1032 3003 1134 3086 tprrll.

250 3145 350 3205 Moses
375 3147 467 3223 praeit
490 3146 575 3203 nobis
598 3146 636 3204 ad
659 3148 846 3205 terminorum
869 3162 976 3221 genera
999 3144 1190 3221 conjicienda.
1232 3144 1307 3203 Nam
1332 3147 1359 3201 in
1382 3144 1501 3221 Japeti-

143 3250 285 3308 genarum
309 3234 420 3292 familia
442 3236 572 3291 meminit
595 3237 692 3292 maris.
735 3234 801 3309 ,nb
825 3232 901 3304 his“,
926 3235 1030 3307 inquit,
1057 3231 1190 3307 ,divisae
1213 3240 1281 3290 sunt
1298 3232 1411 3291 insulae
1426 3250 1501 3308 gen-

144 3323 247 3383 tium.“
288 3321 406 3380 Insulae
430 3338 499 3379 vero
523 3329 590 3378 suut
613 3324 642 3378 in
665 3323 746 3378 mari.
785 3321 818 3378 In
841 3319 952 3378 familia
977 3321 1185 3378 Cananitarum
1210 3320 1283 3392 loca,
1308 3338 1383 3394 quae
1399 3318 1499 3378 Moses

143 3426 198 3485 pro
229 3411 358 3468 terminis
388 3408 537 3485 praefigit,
568 3416 636 3471 suut
658 3428 676 3466 a
698 3417 796 3466 nroute
821 3408 934 3465 Libano
965 3424 1015 3483 per
1045 3416 1154 3465 tractus
1177 3405 1316 3466 Jordanis
1348 3425 1441 3483 usque
1471 3410 1499 3464 in

145 3496 351 3573 asphaltidem
374 3507 402 3556 et
425 3505 564 3554 montana
579 3496 747 3555 idumaeae.
784 3494 818 3554 In
841 3496 951 3553 familia
966 3493 1099 3553 Jectonls
1123 3512 1235 3553 rursum
1255 3503 1383 3553 montem
1401 3497 1498 3554 orien-

145 3583 234 3643 talem
258 3583 371 3661 Sephar
393 3586 533 3643 nominat.
700 3590 704 3596 '

249 3671 322 3730 Cum
354 3674 441 3749 igitur
464 3671 579 3730 'laurus
604 3688 686 3729 mons
709 3669 837 3746 applicet
859 3668 937 3728 latus
960 3669 997 3727 ad
1020 3672 1115 3727 sinum
1139 3669 1261 3728 issicum
1285 3670 1430 3745 proxime,
1467 3677 1499 3727 nt

143 3755 250 3817 Strabo
267 3766 398 3833 testatur,
423 3761 577 3834 acquirens
593 3760 632 3817 ibi
650 3758 833 3817 altitudinem
850 3759 1000 3831 insignem,
1024 3757 1148 3832 indeque
1165 3764 1348 3816 transversus
1364 3757 1500 3815 incedens

142 3861 196 3920 per
219 3846 386 3906 Armeniam
416 3855 444 3905 et
467 3845 610 3919 Mediam,
643 3854 723 3903 trans
746 3845 924 3920 Euphratem
954 3842 1103 3916 tendatur,
1136 3847 1178 3902 sic
1207 3854 1240 3902 ut
1269 3845 1307 3903 ab
1330 3843 1386 3902 hoc
1409 3845 1499 3902 fluvio

143 3934 229 4008 quasi
252 3937 361 3993 scissus
385 3951 448 3993 esse
472 3933 616 4006 uidentur,
639 3951 704 3991 cunr
727 3932 795 3990 inde
818 3931 856 3989 ad
880 3931 951 3990 lines
969 3948 1039 3989 eoos
1059 3933 1147 3990 maris
1163 3931 1292 4008 Hyrcani
1309 3940 1413 4007 pergat
1428 3948 1499 3989 con·

141 4021 242 4078 tinans
265 4039 436 4098 rursumque
461 4020 527 4079 inde
551 4038 643 4096 usquc
666 4019 703 4078 ad
726 4037 804 4078 mare
828 4035 922 4091 eoum,
947 4021 1077 4095 inprimis
1100 4036 1170 4078 uero
1195 4036 1260 4077 cunr
1279 4035 1338 4075 una
1361 4018 1425 4093 ejus
1451 4017 1500 4076 ala

142 4114 211 4182 post
227 4107 361 4169 Ciliciam
385 4108 535 4168 scindatur
550 4110 587 4166 ab
603 4111 666 4183 ipso
684 4109 926 4181 continueturqne
944 4124 1036 4181 usque
1052 4106 1090 4164 ad
1105 4106 1299 4183 Euphratem:
1324 4105 1403 4162 nibil
1413 4108 1499 4177 igitur

140 4192 232 4254 habat
255 4197 385 4275 absurdi,
409 4199 433 4254 si
457 4195 606 4268 dieamus,
630 4193 756 4253 Semitas
780 4215 798 4253 a
819 4192 967 4269 Japetidis
991 4193 1103 4252 divisos
1125 4195 1215 4252 luisse
1239 4194 1385 4252 montanis
1408 4192 1499 4249 Tarni

141 4290 172 4341 et
196 4281 321 4360 limami,
345 4303 364 4344 a
387 4283 529 4342 Chamitis
553 4283 667 4341 Libano
690 4291 719 4341 et
743 4284 777 4339 iis
800 4283 955 4355 montanis,
980 4298 1056 4357 qnae
1078 4280 1220 4353 lacobus,
1244 4282 1414 4339 transmisso
1438 4280 1500 4336 Eu·

139 4368 260 4446 phrate,
285 4383 402 4431 secutus
426 4381 469 4430 est
494 4370 567 4429 Gen.
593 4376 643 4442 31,
669 4376 718 4442 21,
743 4376 856 4427 montes
880 4367 985 4427 Gilead
1010 4368 1089 4428 dicti.
1127 4367 1202 4427 Nam
1226 4370 1255 4425 in
1278 4367 1328 4425 illa
1352 4369 1499 4442 paucitate

138 4460 255 4533 generis
278 4459 399 4520 humani
422 4466 560 4517 montana
583 4457 684 4533 procul
710 4456 799 4515 dubio
822 4465 909 4533 prout
929 4473 1034 4530 aspera
1060 4463 1089 4515 et
1109 4455 1219 4514 inculta
1236 4455 1404 4532 posthabita
1419 4453 1499 4511 inere

140 4548 368 4622 campestribus,
399 4564 454 4608 nec
483 4548 510 4602 in
541 4546 703 4621 portiones,
735 4545 790 4601 nisi
823 4546 1008 4602 terminorum
1041 4543 1167 4600 invicem
1203 4551 1233 4601 et
1263 4541 1353 4600 veluti
1384 4558 1498 4617 saepes,

139 4636 308 4710 accensita,
338 4635 499 4710 videasque
524 4635 611 4692 etiarn
634 4630 737 4703 hodie,
762 4632 869 4689 limites
892 4633 1042 4706 regionum
1066 4631 1253 4688 finitimarum
1277 4631 1354 4688 cerni
1378 4629 1499 4704 potissi·

137 4737 220 4780 mum
245 4724 378 4800 apicibus
401 4724 542 4780 montium
565 4720 696 4791 silvosis,
729 4718 805 4777 unde
827 4718 922 4776 lentes
946 4724 974 4777 et
997 4735 1097 4776 anroes
1122 4720 1150 4774 in
1174 4717 1289 4775 diversa
1312 4715 1497 4775 delabuntur.

246 4808 321 4870 Cam
350 4811 440 4887 igitur
462 4809 563 4869 Media
589 4808 628 4866 sit
655 4808 732 4865 intra
754 4804 883 4865 Taurum
906 4812 936 4864 et
958 4807 988 4862 in
1011 4804 1125 4880 Tauro,
1154 4811 1401 4880 accenseaturqnc
1425 4804 1500 4863 inter

217 4927 313 4981 aqna
326 4926 410 4980 epac
437 4926 489 4969 vra
1248 4912 1286 4970 bl
