3284 5520
224 339 287 407 132
722 337 765 392 ne
784 336 903 392 comeus
921 335 1007 392 risen
1024 336 1073 391 111.

220 517 311 595 paulo
334 521 402 577 ante
425 522 554 576 cometas
576 521 692 575 nostros
708 512 836 595 coortis),
860 514 920 575 alia
943 522 1040 574 tamen
1064 530 1099 572 ex
1123 529 1159 573 eo
1182 519 1314 589 tempore
1335 518 1499 573 consecuta
1516 512 1586 574 lue-

221 615 298 677 runt‚
323 605 429 682 quibus
451 604 494 662 iili
518 611 649 663 cometae
673 605 830 664 tuebantur
852 620 936 662 suarn
960 603 1222 674 existimationem
1246 617 1315 659 nam
1330 609 1448 660 cometa
1463 600 1584 676 quidem

220 710 279 751 nou
309 692 424 752 ridetur
453 709 527 768 opus
555 692 647 750 fuisse
678 691 715 750 ad
745 690 983 767 significandum,
1014 689 1115 747 urbem
1138 688 1218 747 illam
1241 687 1289 747 vel
1311 696 1431 764 captum
1454 689 1504 748 vel
1525 690 1584 748 ob·

221 780 335 839 sidione
358 780 514 838 liberatum
537 781 586 851 iri,
611 796 735 853 quorum
758 779 929 837 alterutrum
950 783 1156 848 eratnccessc,
1179 786 1286 852 coepta
1300 775 1392 834 semel
1406 777 1447 834 ab
1460 777 1583 834 immani

222 876 251 926 et
274 867 386 926 tumido
409 867 494 926 hoste
517 865 680 926 obsidione.
724 865 831 943 Itaque
859 866 949 923 fertur
971 863 1157 923 Mahometes
1180 865 1285 940 viginti
1308 862 1433 921 millium
1455 864 1582 922 mllitum

220 954 368 1030 impendio
392 958 579 1012 continuasse
603 956 861 1030 oppugnationem,
885 952 979 1011 donec
1000 954 1075 1027 ipse,
1098 949 1219 1010 vulnere
1242 958 1381 1026 accepto,
1409 950 1499 1026 fugae
1521 966 1582 1009 uon

219 1043 316 1100 minus
345 1042 503 1100 damnosae
534 1041 603 1100 lecit
635 1044 757 1099 initium.
804 1041 881 1100 Pace
910 1056 980 1098 vero
1007 1038 1122 1098 reddita
1144 1036 1331 1115 Huugariae,
1363 1053 1429 1097 cum
1451 1037 1581 1097 Ioannis

217 1124 387 1187 HunniadIs
418 1131 447 1186 iu
478 1128 558 1186 urbis
589 1128 757 1187 defensione
789 1130 881 1186 virtus
909 1128 1067 1203 praecipua
1096 1128 1250 1185 enituisset
1278 1127 1362 1201 isque
1391 1127 1497 1184 unicus
1516 1127 1581 1201 jam

219 1218 303 1292 regni
325 1218 380 1274 sub
404 1232 472 1291 rege
488 1215 627 1274 Ladislao
651 1215 839 1275 adolescente
859 1222 1000 1290 patronus
1016 1221 1045 1272 et
1062 1212 1197 1272 defensor
1211 1213 1377 1285 haberetur,
1400 1221 1497 1272 morte
1515 1213 1581 1288 ejus

218 1302 303 1362 brevi
325 1313 483 1362 consecuta
506 1303 656 1361 turbarum
680 1306 842 1378 ingentium
865 1303 977 1360 exstitit
1001 1303 1126 1360 occasio.
1164 1300 1357 1360 DissIdebant
1372 1301 1401 1356 iu
1417 1299 1488 1358 aula
1503 1302 1581 1375 regis

220 1387 368 1465 Ungariae
392 1400 422 1449 et
444 1389 606 1451 Bohemiac
628 1389 819 1466 ejusdemque
842 1388 1005 1449 archidqus
1023 1390 1159 1448 Austriae
1183 1387 1361 1466 capitelibus
1383 1384 1461 1445 odiis
1476 1387 1579 1446 Eirin-

219 1492 307 1551 gerus
331 1476 469 1535 Austrius
491 1486 520 1537 et
544 1494 641 1536 comcs
664 1477 772 1551 Ciliae3
800 1492 877 1536 auno
906 1478 1048 1554 superiori
1073 1476 1123 1534 ille
1146 1475 1225 1534 bunc
1246 1472 1414 1551 expulerat,
1442 1474 1509 1549 jam
1531 1474 1581 1533 bic

218 1563 269 1623 illo
293 1565 423 1622 vicissim
447 1565 541 1639 ejecto
563 1565 707 1640 regnabat
729 1566 819 1623 solue.
858 1562 937 1622 Huic
959 1564 1048 1638 igitur
1071 1565 1169 1621 comiti
1191 1561 1285 1622 ciliae
1307 1559 1443 1620 invidens
1466 1560 1577 1621 Lsdis-

216 1650 283 1710 laus
306 1649 474 1710 Hunniadis
505 1650 598 1724 filius,
630 1659 752 1727 paterna
775 1651 871 1726 gloria
892 1653 993 1723 nixus,
1026 1653 1181 1710 occasione
1204 1658 1322 1728 captata
1344 1648 1427 1707 Illum
1451 1649 1578 1708 obtrun-

218 1740 315 1811 cavit,
349 1755 439 1815 quare
468 1740 532 1813 lpse
555 1756 620 1797 curn
644 1741 730 1798 tratre
752 1737 880 1797 Matthia
902 1739 931 1795 iu
953 1737 1074 1797 vincula
1096 1739 1236 1813 conjecti,
1269 1738 1366 1813 capite
1387 1736 1495 1812 plexus
1517 1736 1578 1810 ille,

216 1827 272 1884 iste
295 1825 422 1901 Pragam
451 1832 627 1902 pertractus,
661 1843 726 1885 cum
755 1844 806 1884 rcx
834 1825 872 1885 ad
901 1828 1020 1902 nuptias
1048 1828 1195 1902 proiectus
1218 1829 1281 1901 ipse
1303 1827 1392 1884 etiarn
1416 1824 1500 1883 brevi
1525 1840 1579 1883 ex·

216 1914 341 1970 stinctus
363 1921 417 1971 est.
462 1912 605 1972 Matthias
629 1931 647 1971 a
671 1911 798 1989 Georgio
822 1912 1018 1971 Podiebradio
1041 1915 1123 1988 regni
1146 1913 1341 1989 gubernatore
1356 1928 1373 1970 e
1390 1912 1517 1970 vinculis
1540 1910 1579 1971 ad

216 2014 339 2076 reguum
363 1997 510 2075 Ungariae
534 2001 744 2076 capessendum
769 2000 920 2073 dimissus,
949 1999 1162 2059 Podiebradius
1185 2003 1248 2075 ipse
1270 2016 1321 2058 rex
1344 1997 1507 2058 Bobcmiae
1530 2016 1579 2058 re·

218 2089 391 2160 nunciatus,
424 2087 545 2145 Austris
568 2104 638 2146 vero
662 2088 783 2146 dissidio
805 2085 981 2160 haeredum,
1015 2089 1066 2163 qui
1088 2087 1204 2145 luerunt
1226 2087 1392 2145 rudericus
1414 2085 1579 2162 Imperator

220 2183 249 2232 et
273 2174 414 2232 Albertus
436 2174 541 2233 fratrer
564 2183 594 2233 et
615 2176 756 2251 patruelis
780 2174 895 2233 illorum
918 2174 1137 2250 Sigismuudus,
1169 2174 1356 2235 vehementer
1379 2172 1491 2232 aiflicta
1512 2174 1578 2232 luit.

216 2259 364 2320 Malorum
394 2259 474 2320 haud
504 2264 599 2319 minor
620 2279 706 2339 seges
727 2265 817 2322 etiam
840 2262 912 2321 alibi
934 2264 1083 2337 provenit:
1115 2264 1144 2319 iu
1168 2278 1256 2338 reguo
1279 2243 1479 2337 Neapolitarlo
1500 2263 1579 2320 circa

218 2364 327 2406 annum
351 2354 431 2407 ortus
453 2356 585 2408 cometae
608 2356 702 2409 terrae
724 2357 834 2419 motus,
864 2360 897 2407 ut
919 2352 1037 2408 Aeneas
1059 2346 1171 2408 Silvius
1192 2350 1310 2422 scribit,
1343 2355 1472 2424 quartus
1493 2346 1579 2407 nulla

215 2453 339 2494 avorum
355 2438 504 2510 memoria,
527 2444 621 2495 multa
642 2440 722 2513 regni
747 2436 857 2514 oppida
870 2435 1002 2495 funditus
1019 2440 1186 2514 prostravit,
1212 2453 1301 2495 unum
1315 2436 1474 2494 Arrianum
1487 2438 1577 2512 peni·

215 2531 265 2581 tus
288 2531 365 2582 terra
387 2522 531 2596 condidit,
554 2526 674 2600 trigInta
696 2524 790 2584 millia
810 2523 960 2582 hominurn
984 2525 1013 2580 iu
1036 2525 1126 2582 ruinis
1150 2527 1305 2601 oppressit.
1350 2520 1392 2582 Ut
1409 2521 1473 2596 jam
1495 2525 1578 2581 mitis

215 2611 301 2668 nobis
324 2609 417 2670 videri
441 2613 535 2687 possit
558 2611 607 2670 ille
630 2614 659 2669 in
682 2607 787 2671 Rhetis
809 2613 992 2670 tristissimus
1016 2628 1110 2682 casus,
1132 2614 1162 2668 in
1178 2615 1275 2688 ipsum
1290 2618 1434 2671 cometam
1449 2611 1577 2685 primunr

215 2696 361 2771 incidens,
392 2715 450 2773 quo
473 2697 622 2756 Plureium
645 2698 785 2775 oppidum
809 2700 892 2756 ruina
914 2700 1022 2758 monile
1044 2697 1192 2774 sepultum
1215 2706 1275 2772 est,
1303 2698 1456 2758 exstinctis
1478 2699 1577 2756 minus

216 2801 304 2859 qnam
328 2785 420 2844 tribus
443 2785 573 2844 millibus
595 2786 755 2845 bominum.
801 2785 910 2844 Secuta
931 2802 1002 2845 vero
1025 2793 1071 2845 est
1092 2803 1170 2844 auno
1196 2786 1289 2844 1458.
1320 2784 1469 2861 Alphousl
1495 2788 1576 2861 regis

215 2888 301 2946 mors,
326 2889 402 2948 qnae
424 2872 652 2949 Neapolitanum
675 2890 795 2950 regnum
819 2881 848 2931 et
869 2873 958 2949 longo
981 2881 1011 2933 et
1032 2875 1116 2949 gravi
1141 2872 1218 2932 bello
1240 2870 1393 2950 implicuit.

318 2960 424 3034 Itaque
453 2962 642 3036 praecipuam
672 2960 722 3019 bic
751 2967 865 3019 cometa
888 2960 1059 3019 conciliavit
1081 2963 1284 3021 auctoritatem
1307 2959 1351 3019 illi
1372 2956 1480 3018 Isidori
1503 2974 1575 3018 sen·

213 3047 337 3118 tentiae,
370 3044 440 3104 dum
463 3050 518 3105 ait:
551 3055 665 3106 cometa
687 3064 740 3124 per
762 3054 841 3105 astra
864 3064 1007 3124 apparens
1029 3056 1170 3123 tanquam
1193 3063 1364 3124 praecursor
1384 3047 1467 3121 regni
1490 3061 1576 3105 com-

125 3182 131 3191 .
213 3136 406 3191 mutationem
429 3135 518 3192 sertin
540 3134 708 3206 ostendere,
739 3152 815 3211 quae
844 3151 895 3210 per
916 3136 1055 3210 principis
1078 3144 1200 3195 mortem
1224 3136 1300 3194 solet
1322 3136 1451 3194 evenire.
1496 3133 1574 3192 Nam

153 3252 156 3257 ·
213 3219 306 3291 vides,
331 3228 423 3278 morte
446 3237 546 3297 regum
562 3220 695 3280 Ladislai
716 3229 746 3280 et
769 3221 915 3298 Alphonsi
937 3231 1032 3281 status
1054 3239 1210 3299 regnorum
1232 3221 1393 3281 Bohemiae
1415 3227 1446 3279 ct
1469 3216 1575 3297 nga·

213 3308 275 3365 riae
298 3313 501 3382 commutatos,
525 3309 675 3367 translatis
697 3312 820 3384 sceptris
835 3327 853 3366 a
869 3311 950 3385 regia
972 3310 1083 3368 familia
1106 3311 1144 3369 ad
1167 3313 1253 3369 sortis
1269 3311 1413 3369 interioris
1428 3306 1573 3382 homines,
1628 3382 1633 3391 μ

212 3396 296 3469 regni
318 3411 389 3453 vero
410 3394 597 3473 Neapolitani
620 3404 650 3455 et
674 3396 810 3455 Austriae
832 3404 941 3455 statum
958 3413 974 3454 e
990 3396 1114 3473 pacifico
1137 3404 1348 3457 commutatum
1371 3399 1400 3455 in
1424 3394 1573 3455 bellicum.

319 3481 415 3541 Venio
439 3483 477 3542 ad
500 3483 750 3558 particulariorem
774 3484 998 3560 descriptionem
1021 3487 1257 3560 apparentiarum
1274 3491 1414 3557 cometae,
1438 3498 1575 3560 pracser-

214 3569 267 3625 tim
290 3567 395 3641 ultimi,
419 3580 537 3629 secutus
561 3572 687 3646 vestigia
709 3570 911 3647 descriptionis
935 3580 1067 3631 cometae
1089 3574 1158 3630 anni
1183 3574 1277 3631 1607.

318 3655 374 3714 Die
397 3659 487 3731 igitur
510 3660 559 3717 24.
583 3657 659 3716 Nor.
684 3674 720 3716 ex
741 3657 901 3734 Scorpione
926 3666 1045 3718 coactus
1068 3676 1104 3718 cx
1128 3660 1333 3735 conjunctione
1356 3656 1443 3730 Solis,
1467 3664 1573 3717 exortu

216 3745 360 3802 matutino
384 3742 431 3802 die
456 3745 505 3802 18.
521 3743 590 3803 Jan.
615 3747 643 3801 in
660 3744 772 3804 Cancro
795 3746 888 3805 videri
905 3744 1001 3817 desiit,
1025 3763 1160 3806 emensus
1176 3750 1342 3827 oppositum
1357 3744 1446 3818 Solis,
1469 3761 1574 3805 emen-

212 3846 263 3887 sus
293 3829 383 3906 paulo
414 3832 509 3889 minus
541 3848 628 3907 quam
657 3835 772 3891 tertiam
803 3841 916 3908 partem
946 3833 1137 3909 longitudinis
1159 3838 1308 3910 signorum
1332 3842 1433 3892 conca
1455 3830 1573 3891 illorum

215 3916 345 3976 ordinem
368 3924 397 3975 et
420 3919 450 3976 in
473 3917 684 3991 antecedentia,
708 3919 796 3995 idque
819 3922 848 3976 in
872 3920 981 3979 circulo
1003 3938 1111 3997 magno
1134 3925 1273 3999 proxime,
1298 3921 1336 3980 ad
1358 3919 1460 3995 polum
1479 3922 1575 3984 rehe-

213 4014 325 4063 menter
347 4002 449 4063 arduo.
494 4004 560 4063 Non
584 4007 672 4081 igitur
695 4022 760 4065 cum
783 4008 900 4082 trigono
924 4009 1011 4082 lgneo
1034 4012 1228 4085 conspiravit,
1257 4012 1288 4066 iu
1316 4024 1375 4084 quo
1402 4024 1481 4068 nuuc
1503 4028 1574 4070 ver-

213 4109 320 4164 samur,
345 4093 396 4151 sed
420 4093 518 4168 potine
541 4109 607 4151 cum
630 4110 735 4168 aqueo,
760 4096 811 4169 qui
834 4101 954 4154 exactos
978 4095 1118 4156 ducentos
1141 4113 1234 4155 anuos
1256 4097 1422 4171 occupavit.
1458 4095 1574 4156 Culmi-

212 4181 332 4238 natioue
362 4196 417 4237 sua
448 4180 559 4238 nullam
587 4182 656 4239 iecit
684 4180 814 4240 locorum
844 4181 1076 4257 distinctionem,
1107 4191 1305 4259 transgressus
1329 4185 1460 4241 omnium
1481 4188 1574 4245 totius

211 4265 419 4342 hemisphaerii
448 4268 539 4326 nostri
567 4267 737 4327 habitabilis
760 4270 894 4328 vertices.
939 4268 996 4329 Sed
1020 4287 1115 4346 neque
1137 4272 1162 4329 si
1186 4269 1325 4329 circulum
1349 4270 1413 4345 ejus
1436 4273 1466 4328 in
1489 4272 1573 4332 bori-

212 4362 328 4414 aontem
351 4370 467 4431 ponam,
491 4354 631 4413 notabilis
654 4355 780 4430 alicujus
802 4355 859 4416 loci
883 4355 1008 4416 altitudo
1023 4358 1083 4434 poli
1099 4360 1241 4433 signatur,
1266 4357 1317 4418 sed
1334 4358 1464 4417 locorum
1479 4376 1573 4420 sonae

213 4441 340 4500 torridae
362 4443 471 4517 potins,
495 4441 703 4517 aequinoctiali
727 4445 898 4515 vicinorum,
922 4453 955 4501 ut
976 4452 1044 4504 sunt
1067 4444 1214 4523 Indorum,
1237 4445 1379 4519 Arabum,
1403 4444 1573 4523 Abyssiuo·

211 4543 275 4585 rum
307 4537 337 4588 et
359 4530 513 4588 Americae
543 4530 620 4588 circa
649 4528 788 4589 isthmum
818 4538 847 4590 et
869 4531 1031 4591 Panamam
1055 4534 1165 4592 urbem.
1209 4532 1295 4594 Haec
1324 4550 1394 4609 ego,
1425 4534 1572 4610 siquidem

211 4614 355 4675 trahenda
378 4615 483 4675 luerint
505 4615 543 4674 ad
566 4615 733 4675 formandas
756 4619 957 4694 conjecturas,
988 4621 1030 4678 sic
1052 4620 1270 4696 interpretanda
1293 4622 1470 4694 censuerim,
1494 4625 1572 4682 omi-

211 4715 286 4759 nosu
308 4704 492 4778 potissimum
515 4720 580 4763 esee
603 4705 780 4780 provinciis,
804 4722 878 4781 quas
901 4706 1028 4782 Hispani
1051 4715 1081 4766 et
1103 4706 1238 4767 Lusitani
1260 4710 1298 4769 ab
1321 4711 1406 4768 anuis
1430 4711 1493 4770 120
1516 4709 1571 4770 de·

210 4796 345 4849 texerunt
367 4789 417 4850 vel
438 4798 635 4867 occuparunt3
665 4792 695 4849 in
724 4791 784 4852 illis
813 4796 890 4854 enirn
917 4802 1092 4853 concurrunt
1108 4811 1239 4872 ‘magnac
1261 4796 1340 4856 Solis
1362 4795 1506 4873 eclipses,
1540 4804 1571 4859 ct
