3284 5520
506 345 550 403 Do
567 347 741 418 septuaginta
758 345 973 404 hebdomadibus
990 348 1018 402 ia
1035 346 1161 404 Daniele.
1442 349 1507 417 805

156 526 378 613 meditantem
397 534 526 601 pactum
548 527 653 586 multia
673 526 861 588 bebdomada
882 544 963 601 aaa,
988 529 1071 585 etin
1093 527 1218 588 dimidio
1240 527 1433 588 hebdomadis
1455 527 1507 586 de-

153 613 232 690 ficiet
254 613 351 673 bestia
373 621 401 673 et
421 615 616 693 samifieiam,
638 622 665 673 et
687 618 744 674 erit
766 618 799 673 in
822 614 931 692 templo
946 614 1133 674 abominatio
1148 616 1347 689 desolationis,
1371 623 1508 692 eiusque

157 701 200 760 ad
220 705 512 762 consummationem
536 709 564 761 et
583 702 673 775 finem
694 702 899 778 perseverabit
920 701 1072 762 desolatio.

261 813 308 873 Ad
336 815 414 874 hunc
435 814 554 873 modum
576 813 754 893 leronymus
777 814 854 874 hunc
876 815 973 874 locum
997 813 1150 873 transtulit.
1197 814 1305 873 Verum
1330 817 1358 871 in
1382 816 1506 890 quibus-

156 898 223 959 dam
247 901 298 959 alii
321 920 387 961 eum
411 912 477 962 ante
501 913 561 962 tum
585 911 650 980 post
673 902 866 980 Jeronymum
890 903 928 961 ab
957 902 1014 962 hac
1041 904 1177 962 versione
1200 911 1396 983 recesserunt,
1427 903 1506 978 quod

155 987 193 1045 ad
216 988 349 1064 singulas
372 1007 460 1050 voces
484 993 613 1049 variatas
635 991 818 1062 notabimus,
849 990 973 1066 adjectis
1002 993 1089 1049 etiam
1112 990 1177 1049 aliis
1200 1007 1236 1049 ex
1261 992 1350 1071 reteri
1373 989 1505 1064 historia,

153 1091 212 1132 uon
237 1085 333 1136 tamen
358 1080 476 1136 omnino
499 1079 611 1138 alienis.

259 1188 437 1266 Imperavit.
454 1191 497 1265 (v.
517 1192 559 1265 1.)
597 1187 646 1250 Sic
660 1193 748 1250 etiam
765 1188 971 1266 Septuaginta:
996 1186 1190 1264 ὲβασιλευσεν,
1214 1196 1243 1248 et
1259 1188 1399 1248 Calvinus
1417 1207 1504 1266 ,reg-

154 1277 266 1348 navit“,
291 1276 436 1336 Luthcrus
460 1295 577 1354 quoque
597 1279 656 1337 iere
672 1277 748 1336 idem
766 1295 834 1354 ,rex
850 1279 942 1338 erat“.
980 1276 1038 1336 Sed
1055 1277 1104 1335 alii
1120 1277 1211 1334 verba
1226 1285 1369 1352 usurpant
1384 1278 1505 1352 majoris

153 1360 322 1440 lacessere,
354 1365 432 1424 unde
454 1366 540 1424 nobis
564 1366 731 1440 conjectura
754 1364 899 1423 enodandi
923 1367 1069 1442 praecipui
1095 1362 1151 1422 loei
1175 1366 1203 1420 in
1227 1367 1349 1439 antiqua
1372 1364 1503 1424 historia.

153 1449 304 1526 Pagaiaus
327 1453 413 1525 enim,
440 1453 678 1528 diligentissimus
700 1455 849 1530 interpres,
874 1453 964 1511 verbo
989 1453 1183 1525 „constitutus
1200 1452 1293 1510 iuerat
1308 1453 1377 1510 rex“
1403 1456 1502 1511 utitur.

148 1536 190 1595 Bt
218 1536 325 1597 clarius
354 1539 451 1600 adhuc
477 1540 570 1599 biblia
592 1540 748 1600 Helvetica
774 1556 823 1617 ..iu
845 1538 936 1615 linig
959 1539 1073 1615 gelosii,
1101 1556 1151 1598 rex
1175 1546 1289 1597 creatus
1312 1547 1383 1599 erat.
1428 1539 1504 1598 Nam

154 1641 190 1682 ex
213 1624 269 1684 hoe
293 1626 406 1704 colligit
427 1626 565 1702 Scaliger,
589 1628 712 1687 Darium
735 1627 827 1699 hunc,
852 1630 901 1701 qui
925 1637 992 1685 ante
1016 1627 1124 1703 Cyrum
1147 1629 1309 1701 imperavit,
1333 1644 1391 1684 non
1415 1629 1503 1687 armis

151 1711 189 1769 ad
220 1714 374 1789 imperium
404 1715 460 1772 sibi
490 1718 569 1774 viam
596 1717 717 1787 iecisse,
751 1712 830 1791 quod
852 1714 983 1792 plerique
1007 1723 1141 1786 censent,
1171 1713 1305 1771 fascinati
1329 1717 1503 1774 auctoritate

151 1796 286 1876 Josephi.
334 1802 393 1860 Sed
422 1820 486 1861 cum
519 1802 554 1862 de
586 1819 729 1862 consensu
760 1801 860 1880 populi
888 1801 935 1861 rel
964 1809 1040 1860 certe
1069 1817 1219 1877 proceram
1244 1800 1501 1877 Babylonieorum,

151 1892 225 1946 teste
249 1888 376 1968 Beroso,
406 1889 628 1950 Labassardach
653 1890 700 1949 vel
723 1888 880 1949 Balthasar
903 1897 979 1948 esset
1003 1906 1019 1947 e
1042 1889 1139 1947 medio
1162 1887 1312 1962 sublatae,
1344 1889 1431 1964 idque
1455 1889 1502 1949 die

151 1973 226 2033 testo
257 1993 292 2034 ac
323 1979 450 2035 omnium
478 1977 609 2038 laetitiae
632 1977 792 2050 destinato,
822 1985 854 2035 ut
876 1977 961 2036 reiert
985 1976 1089 2035 Daniel
1114 1992 1177 2050 cap.
1204 1981 1241 2047 5,
1274 1975 1375 2035 iisdem
1399 1984 1503 2052 postca

151 2063 320 2122 auctoribus
348 2064 457 2123 Darius
487 2067 542 2123 iste
565 2083 686 2140 regnum
717 2065 841 2140 adeptus
868 2071 927 2135 est,
951 2062 1081 2139 illudque
1109 2065 1250 2138 tantisper
1279 2063 1501 2136 administrarit,

152 2147 245 2209 donec
268 2149 360 2229 Cyrus
376 2151 476 2224 Persa,
500 2159 601 2210 contra
623 2155 718 2229 ipsam
742 2155 869 2210 exercitu
893 2157 982 2222 moto,
1007 2149 1188 2228 Babylonem
1206 2160 1321 2225 caperet
1337 2159 1365 2209 et
1382 2151 1503 2209 Darium

150 2251 241 2312 regno
266 2247 385 2298 exutum
410 2239 625 2298 Caramanniae
648 2239 830 2314 praefectura
854 2237 1029 2313 dignaretur.
1075 2235 1247 2312 Exemplum
1275 2237 1330 2296 hoc
1359 2248 1426 2313 post
1448 2256 1504 2296 au·

151 2341 206 2382 nos
230 2329 269 2385 33
295 2327 400 2385 imitati
424 2334 491 2384 surrt
516 2334 532 2385 7
558 2326 599 2384 illi
622 2342 764 2402 proceres,
789 2328 838 2401 qui
854 2324 950 2402 Magis
973 2324 1105 2396 sublatis,
1130 2325 1332 2383 communibus
1356 2325 1503 2400 suffragiis

152 2412 179 2469 ei
203 2413 356 2487 imperium
381 2413 556 2484 detulerunt,
580 2413 664 2489 cujus
688 2430 781 2487 equus
804 2430 917 2472 summo
933 2430 1017 2470 mane
1034 2415 1144 2487 primus
1158 2412 1327 2470 biuuiisset:
1351 2429 1410 2487 qua
1426 2420 1503 2472 sorte

152 2497 260 2557 Darius
284 2500 356 2559 alter
379 2518 500 2576 regnum
524 2500 738 2559 Chaldaeorum
763 2501 896 2559 obtinuit.
943 2501 986 2558 Ac
1010 2500 1209 2573 vehementer,
1233 2501 1291 2556 ime
1315 2501 1402 2576 impie
1427 2510 1503 2559 errat

152 2584 299 2659 Bodinus,
324 2590 374 2664 qui
398 2588 435 2646 ad
459 2589 648 2648 evertendam
670 2590 872 2666 pretiosissimi
895 2587 960 2645 libri
983 2590 1184 2646 auctoritatem
1208 2586 1365 2659 contendit,
1390 2587 1503 2645 Danie-

148 2671 206 2730 lem
229 2673 310 2750 loqui
335 2676 370 2734 de
393 2675 449 2734 hoc
472 2678 625 2751 posteriori
649 2675 750 2735 Dario.
800 2676 976 2750 Argumenta
999 2676 1062 2750 ejus
1085 2674 1186 2750 procul
1211 2674 1301 2733 dubio
1324 2682 1392 2733 sunt
1415 2675 1501 2733 hacc:
1571 2674 1574 2679 '

149 2762 274 2835 primum
298 2781 333 2821 ex
356 2762 547 2822 similitudine
570 2763 736 2837 electionis,
768 2762 871 2822 deinde
895 2765 963 2837 quia
986 2772 1109 2838 uterquc
1132 2762 1240 2820 Darius
1265 2762 1378 2824 dicitur.
1424 2761 1501 2822 Saue

150 2849 175 2905 si
199 2847 270 2905 nihil
294 2850 378 2908 nobis
402 2868 462 2910 rem
485 2850 628 2927 proderet,
653 2850 726 2910 haec
749 2851 826 2909 bona
849 2858 926 2909 esset
946 2850 1121 2924 conjectura,
1146 2848 1269 2908 eundem
1287 2851 1421 2924 utrinque
1436 2867 1501 2908 esse
1600 2884 1604 2897 ·

149 2935 280 2994 Darium.
327 2936 436 2996 Verum
467 2941 522 2996 nisi
554 2941 582 2994 in
610 2939 707 2997 anime
736 2937 888 2996 habuisset
911 2936 1042 2995 Bodinus
1066 2937 1171 2994 librum
1195 2946 1226 2994 ut
1249 2939 1349 2995 inserti
1373 2939 1501 2996 erraturis

148 3022 283 3098 rejicere,
315 3024 399 3084 facile
423 3028 478 3101 ipsi
501 3026 618 3098 luisset,
651 3027 725 3084 inter
747 3034 901 3101 utrumque
925 3024 1119 3100 distinguere,
1149 3025 1272 3101 primum
1295 3042 1330 3082 ex
1354 3032 1499 3099 tempore:

149 3108 223 3168 alter
253 3128 380 3186 namque
408 3115 508 3189 nepoti
530 3112 828 3171 Nabuchodonosaris
852 3114 1006 3184 suecessit,
1037 3112 1110 3170 alter
1133 3111 1193 3168 filio
1218 3111 1304 3188 Cyri;
1336 3111 1440 3170 deinde
1464 3129 1500 3170 ex

148 3195 271 3256 diversis
295 3201 480 3274 parentibus,
513 3217 578 3259 eum
602 3202 688 3276 priori
713 3208 795 3275 pater
817 3200 903 3258 luerit
927 3199 1109 3272 Ahasuerus,
1139 3202 1291 3273 posteriori
1315 3198 1499 3275 Hystaspes3

148 3287 233 3343 tertio
258 3303 293 3344 ex
317 3286 439 3345 diversis
463 3290 647 3346 nationibus:
671 3287 777 3346 Daniel
798 3291 922 3362 priorem
940 3287 1061 3344 Darium
1080 3303 1116 3345 ex
1132 3285 1229 3344 Medis
1253 3288 1405 3344 oriundum
1429 3303 1499 3361 pro·

147 3374 274 3445 nunciat,
299 3374 372 3433 alter
395 3375 503 3432 Darius
526 3375 581 3432 tuit
604 3374 701 3447 Persa,
726 3383 758 3433 ut
779 3376 876 3450 graeei
900 3376 1053 3451 scriptores
1076 3374 1230 3431 affirmant.
1276 3373 1313 3431 Et
1336 3391 1372 3431 ne
1395 3376 1499 3432 existi-

147 3477 277 3531 memus,
311 3461 428 3519 Danieli
453 3461 528 3521 idem
552 3480 615 3522 esse
639 3461 744 3520 Medus
768 3471 796 3522 et
820 3462 923 3535 Perea,
956 3468 1109 3536 propterea
1132 3463 1201 3537 quia
1224 3478 1287 3535 eap.
1314 3466 1341 3522 6.
1364 3477 1498 3538 proceres

147 3547 290 3622 objiciunt
312 3556 422 3608 statuta
438 3548 591 3608 Medorum
614 3558 642 3608 et
656 3550 820 3621 Persarum,
845 3549 911 3607 ideo
935 3547 1104 3618 notandum,
1129 3547 1207 3623 quod
1226 3546 1331 3606 Daniel
1355 3550 1498 3606 observa-

148 3637 222 3694 verit
238 3639 355 3695 omnino
371 3637 428 3697 lroe
444 3639 596 3695 nationum
612 3636 775 3712 discrimen,
793 3639 863 3713 quia
880 3638 986 3713 Cyrum
1002 3635 1121 3694 Persam
1137 3637 1276 3707 norninat,
1293 3652 1351 3693 non
1368 3634 1497 3696 Medum.

248 3748 388 3808 Intellexi
416 3768 582 3809 numeram
612 3753 645 3807 in
675 3751 759 3809 libris
781 3752 823 3825 (v.
849 3744 893 3830 2.)
939 3748 987 3808 Sic
1010 3749 1204 3826 Septuaginta
1226 3770 1333 3825 aer-rua
1356 3743 1493 3826 α’ριθμον,

144 3853 198 3893 nec
221 3835 306 3894 aliter
328 3836 479 3912 Pugninus
503 3847 532 3897 et
555 3837 704 3899 Calvinus.
735 3828 845 3895 Verum
869 3836 1031 3895 Lurlrcrus:
1058 3839 1204 3910 „intentus
1235 3854 1313 3894 eram
1337 3837 1365 3893 in
1389 3853 1494 3893 nume-

142 3924 225 3980 rum“
252 3932 281 3980 et
303 3922 459 3984 Helvetios
482 3925 590 3999 biblia:
616 3927 764 3999 „intentus
788 3942 865 3983 eram
883 3926 912 3981 in
928 3942 1078 3982 numerum
1094 3943 1130 3984 ex
1144 3924 1225 3982 libris
1240 3922 1493 3997 intelligendurn.“

144 4007 230 4084 Quod
253 4010 431 4084 notandum,
455 4015 525 4088 quia
549 4029 639 4071 unum
661 4015 691 4069 in
714 4011 759 4069 his
783 4012 880 4070 verbis
903 4010 1123 4073 tundamentum
1146 4014 1249 4070 erroris
1271 4008 1413 4087 Josephi‚
1444 4011 1494 4086 qui

141 4097 217 4155 alios
240 4099 364 4157 seduxit.
410 4099 540 4158 Primum
564 4102 639 4159 enim
664 4098 814 4176 Josephus
837 4099 908 4174 legit
930 4098 1174 4177 Xenophontem,
1198 4101 1250 4175 qui
1273 4105 1374 4156 eontra
1396 4097 1494 4156 Hero-

142 4184 252 4260 dotum,
276 4203 308 4246 se
332 4188 534 4262 antiquiorem,
559 4187 684 4264 Astyagi
708 4189 769 4263 regi
793 4186 945 4245 Medorum
968 4186 1059 4245 lilium
1086 4187 1247 4263 Cyaxarem
1272 4186 1382 4256 tribuit,
1407 4203 1495 4261 quem

142 4289 242 4330 secum
260 4273 353 4350 Cyrus
377 4273 512 4335 habuerit
537 4277 565 4333 ia
588 4277 716 4334 exercitu
740 4282 769 4333 et
791 4283 859 4351 post
881 4281 997 4351 captam
1013 4273 1195 4350 Babylonem
1218 4274 1272 4331 toti
1297 4290 1386 4349 regno
1406 4290 1494 4349 prae·

138 4359 248 4418 iecerit.
287 4361 374 4420 Hunc
390 4361 550 4440 Cyaxarem
574 4364 691 4438 potavit
713 4360 863 4438 Josephus
887 4364 915 4419 in
938 4363 1028 4420 sacris
1043 4362 1164 4419 Darium
1188 4360 1254 4419 dici.
1292 4358 1407 4419 Deinde
1423 4360 1493 4435 legit

141 4453 169 4506 ct
193 4446 395 4522 Herodotum,
419 4451 469 4525 qui
491 4450 631 4521 affirmat,
656 4466 730 4521 eum,
755 4452 802 4508 eui
826 4450 919 4526 Cyrus
942 4447 1124 4525 Babylonem
1147 4447 1263 4517 ademit,
1289 4447 1377 4506 luisse
1401 4448 1492 4508 lilium

140 4533 309 4608 Nitoeridis,
334 4554 409 4611 quae
433 4538 488 4596 luit
510 4536 572 4595 lilia
592 4536 856 4596 Nebucadnezaris.
902 4537 941 4594 nt
964 4534 1120 4595 Balthasar
1141 4537 1196 4594 ioit
1219 4550 1310 4610 nepos
1333 4533 1490 4593 Nebuead-

140 4624 253 4681 aenaria
276 4630 304 4681 et
327 4623 369 4681 illi
392 4626 500 4683 Darius
523 4627 672 4685 successit.
717 4625 794 4699 Ergo
818 4624 911 4701 Cyrus
935 4631 964 4682 et
986 4624 1093 4683 Darius
1116 4631 1217 4682 cenea
1240 4621 1363 4681 eundem
1387 4623 1490 4682 eodem

139 4715 270 4785 tempore
294 4719 468 4787 pugnarunt.
505 4712 604 4771 Tertio
627 4711 714 4771 fidem
738 4710 779 4768 illi
802 4712 871 4770 iecit
893 4711 979 4786 hujus
1002 4713 1042 4770 rei
1066 4729 1130 4788 cap.
1157 4717 1184 4771 6.
1211 4708 1351 4782 Danielis,
1376 4712 1403 4766 iu
1428 4727 1488 4785 quo

138 4796 314 4873 copulantur
335 4805 447 4861 statuta
468 4798 621 4861 Medorum
645 4807 674 4859 et
695 4799 860 4862 Persarum.
905 4799 1093 4859 Existimavit
1114 4800 1218 4876 igitur,
1250 4814 1315 4857 eum
1338 4798 1489 4875 utriusque
