3284 5520
162 279 229 351 ιιι
349 276 354 287 ’
557 232 560 241 ’
589 277 757 337 rasurarum
774 277 917 351 unusqu
932 280 1099 367 casseu,

267 461 377 522 Notum
401 464 445 521 est
467 478 504 521 ex
526 461 696 538 geometria,
720 461 801 519 arcui
822 461 927 537 cuique
941 459 1133 538 ejusdemque
1149 459 1363 541 complemento
1377 459 1418 523 td
1431 462 1533 525 mmi-

164 548 304 613 cirenium
328 566 392 609 esse
413 551 510 609 sinum
533 547 666 609 eundem.
712 543 782 607 Jam
813 564 883 608 vero
909 550 941 607 in
962 549 1144 609 astronomia
1166 548 1338 611 creberrime
1360 549 1449 610 nobis
1469 567 1596 611 er·-

164 637 302 699 blbentur
324 653 408 696 arcus
432 634 594 713 quadrante
616 634 757 711 majores,
787 652 911 712 quorum
940 636 1053 697 sinibus
1075 653 1216 697 eorumve
1237 635 1422 715 logaritbmis
1444 637 1608 697 indi—

163 742 277 803 gemus.
322 721 363 783 Ut
392 725 479 800 igitur
510 725 624 782 animus
648 720 832 781 calculatoria
855 740 913 782 non
937 723 1115 785 distrahatur
1136 723 1336 785 subtractione
1359 739 1446 785 arcus
1468 726 1618 799 suit,

163 815 189 875 si
212 811 404 889 quadrantem
435 813 460 869 is
490 811 661 881 excesserit,
691 827 710 868 a
732 810 927 887 semicirculo,
956 819 1008 871 aut
1030 811 1089 872 alio
1112 809 1212 888 aliquo
1236 818 1410 889 praecepto,
1444 810 1623 889 (ΜΕ

162 902 272 961 irontes
294 898 443 973 calcibus,
468 896 569 958 dextra
590 897 715 958 sinistris
739 903 768 958 et
791 899 919 958 vicissim
942 897 1016 961 baec
1038 898 1096 957 iilis
1119 905 1284 974 permutare
1301 898 1428 975 jubeat,
1452 916 1627 959 con—

163 987 273 1048 sultum
297 986 368 1044 mihi
392 988 489 1045 visum
512 994 570 1060 est,
595 1001 695 1044 omnes
716 983 825 1061 gradus
848 988 939 1046 totius
961 984 1139 1049 semicirculi
1161 988 1323 1064 exprimere
1345 987 1377 1047 in
1399 1002 1575 1048 mnonc.-
1591 1008 1627 1048 a

93 1060 97 1076 ”
163 1073 199 1136 Id
222 1082 320 1134 eutem
345 1073 406 1133 fieri
429 1075 492 1132 sine
516 1073 685 1133 confusione
709 1069 893 1132 calculatoris
916 1072 1001 1133 aliter
1022 1090 1081 1134 non
1101 1074 1207 1152 potuit,
1230 1075 1362 1150 quamsi
1377 1072 1628 1135 ordinatione

164 1163 285 1224 canonis
319 1159 462 1219 naturalis
493 1160 695 1220 immutaretur
722 1161 872 1236 tutiusque
904 1159 1077 1237 quadrantis
1106 1159 1217 1238 gradus
1248 1160 1465 1223 collocarentur
1497 1165 1627 1221 in

163 1251 258 1311 fronte
283 1265 348 1308 curu
370 1247 514 1325 scrupulis
537 1247 575 1308 ad
598 1250 745 1306 sinistram
769 1246 1027 1323 descendentibus,
1049 1248 1157 1325 gradus
1181 1264 1284 1308 veroa
1301 1244 1359 1309 90⁰
1380 1246 1422 1309 ad
1449 1244 1626 1309 18000

163 1341 195 1396 in
218 1335 298 1396 calce
321 1353 386 1395 cum
407 1335 553 1412 scrupulis
575 1334 613 1395 ad
636 1334 765 1394 dextram
789 1334 1029 1410 ascendentibus,
1060 1353 1154 1413 eaque
1176 1336 1290 1396 ratione
1312 1336 1621 1413 autilcgaritb—

163 1441 229 1485 mns
244 1442 263 1483 a
276 1439 331 1481 suo
353 1422 528 1498 logaritbmo
553 1421 748 1497 divelleretur,
772 1421 1046 1500 mesoiogaritbmus
1068 1440 1138 1483 vero
1163 1424 1353 1484 omitteretur.
1391 1421 1430 1483 1u
1455 1437 1616 1484 reret:

163 1518 246 1573 tanto
276 1512 378 1570 minori
408 1510 515 1570 damno
543 1510 598 1569 init
626 1510 751 1584 iactum,
780 1509 861 1586 quod
884 1509 1186 1587 antilugaritbmorum
1210 1509 1329 1587 quidem
1352 1512 1383 1568 in
1406 1509 1613 1572 meunt:

164 1600 293 1677 quinque
321 1597 504 1674 planetarum
530 1595 682 1671 nullate,
674 1614 704 1654 ιιι
733 1599 836 1657 ceteris
864 1614 946 1658 rarns
973 1605 1163 1674 senatusue,
1194 1597 1609 1674 mesologaritbmornnm

163 1703 234 1748 vero
263 1687 353 1746 totius
381 1683 551 1761 quadrantis
582 1701 668 1758 usus,
700 1685 756 1744 etsi
783 1685 812 1742 in
841 1683 1030 1762 longitudinis
1061 1683 1246 1762 planetarum
1274 1684 1391 1745 cuculo
1414 1702 1472 1763 per
1493 1698 1605 1747 aa!

162 1772 277 1835 iuturus
301 1781 363 1832 erat
385 1771 542 1849 legitimus,
565 1771 590 1829 is
614 1780 721 1845 tamen,
744 1779 777 1831 ut
799 1773 919 1831 nimium
944 1789 1084 1850 operosus
1108 1780 1137 1833 et
1158 1772 1303 1848 lubricus,
1325 1770 1604 1851 logarithmo—

163 1879 227 1922 rum
250 1862 379 1937 ipsorum
402 1860 610 1920 substitutione
634 1864 712 1920 esset
734 1858 877 1919 sublatus.

268 1948 406 2006 Vicissim
435 1965 471 2008 ex
499 1946 557 2005 hac
586 1948 707 2006 canonis
738 1946 920 2007 ordinatione
950 1944 980 2006 id
1012 1945 1158 2007 commodi
1188 1948 1411 2023 consequimur,
1444 1948 1582 2025 qnntL

162 2035 248 2114 primi
278 2034 448 2111 quadrantis
476 2050 561 2093 arcus
592 2050 693 2094 omnes
722 2040 901 2111 quaeruntur
933 2034 1169 2109 uniformiter,'
1161 2052 1191 2093 ιιι
1223 2034 1319 2094 iroute
1349 2033 1469 2095 scilicet
1498 2045 1584 2097 et:

162 2124 281 2183 sinistro
304 2124 434 2198 margine
458 2118 668 2195 descendente,
692 2120 774 2180 nulla
796 2122 1010 2198 permutatione
1033 2121 1173 2195 laterum;
1204 2119 1327 2181 secundi
1349 2102 1557 2197 quadrantis

162 2226 249 2272 arens
272 2208 373 2269 itidem
395 2225 496 2270 omnes
519 2209 742 2283 uniformiter,
734 2225 762 2266 ιιι
787 2210 867 2269 calce
890 2207 1002 2269 scilicet
1024 2217 1054 2269 et
1069 2208 1169 2270 dextro
1184 2210 1315 2287 margine
1330 2209 1538 2285 ascendente,

161 2295 376 2375 respondetque
404 2296 576 2357 lateribus
568 2297 640 2372 ipsis
664 2295 813 2356 distinctio
836 2295 1030 2373 quadrantum
1053 2298 1116 2357 sine
1136 2294 1317 2357 contusione.
1362 2295 1549 2360 Praeterea

162 2388 206 2446 sic
235 2384 272 2444 ad
302 2400 444 2444 canonem
473 2382 714 2459 logarithnrorum
742 2400 801 2442 non
829 2385 949 2442 nimium
978 2385 1152 2444 remittimus
1175 2400 1347 2461 operarum,
1378 2382 1433 2445 aed
1459 2403 1551 2447 aunt

164 2472 344 2534 destinamus
368 2473 448 2549 operi
472 2473 629 2548 praecipuo
653 2479 683 2531 et
705 2471 851 2548 primario,
875 2470 1034 2548 quaerendi
1057 2480 1086 2531 et
1106 2470 1227 2531 limandi
1243 2469 1543 2549 prosthapbaeresim

164 2560 243 2621 orbis
265 2577 318 2636 pro
341 2558 534 2635 longitudine,
558 2567 588 2619 et
610 2557 791 2618 immittendo
810 2560 1046 2618 commutationis
1062 2556 1172 2638 angulo
1187 2575 1239 2636 pro
1255 2556 1423 2630 latitudine,
1448 2576 1548 2638 quu-

162 2664 226 2707 rum
259 2655 414 2722 utrumque
444 2645 477 2705 iit
499 2643 601 2705 eadem
625 2663 715 2723 opera
738 2652 767 2706 et
790 2645 892 2705 eodem
915 2654 1056 2723 tempore.
1103 2645 1198 2722 Quem
1221 2644 1345 2706 eundem
1369 2648 1465 2709 etiam
1488 2649 1543 2710 oi»

163 2752 248 2796 nsum
272 2735 328 2811 ipsi
351 2733 456 2793 muoni
478 2735 576 2792 statim
600 2733 757 2810 subjuncta
780 2740 825 2792 est
848 2731 950 2793 tabula
970 2732 1079 2811 anguli,
1103 2733 1140 2795 de
1156 2731 1414 2810 quaplurainlra.
1459 2732 1544 2813 Qus

163 2839 233 2883 sero
255 2820 577 2898 mesologarithmornm
597 2820 742 2899 particula
756 2819 930 2897 indigemus,
955 2837 1019 2880 eam
1035 2820 1160 2881 exhibeo
1174 2822 1305 2895 seorsim,
1328 2826 1363 2881 ut
1378 2819 1436 2882 soli
1452 2821 1538 2884 lati-

162 2908 257 2969 tudini
284 2910 506 2983 inservientem3
538 2925 592 2969 nec
620 2925 679 2967 non
706 2915 736 2968 at
762 2906 1065 2984 antilogaritbmorum
1087 2907 1260 2985 particulam
1283 2908 1439 2984 exigm,
1471 2908 1537 2971 scil

161 2997 416 3076 scrupulosiorem,
441 3013 528 3072 quam
552 3012 617 3056 esse
639 3001 738 3073 potest
759 2998 788 3053 in
813 2991 894 3055 brevi
917 3011 1037 3070 canone,
1060 2997 1181 3056 seorsim
1197 2993 1306 3071 itidem,
1329 3011 1383 3072 pro
1399 2996 1537 3074 eclipsi-

165 3084 230 3145 bus.
276 3084 322 3143 lta
345 3091 403 3143 tres
425 3081 482 3142 hae
505 3085 625 3142 canonis
649 3082 762 3159 vulgati
784 3088 892 3159 partes,
916 3100 969 3142 seu
991 3081 1145 3144 distinctae
1168 3082 1296 3158 tabulae,
1319 3083 1382 3144 anis
1405 3083 1531 3161 officiis,

163 3188 240 3249 quae
263 3170 374 3232 habent
397 3172 425 3228 in
450 3167 563 3230 calculo
587 3169 728 3247 singulae,
753 3169 980 3248 disseparantur.

268 3257 345 3335 Quia
373 3264 471 3318 tamen
495 3260 584 3318 etiam
607 3257 911 3334 antilogerithmorum
934 3258 1025 3317 totius
1048 3255 1220 3317 semicirculi
1243 3273 1315 3317 usus
1337 3255 1452 3334 aliquis
1474 3276 1530 3321 se-

163 3345 320 3407 cundariua
350 3355 411 3406 erat
438 3346 551 3405 iuturus
582 3348 708 3423 passim,
739 3354 772 3404 ut
800 3346 829 3403 iu
854 3345 955 3406 Lunae
978 3347 1155 3421 aequatione
1179 3351 1346 3420 menstrua,
1380 3346 1409 3403 in
1433 3363 1530 3425 pros-

162 3434 348 3512 thapbaeresi
372 3435 637 3509 aequinoctiorum,
665 3435 694 3490 in
719 3431 915 3508 computando
939 3430 1047 3509 angulo
1071 3434 1209 3507 orientis,
1240 3449 1292 3511 pro
1316 3431 1529 3509 parallaxibna

164 3528 193 3583 et
216 3523 245 3581 in
269 3520 335 3581 aliis
357 3519 504 3580 nonnullis
527 3521 689 3597 praeceptis
712 3537 748 3578 ex
772 3519 904 3580 doctrina
925 3519 1080 3598 sphaerica
1102 3521 1265 3594 accersitis,
1295 3518 1362 3581 ideo
1394 3521 1528 3583 circum

160 3609 257 3687 jactus
271 3615 316 3669 est
331 3609 466 3682 exterius,
490 3608 577 3667 etiam
594 3625 646 3685 pro
663 3606 908 3683 antilogarithmis
924 3607 1121 3684 excerpendis,
1145 3606 1253 3667 limbus
1269 3605 1414 3684 graduum
1430 3611 1531 3671 tauns

163 3694 337 3757 semicirculi
361 3696 446 3771 eique
469 3694 615 3772 praefixus
639 3693 686 3753 vel
710 3694 815 3754 aiiiaua
837 3694 875 3755 ad
898 3694 1039 3771 majorem
1063 3694 1207 3756 cautelam
1227 3695 1336 3754 titulus·
1351 3693 1530 3773 lugaritbmi

163 3784 212 3844 vel
243 3781 471 3860 antilogarithmi
503 3784 608 3858 cuique
637 3783 739 3841 frontis
767 3781 815 3841 vel
847 3781 935 3842 calcis
962 3780 1058 3842 lineae
1087 3799 1174 3857 suus,
1207 3799 1283 3860 quae
1312 3782 1465 3846 distinctio
1495 3785 1529 3845 ln

162 3872 291 3949 genuina
314 3879 343 3931 et
364 3872 466 3930 natira
488 3870 582 3930 forma
604 3872 724 3931 canonis
746 3872 858 3929 serrari
880 3886 938 3929 non
961 3871 1116 3947 potuisset.

266 3978 356 4033 Habet
374 3984 465 4033 antem
483 3993 569 4033 canon
587 3978 639 4033 iste
658 3977 881 4047 logarithmornm
899 3977 1056 4034 columellas
1068 3978 1103 4033 90
1121 3977 1247 4046 (totidem
1259 3977 1363 4034 scilicet
1375 3988 1446 4049 quot
1460 3990 1528 4039 sunt

162 4059 191 4113 in
210 4057 360 4126 quadrante
379 4055 502 4127 padus),
521 4071 591 4126 quae
609 4057 723 4126 implent
741 4056 825 4111 facies
844 4064 914 4111 octo.
945 4057 983 4111 Et
1000 4056 1028 4111 in
1047 4057 1134 4126 prima
1155 4055 1264 4125 quidem
1276 4055 1347 4113 iacie
1365 4071 1416 4112 sex
1427 4060 1525 4129 primis

162 4138 312 4195 columellis
331 4138 444 4194 totidem
462 4136 668 4194 intercolumnia
680 4145 745 4193 sunt
756 4138 893 4208 adjuncta,
911 4139 939 4194 iu
951 4138 1049 4207 quibus
1062 4137 1205 4194 exhibetur
1217 4134 1423 4193 characteribus
1434 4137 1524 4194 minu·

162 4215 245 4274 stubs
264 4218 353 4288 portio
371 4217 540 4273 differentiae
557 4216 681 4271 binorum
699 4216 932 4286 logarithmorum,
952 4216 1044 4273 debita
1061 4216 1138 4272 denis
1157 4217 1237 4273 nnius
1249 4213 1372 4284 scrupuli
1384 4216 1522 4282 secundis,

162 4309 233 4364 qnae
250 4294 365 4364 portio
357 4311 385 4349 ιιι
404 4293 537 4349 descensu
555 4294 666 4362 quidem
684 4295 847 4351 decremems‘
863 4294 972 4350 titulum
990 4293 1109 4364 habet·
1100 4311 1129 4351 ιιι
1146 4310 1262 4351 ascensu
1274 4307 1338 4348 vero
1350 4293 1522 4351 immersti

162 4372 285 4443 Reliquis
309 4371 459 4428 columellis
481 4373 606 4429 omnibus
627 4373 697 4429 haec
714 4374 886 4430 decrementa
903 4381 1009 4431 tantum
1027 4382 1093 4430 eunt
1111 4373 1310 4446 superposita
1302 4390 1331 4429 ιιι
1349 4371 1455 4443 fronte,
1480 4373 1521 4428 in·

162 4458 300 4506 crementa
317 4451 486 4520 supposita
478 4468 507 4505 ιιι
525 4452 612 4520 calce,
632 4451 706 4521 qnod
724 4453 851 4510 sufficere
868 4454 955 4510 visum
973 4462 1027 4521 est,
1048 4471 1109 4511 enm
1127 4470 1160 4510 ea
1178 4469 1228 4524 per
1244 4458 1330 4508 totam
1349 4450 1520 4508 columellam

161 4529 205 4585 rel
222 4530 331 4599 penitus
349 4530 481 4587 invariata
497 4538 631 4600 maneant,
651 4531 695 4586 rel
711 4548 808 4602 parum
825 4533 970 4588 admodum
988 4540 1128 4590 mutentur
1143 4548 1160 4588 a
1180 4531 1268 4588 fronte
1286 4528 1319 4585 ad
1336 4529 1450 4587 calcent.

266 4646 390 4708 Praec.
409 4650 458 4709 18.
480 4647 558 4710 Hine
573 4657 760 4728 praeceptum
777 4651 951 4728 excerpendi
965 4660 1011 4713 eet
1023 4650 1091 4712 tale.
1119 4649 1152 4712 st
1164 4667 1216 4730 per
1225 4648 1333 4728 gradm
1344 4656 1375 4709 et
1384 4647 1519 4728 scrupula

162 4732 360 4817 excerpendus
383 4743 428 4802 est
449 4736 651 4816 logarithmus,
676 4755 784 4823 quaere
806 4738 929 4819 vadum
952 4741 982 4800 in
1003 4738 1056 4803 illa
1077 4739 1156 4809 linea
1170 4735 1337 4808 usumve
1352 4736 1451 4817 calcis,
1473 4737 1518 4803 oui
