3284 5520
600 344 800 418 premeriies
817 345 853 402 ut
870 360 972 403 annum
989 348 1067 405 1617.
1445 349 1513 419 479

149 522 276 582 unde
293 522 353 581 illas
370 535 459 591 usque
476 519 511 577 ad
528 536 630 575 annum
648 519 726 589 tete,
744 518 826 575 tertia
837 519 1035 589 premerides
1052 521 1088 576 ab
1106 521 1259 580 annotetis
1277 522 1306 577 in
1323 538 1425 579 annum
1441 525 1514 580 1636.

150 601 222 661 cnm
241 602 420 658 deliberatum
438 600 517 656 nobis
535 615 567 655 ao
584 600 762 657 constitutum
781 601 825 663 sit,
843 603 953 658 tabulae
969 602 998 657 in
1011 601 1064 657 hac
1078 607 1172 657 nosue
1184 599 1302 655 editione
1315 617 1427 671 operum
1440 603 1514 672 liep-

147 676 200 736 leri
220 697 303 751 quam
321 679 499 750 paucissimas
517 676 632 748 addere,
659 676 828 745 censuimus,
853 683 884 730 ut
906 675 1007 732 babeat
1024 676 1125 745 lector,
1150 693 1204 746 quo
1223 678 1334 747 Kepleri
1351 688 1470 736 mentem
1487 681 1515 736 iu

150 758 344 816 construendis
361 756 589 828 premeridibus
608 763 763 827 cognoseat,
782 770 863 810 unum
881 756 1009 825 paginam
1027 756 1098 826 typis
1117 756 1305 813 excudendum
1323 774 1425 815 curare.
1462 759 1515 815 De-

150 837 330 908 scriptionem
348 853 413 893 vero
431 843 459 891 et
477 832 611 890 caleulum
630 831 771 901 eclipsium
791 830 863 886 Solis
881 839 909 888 et
926 831 1036 902 Lunae,
1060 848 1131 902 qnae
1150 835 1264 904 singulis
1284 836 1514 906 premoridibus

151 915 320 982 praemissae
338 922 410 985 sunt,
429 919 512 984 atque
529 930 563 969 ex
581 914 635 969 illis
654 912 890 983 ephemeridibus,
916 928 983 982 ques
1004 922 1101 969 erecto
1122 928 1194 970 anno
1216 918 1260 973 cui
1280 917 1428 988 inscriptae
1449 926 1513 975 sunt

152 992 239 1051 rudit
250 993 395 1063 Keplerua
413 993 618 1049 observationes
636 992 789 1063 adscriptas
806 998 987 1047 meteororum
1006 992 1076 1048 atris
1094 1001 1122 1050 et
1140 1000 1333 1066 tempestatum
1350 998 1515 1054 mutationes

152 1078 179 1127 et
196 1072 315 1142 carptim
333 1079 440 1142 partem
458 1078 619 1141 aspectuum
636 1071 664 1125 ln
682 1069 759 1125 oaloe
777 1074 970 1124 annotatorum
988 1070 1170 1139 adjunximus.

258 1167 473 1238 Ephemsridum
490 1167 579 1239 prime
596 1182 659 1236 pars
679 1166 718 1220 sio
736 1165 866 1235 inscripta
885 1172 939 1220 est:

227 1298 622 1420 EPHEllERIDES
649 1296 825 1416 NOVAE
848 1296 1082 1416 MOTUUM
1104 1296 1435 1422 COELESTIUM

135 1495 195 1567 ab
225 1514 317 1567 anno
345 1495 501 1583 vulgaris
529 1513 644 1567 aerae
667 1494 854 1566 llllcllllll.
896 1495 947 1566 Ex
975 1495 1513 1589 observationibuspotissimum

573 1635 839 1739 lyolronls
878 1636 1096 1734 bretol,

360 1794 620 1886 Hypotbesibus
649 1795 805 1886 Physicis
833 1802 869 1868 et
896 1794 1039 1868 Tabulis
1067 1796 1314 1887 Rudolpbinis;

121 1940 202 2004 Aa
224 1944 419 2006 meridianum
442 1944 695 2026 Uranopurgloum
719 1946 845 2006 intrato
868 1944 1031 2019 Cimbrico,
1063 1950 1304 2025 quamproxime
1328 1949 1515 2008 circumstant

482 2050 650 2130 Prageusia
675 2050 834 2126 Lineenele,
858 2050 1001 2127 Venetus,
1024 2050 1185 2113 Romanus.

189 2182 475 2240 Praemittitur
496 2189 519 2242 l.
556 2185 713 2255 Explicatio
732 2186 971 2242 fundamentorum
989 2186 1190 2256 premeridis‚
1210 2187 1372 2255 praesertim
1390 2187 1437 2243 ubi
1454 2189 1481 2244 in

188 2252 305 2309 motibus
328 2255 423 2310 Lunae
442 2256 546 2312 alibro
571 2258 840 2325 Progymnesmeturn
859 2256 960 2310 Brshei
985 2272 1139 2324 recessum3
1168 2255 1214 2310 ubi
1238 2256 1421 2326 respondetur
1444 2259 1480 2314 ee

189 2323 298 2378 crebras
324 2325 556 2394 interpellationes
581 2328 712 2381 Devidis
735 2327 871 2380 Fabricii
898 2334 963 2382 asir.
990 2327 1071 2382 Frisii
1095 2327 1209 2397 ejusque
1241 2326 1384 2394 opiniones
1411 2328 1483 2382 cirea

190 2394 312 2449 umbram
335 2394 436 2452 Terrae
466 2406 494 2452 et
523 2396 591 2451 alias
616 2397 752 2466 jucundas
779 2396 906 2451 materias
932 2396 1130 2451 examinantur.
1177 2397 1201 2450 2.
1226 2395 1371 2450 lnstruotio
1398 2412 1481 2466 super

190 2479 260 2518 nore
284 2465 476 2534 premerldis
507 2466 594 2521 forme
621 2472 649 2520 et
673 2482 771 2522 causae
800 2474 921 2522 mamae
944 2465 1046 2521 lormee
1072 2474 1235 2534 consuetae,
1268 2480 1304 2520 ex
1328 2467 1480 2522 sanioribus

646 2537 812 2607 astrologiae
830 2537 1024 2593 fundamentis.

289 2656 410 2719 Aulestes
429 2665 488 2709 sunt
506 2663 601 2724 primae
619 2662 780 2728 premeridl
798 2665 857 2712 anni
876 2664 944 2714 reti
965 2663 1152 2713 observationes
1171 2662 1377 2725 meteorologieac

512 2731 545 2780 ad
564 2731 617 2781 diae
635 2732 748 2795 elnguhs
766 2739 792 2782 at
808 2736 990 2784 asmonomloaa
1009 2733 1156 2788 nonnullae.

457 2972 524 3028 llam
541 2973 572 3030 S.
595 2973 672 3029 Gaea.
691 2974 766 3042 broj.
784 2975 935 3046 Prioslepio
952 2975 990 3030 od
1007 2991 1097 3032 oaaoe
1116 2975 1219 3032 XXX.

124 3118 298 3192 Autbore
327 3127 527 3201 Jeanne
557 3130 841 3224 Remoto,
873 3132 953 3216 Imp.
987 3130 1080 3197 Caes.
1111 3131 1267 3199 Matthiae
1297 3128 1514 3215 ordinumque

483 3235 632 3305 busti-iae
655 3238 923 3324 Supra-Anisam
945 3236 1181 3303 Mathematioo.

386 3359 528 3424 bineli
561 3365 780 3440 niustriae,
811 3365 1050 3443 sumptibus
1083 3362 1287 3425 Autboris

550 3480 714 3537 Excudebet
731 3481 921 3538 JOHANNES
940 3480 1115 3538 PLANGUS.

340 3821 398 3894 Ad
424 3810 462 3895 li.
490 3809 717 3915 lltlilllllt
745 3811 1008 3899 Rblltlllltbll
1035 3808 1333 3897 miseriorum

617 3955 647 4020 S.
674 3955 835 4034 topasion
858 3954 887 4020 Ρ.
911 3953 940 4020 Ρ.
964 3953 993 4018 Ρ.
1019 3954 1050 4020 Ρ.

257 4070 433 4142 Germaniae,
451 4071 620 4143 Burgenae,
640 4072 787 4129 Bohemiae
805 4078 858 4128 etc.
876 4071 992 4141 Regem,
1011 4069 1191 4127 Archiiuoem
1209 4070 1336 4126 Austriae
1354 4077 1415 4139 ete,

691 4183 852 4244 Dominum
874 4200 981 4243 meum.

519 4320 855 4400 Augaeussime
876 4323 1149 4402 Imperator.

261 4459 396 4522 Octavus
412 4480 507 4523 annus
522 4463 628 4537 agitur,
653 4482 688 4523 ex
706 4482 765 4541 qno
781 4464 998 4523 Commentarie
1012 4478 1079 4521 mea
1093 4459 1129 4520 de
1143 4459 1272 4520 motibus
1286 4460 1396 4521 Stellae
1412 4459 1515 4520 blattis

154 4549 343 4625 imperatori
358 4549 519 4625 liudolpho
537 4547 582 4608 11.
598 4551 705 4611 Samae
721 4552 883 4611 Gaeeaoeee
897 4549 1066 4625 Majeetatia
1080 4547 1204 4608 Vestrae
1218 4549 1406 4608 Antecessorl
1421 4548 1516 4607 Fratri

153 4635 232 4698 Lm.
255 4636 384 4713 publicis
407 4640 485 4714 typis
508 4637 654 4716 descripta
677 4638 795 4698 exhibui
817 4653 968 4714 aususque
988 4654 1062 4709 snm,
1085 4638 1185 4694 animo
1207 4638 1431 4712 praeconcipere
1445 4652 1515 4694 aue·

154 4741 272 4786 οωιιι
302 4727 333 4783 in
360 4723 483 4800 reliquis
508 4727 599 4784 etiam
621 4727 761 4802 planetis,
792 4727 818 4784 si
840 4743 887 4786 me
908 4739 1013 4785 aereuo
1035 4722 1121 4783 vultu
1142 4725 1298 4801 respiceret
1320 4723 1400 4783 Dira
1421 4723 1515 4782 ilum·

152 4812 263 4873 moola
308 4811 374 4873 Nec
394 4811 499 4873 abnuit
520 4812 684 4890 Imperator
704 4812 1017 4891 magmfioenttmlmus,
1041 4811 1177 4875 coelestis
1197 4811 1338 4871 sentiae
1359 4810 1515 4887 famaeque
