3284 5520
147 366 212 433 100
652 365 694 420 De
712 364 831 421 cometis
849 363 934 421 libelli
950 365 1000 423 111.

145 543 273 605 eiruaD
306 542 453 617 similiter,
486 550 517 603 at
545 545 621 604 cirea
644 543 682 617 C,
707 543 784 620 I,L
814 561 928 604 rursum
955 547 985 603 in
1009 545 1190 622 propinquis.
1235 540 1352 603 Deinde
1377 536 1505 605 vIsoriue

145 633 227 708 ipsae
251 634 367 692 eiraaB
392 631 464 691 etD
493 633 665 692 rectioribus
688 633 726 692 ad
750 633 874 692 orbitam
889 633 1018 692 Telluris
1042 631 1158 709 augulis
1183 638 1302 693 exeunt:
1324 631 1393 709 plns
1416 633 1506 708 igitur

144 721 186 778 ibi
216 719 326 780 distant
357 721 442 778 binae
472 719 509 777 ab
538 720 680 798 invicem,
716 738 805 797 quam
833 729 902 780 ante
934 728 962 781 et
985 729 1053 797 post
1076 720 1115 794 C,
1151 720 1200 779 ubi
1224 736 1283 778 una
1304 717 1422 779 illarum
1444 719 1505 778 RX

145 807 271 867 orbitam
286 806 412 867 Telluris
435 805 522 882 plane
537 809 633 885 tangit
655 811 685 866 in
707 815 815 885 puncto
832 806 869 866 C:
895 809 1008 868 vicinae
1024 810 1112 885 igitur
1135 807 1191 866 sibi
1214 809 1340 866 invicem
1364 808 1505 885 approxi-

143 902 224 954 mant
247 902 276 956 et
298 913 373 971 pene
396 894 578 968 coincidunt,
607 894 673 954 illas
699 913 767 955 vero
790 894 876 955 aliter
897 905 979 956 secat
1001 895 1072 954 KlP
1094 903 1189 969 recta,
1219 892 1305 954 aliter
1326 901 1356 955 et
1379 894 1505 954 diversis

145 984 182 1042 ab
195 982 251 1042 bec
264 982 501 1042 inclinationibus
512 982 591 1041 BCI)
609 1000 707 1042 curva.
742 983 829 1058 Quod
845 984 933 1057 igitur
944 986 1093 1060 portiones
1106 985 1197 1059 ipsius
1208 980 1279 1041 XlP
1292 981 1504 1042 abbreviantur

143 1071 221 1129 cirea
243 1069 298 1142 CI,
329 1087 420 1130 causa
442 1077 487 1129 est
515 1069 593 1129 dicta
615 1072 818 1148 propinquitas
840 1069 1000 1145 linearum3
1037 1070 1115 1147 quod
1137 1086 1207 1130 vero
1230 1086 1318 1148 supra
1341 1068 1382 1127 11.
1404 1070 1504 1129 subito

142 1156 216 1215 fiunt
238 1175 377 1233 magnae,
401 1156 434 1217 fit
456 1165 624 1234 propterea,
649 1161 719 1234 quia
742 1175 830 1235 qnam
853 1158 938 1217 nobis
961 1159 1000 1219 ad
1022 1158 1179 1219 secandum
1202 1157 1425 1235 proposuimus,
1451 1156 1502 1217 Illa

144 1252 189 1304 est
218 1261 277 1303 uua
308 1246 479 1304 visoriarum
510 1252 683 1321 secaturque
705 1264 724 1303 a
746 1248 807 1305 suis
836 1247 940 1305 vicinis
964 1264 999 1305 ac
1018 1244 1227 1324 propemodum
1248 1242 1399 1322 parallelis
1424 1244 1503 1304 obli·

145 1333 294 1407 quissime.
334 1333 370 1391 iu
392 1341 489 1392 tamen
512 1335 600 1392 etiam
623 1350 674 1409 per
696 1341 741 1392 tot
764 1350 869 1393 causas
891 1334 1087 1410 inaequalitas
1111 1336 1167 1393 ista
1188 1336 1355 1411 portionum
1379 1334 1409 1390 iu
1431 1331 1503 1392 KIP

145 1435 205 1478 non
227 1417 341 1480 excedit
363 1422 505 1479 rationem
530 1419 621 1496 dupli,

248 1505 318 1567 Jam
341 1508 429 1584 igitur
444 1511 602 1585 propositis
617 1502 732 1567 duabus
746 1505 799 1582 FQ
823 1514 852 1567 ct
866 1507 921 1566 KP
944 1507 1105 1585 divisisque
1121 1509 1149 1566 in
1172 1517 1271 1584 partes
1286 1507 1501 1583 aequemultas,

145 1592 289 1654 etaltera
312 1613 412 1653 esrum
436 1597 464 1652 in
489 1595 630 1670 aequales
652 1596 753 1668 initio,
785 1602 852 1671 post
875 1598 903 1652 in
926 1595 1069 1672 paulatim
1092 1595 1304 1668 decrescentes,
1335 1592 1450 1672 reliqua
1471 1598 1502 1653 in

142 1688 239 1756 partes
270 1682 456 1765 ipsequales,
492 1682 591 1741 ordine
616 1682 753 1755 confuso,
786 1689 815 1741 et
837 1683 970 1759 partibus
994 1685 1202 1743 contrariarum
1224 1682 1378 1759 plagarum
1401 1681 1503 1743 ordine

143 1770 282 1829 continuo
306 1771 445 1829 connexis
468 1787 519 1845 per
542 1770 667 1828 visorias
689 1769 819 1845 reliquas
842 1776 982 1846 tanquam
1005 1772 1154 1845 sectriees,
1177 1787 1297 1831 necesse
1319 1777 1374 1845 est,
1398 1787 1502 1830 omnes

143 1857 262 1915 omnino
293 1857 421 1933 reliquas
455 1859 579 1916 visorias
611 1857 733 1916 duarum
764 1856 880 1916 illarum
909 1859 1045 1918 sectrices
1075 1859 1202 1918 vicissim
1233 1859 1325 1918 secari
1348 1860 1378 1915 in
1401 1865 1503 1934 partes

141 1945 339 2018 proportionis
355 1947 464 2004 mixtae
480 1962 515 2004 ex
530 1947 717 2021 proportione
734 1945 861 2021 partium
877 1946 1039 2022 utriusque,
1061 1947 1103 2004 sic
1119 1952 1152 2004 ut
1166 1944 1202 2004 de
1217 1945 1297 2010 illius
1312 1947 1504 2022 proportione

140 2029 208 2106 plus
232 2031 382 2107 quaelibet
404 2033 569 2109 participet,
593 2035 639 2091 cui
662 2034 756 2110 magis
779 2034 972 2108 approximat,
994 2050 1047 2110 per
1070 2033 1110 2092 th.
1135 2031 1238 2095 XVII.
1284 2030 1383 2107 Quare
1407 2050 1502 2109 quae·

142 2134 257 2193 cunque
288 2118 412 2195 eligatur
442 2122 470 2177 in
501 2119 697 2196 trajectoriam
730 2138 765 2180 ex
787 2120 868 2179 bisce
890 2122 1023 2194 risoriis,
1057 2123 1087 2178 in
1111 2121 1246 2180 omnibns
1268 2121 1323 2181 erit
1345 2123 1402 2180 isia
1425 2123 1503 2180 ratio

141 2207 279 2266 sectionis
303 2214 332 2266 et
353 2209 504 2283 proportio
527 2209 653 2283 partium
669 2208 837 2268 diurnarum
859 2225 917 2268 nou
940 2207 1064 2267 multum
1086 2208 1225 2268 recedens
1248 2208 1286 2267 ab
1309 2207 1501 2284 aequalitate.

142 2353 339 2429 Epiebircma
360 2359 531 2431 septimum.
578 2352 776 2431 Investipotio
803 2358 877 2414 sitm
906 2362 935 2414 et
961 2356 1273 2437 longitudinisjdius
1300 2363 1415 2430 rectae,
1445 2376 1504 2434 per

624 2461 719 2519 quom
741 2450 855 2503 cometa
878 2445 1007 2516 trajecit.

246 2556 319 2615 Cum
335 2556 476 2632 plurimae
490 2558 604 2631 possint
619 2558 742 2616 existere
758 2557 942 2632 trajectoriae
961 2558 1090 2616 motione
1106 2556 1265 2632 aequabili,
1288 2573 1365 2631 quae
1380 2556 1502 2617 easdem

141 2650 320 2703 cometarum
355 2646 540 2721 apparentiae
574 2651 809 2719 repraesentent,
847 2644 993 2703 delectum
1028 2652 1125 2703 tamen
1160 2647 1235 2704 inter
1267 2660 1317 2702 eas
1351 2645 1504 2705 insinuant

143 2732 328 2806 conjecturae
350 2749 388 2791 ex
411 2731 543 2790 claritate
567 2739 596 2790 et
619 2749 654 2791 ex
678 2733 860 2809 apparitione
884 2731 996 2791 caudae
1019 2730 1185 2808 desumtae,
1213 2748 1289 2808 quae
1312 2737 1409 2792 tamur
1432 2739 1503 2792 suut

141 2816 327 2879 instruendae
351 2818 648 2878 demonstrationibus
670 2820 865 2893 geometricis.

244 2905 319 2965 Nam
351 2908 420 2982 qula
451 2914 564 2965 cometa
588 2905 635 2965 die
659 2909 710 2967 21.
733 2907 806 2965 Dee.
831 2907 910 2981 (ipso
934 2904 981 2965 die
1002 2905 1136 2982 brumae)
1167 2907 1198 2963 in
1221 2902 1396 2984 quadratum
1421 2905 1501 2966 Solis

140 2991 271 3052 incidens
302 2994 501 3051 transitionem
524 2993 592 3051 feeit
615 3011 650 3052 ex
672 2992 886 3068 hemisphaerio
909 2993 987 3052 Solis
1011 2996 1040 3051 in
1062 2991 1309 3070 hemisphaerium
1331 2997 1501 3071 oppositum

140 3088 222 3138 motu
238 3079 416 3154 retrogrado,
441 3097 530 3155 quare
546 3097 597 3157 per
618 3079 659 3138 th.
673 3079 795 3139 XXIII.
817 3081 871 3139 luit
886 3098 975 3156 supra
998 3083 1140 3140 sectiones
1157 3082 1274 3156 primas,
1298 3096 1375 3156 quae
1390 3081 1499 3141 circal

139 3169 270 3243 proxime
300 3169 439 3244 originem
467 3166 609 3226 linearum
631 3166 781 3242 incidunt,
814 3170 839 3227 si
868 3170 1003 3227 transivit
1031 3168 1151 3226 ulterius
1174 3170 1303 3228 sectione
1325 3150 1501 3241 humillima,

140 3256 316 3314 visoriarum
340 3255 450 3314 scilicet
473 3253 583 3313 dierum
608 3257 657 3314 21.
682 3262 711 3314 ct
734 3258 785 3314 22.
803 3256 885 3328 Dee,
908 3257 1002 3315 secuit
1024 3257 1111 3331 igitur
1134 3256 1259 3315 orbitam
1278 3254 1405 3314 Telluris
1429 3264 1499 3316 ante

139 3341 237 3401 locum
260 3342 367 3402 Tenue
396 3340 435 3400 ad
457 3340 496 3417 Ο,
529 3341 606 3401 ultra
633 3341 730 3401 locum
760 3342 799 3402 ad
820 3343 861 3416 E,
895 3351 947 3402 aut
975 3349 1053 3403 certe
1081 3345 1218 3402 remotior
1240 3344 1295 3402 suit
1317 3349 1380 3402 tota
1404 3345 1501 3404 orbita

142 3429 278 3501 Telluris,
302 3447 354 3506 per
377 3427 510 3488 corollas.
534 3427 572 3487 ad
596 3428 636 3490 th.
661 3428 784 3490 XXIII.

245 3516 311 3575 Non
340 3524 438 3576 tamen
469 3518 604 3575 transivit
626 3534 715 3592 supra
738 3526 767 3576 et
789 3516 866 3575 ultra
888 3518 1033 3576 sectiones
1056 3533 1172 3576 omnes:
1208 3518 1278 3592 quia
1300 3521 1377 3575 enim
1400 3526 1499 3579 motus

141 3609 273 3662 cometae
303 3601 488 3679 retrogradus
519 3602 615 3663 adhuc
642 3607 715 3662 satis
745 3606 800 3664 iuit
829 3621 970 3680 magnus,
1005 3603 1133 3663 nondum
1164 3621 1232 3680 ergo
1265 3602 1411 3664 desiturus
1435 3615 1498 3666 erat

143 3688 245 3748 diebus
277 3692 416 3767 proximis
449 3700 478 3750 ct
510 3693 594 3765 quasi
628 3692 726 3750 subito
756 3695 785 3749 in
815 3694 987 3766 stationem;
1019 3693 1044 3749 si
1077 3693 1165 3767 igitur
1194 3691 1363 3767 trajectoria
1393 3693 1497 3752 luisset

140 3779 272 3853 superior
296 3779 430 3837 omnibus
448 3779 637 3856 sectionibus,
660 3778 762 3838 suisset
787 3781 874 3838 etiam
898 3796 987 3854 supra
1001 3780 1145 3838 sectiones
1170 3777 1281 3837 dlerum
1302 3782 1499 3855 posteriorum

144 3872 173 3923 ct
201 3866 244 3923 sic
272 3874 353 3924 extra
380 3865 487 3924 lineam
511 3864 584 3938 DQ3
619 3869 700 3942 atqui
724 3883 782 3942 quo
804 3868 941 3925 remotior
963 3865 995 3923 fit
1018 3867 1184 3941 traiectoria
1207 3884 1225 3924 a
1247 3865 1351 3938 Terra,
1384 3867 1443 3926 hoc
1464 3867 1498 3926 tlt

142 3950 265 4027 longior,
290 3955 398 4030 quippe
418 3954 579 4028 intercepta
595 3970 613 4010 a
629 3954 745 4012 visoriis
762 3953 821 4024 BT,
837 3951 893 4027 DQ
916 3952 1093 4025 divaricatis,
1117 3960 1146 4012 et
1161 3952 1217 4012 hue
1231 3956 1325 4029 magle
1341 3953 1498 4013 inclinatur

142 4038 179 4097 ad
195 4038 260 4114 DQ,
286 4042 356 4115 quia
372 4041 498 4099 slsoriae
522 4038 697 4099 inclinantur
719 4043 747 4097 ln
764 4040 984 4113 antecedentia,
1007 4040 1173 4114 trajectoria
1195 4058 1275 4115 vero,
1297 4042 1352 4099 nisi
1375 4041 1496 4117 planum

142 4125 205 4202 ejus
229 4128 368 4186 intactam
392 4127 500 4187 Terrae
523 4127 646 4185 orbitam
669 4135 840 4204 praetereat,
865 4134 909 4186 est
928 4144 990 4185 una
1013 4145 1048 4186 ex
1071 4129 1197 4202 vIsoriis,
1220 4145 1271 4204 per
1294 4128 1335 4187 th.
1359 4127 1446 4187 XVI.

244 4213 354 4273 Eadem
377 4214 530 4292 prolixitas
552 4214 648 4275 lineae
670 4234 700 4274 v.
725 4232 748 4273 e.
772 4214 840 4288 YF,
868 4216 892 4272 si
916 4222 998 4274 extra
1019 4214 1047 4272 D
1070 4222 1215 4288 trauseat,
1244 4215 1384 4292 probatur
1407 4219 1496 4276 etiam

140 4300 216 4361 inde.
262 4303 378 4361 Etenim
409 4303 529 4360 diurnus
555 4301 745 4377 longitudinis
774 4301 935 4378 retrogradi
967 4310 1099 4361 cometae
1128 4302 1247 4361 ultimus
1272 4303 1335 4379 jam
1357 4303 1414 4368 fuit
1435 4319 1496 4362 non

139 4387 230 4448 multo
253 4389 349 4465 major
371 4389 473 4449 diurno
497 4387 575 4449 Solis
598 4397 627 4448 et
648 4387 736 4449 simul
759 4397 873 4448 cometa
895 4396 957 4449 erat
979 4390 1009 4446 in
1032 4391 1168 4466 opposito
1191 4388 1286 4449 Solis:
1309 4393 1402 4452 sectio
1425 4407 1495 4467 ergo

139 4477 328 4551 visoriarum,
360 4477 494 4536 diurnum
517 4482 648 4536 cometae
671 4477 873 4549 formantium,
905 4478 961 4536 suit
980 4493 1039 4536 non
1062 4477 1155 4536 multo
1178 4475 1316 4537 humilior
1338 4480 1401 4554 ipso
1425 4477 1495 4538 Sola

140 4563 170 4619 iu
200 4562 317 4640 plagam
350 4566 532 4642 oppositam,
565 4581 617 4640 per
646 4563 686 4626 th.
709 4564 761 4623 VI.
807 4565 885 4640 Ergo
916 4566 942 4622 si
970 4563 1136 4638 traJ‘ectoria
1164 4564 1220 4624 luit
1249 4582 1338 4641 supra
1360 4565 1495 4625 ultimam

140 4651 298 4711 sectionem
314 4653 495 4726 visoriarum,
519 4652 574 4709 fuit
588 4651 676 4727 igitur
699 4651 823 4711 inillam
838 4650 957 4729 plagam
973 4659 1086 4711 tantum
1109 4653 1167 4713 iere
1184 4651 1325 4726 elevatus,
1350 4660 1494 4729 quantum

140 4733 192 4815 Sol
222 4740 250 4796 iu
283 4741 465 4817 oppositam,
499 4747 610 4816 quanto
641 4755 711 4800 vero
735 4738 821 4799 altior
843 4756 910 4815 pars
933 4736 973 4809 Y,
1006 4738 1062 4799 boc
1086 4747 1131 4799 est
1153 4746 1263 4816 quanto
1287 4739 1402 4818 longior
1426 4739 1494 4818 DY,

139 4830 221 4884 tanto
244 4832 275 4886 et
294 4824 408 4906 longior
431 4827 598 4904 dejectoris
619 4825 673 4886 ΡΥ
695 4834 724 4886 et
745 4825 913 4888 inclinatior
933 4825 972 4887 ad
993 4825 1060 4905 ΒΥ,
1084 4834 1117 4888 ut
1136 4829 1228 4904 prius.
