3284 5520
696 64 948 185 Logarithmoram
1450 112 1514 185 337

151 302 216 355 iem
238 290 304 355 VD.
341 292 534 355 Permutatim
557 295 644 371 igitur
666 294 760 369 major
783 295 836 354 erit
859 293 1008 373 proportio
1031 293 1185 372 totiusne,
1208 294 1323 353 termini
1346 295 1465 371 majoris
1488 299 1517 355 ln

114 380 117 385 ’
149 383 256 459 priori,
279 380 318 442 ad
341 404 376 461 ny
394 380 537 457 majorem
559 384 589 439 ln
610 383 774 459 posteriori,
798 398 887 457 quam
909 383 1000 439 totius
1014 378 1083 456 HD,
1107 382 1222 441 termini
1244 383 1365 441 minoris
1384 384 1413 440 ln
1429 385 1517 461 priori

149 470 355 548 proportione,
378 467 416 528 ad
440 466 501 540 VC,
527 469 678 527 terminum
702 471 840 528 minorem
864 471 892 526 in
916 470 1078 545 posteriori.
1118 466 1177 527 Sed
1200 474 1263 528 tota
1285 474 1322 545 06
1344 477 1459 529 constat
1482 488 1519 531 ex

149 557 288 615 terminis
311 578 359 636 ny,
382 562 432 634 yll,
455 571 578 631 quornm
602 556 764 615 differentia
787 574 835 634 yn3
867 555 998 613 similiter
1020 554 1079 613 DH
1102 561 1217 614 constat
1239 573 1274 614 ex
1298 558 1426 614 terminis
1450 557 1516 633 DV,

148 641 224 717 VH,
248 659 373 719 quorum
388 642 550 702 differentia
567 642 628 717 VC,
651 644 745 719 major
760 645 847 718 igitur
863 652 908 701 est
923 644 1072 720 proportio
1087 645 1274 701 terminorum
1290 666 1330 720 ps,
1352 645 1518 723 06100010-

146 746 220 789 rum
243 730 283 790 ad
306 748 390 790 snam
413 729 605 789 differentiam
627 754 669 809 yn,
693 748 781 807 quam
806 731 992 788 terminorum
1009 729 1076 802 DV,
1097 728 1155 787 VH
1179 727 1217 788 ad
1239 730 1430 789 differentiam
1453 731 1516 791 VC.

144 818 193 877 Ar
219 834 291 877 raro
314 825 402 877 aucta
424 819 610 896 proportione
632 835 763 877 summae
787 819 973 876 terminorum
997 815 1034 875 ad
1054 833 1137 874 susm
1154 815 1354 892 differentiam,
1378 821 1518 878 minuitur
1626 872 1630 881 .

143 906 287 983 ipsorum
317 907 392 966 iuter
413 922 446 964 ee
470 907 657 964 terminorum
680 907 799 964 seorsim
822 907 984 983 positorum
1013 905 1177 982 proportio,
1210 923 1260 981 per
1280 922 1362 983 prop.
1391 908 1439 965 13.
1465 923 1516 966 00·

146 990 224 1051 0011.
258 1000 289 1052 01
319 993 502 1052 communem
533 993 684 1066 notitiam,
716 992 794 1069 quod
824 992 1082 1070 proportionalium
1106 989 1208 1050 eadem
1232 994 1270 1050 sit
1292 996 1375 1052 ratio.
1420 993 1518 1053 Minor

143 1087 199 1139 eat
222 1080 325 1155 itaque
345 1081 495 1158 proportio
519 1081 593 1138 inter
614 1103 647 1160 ny
670 1087 699 1138 et
720 1086 761 1157 76,
785 1096 873 1156 quum
896 1081 971 1137 inter
986 1077 1044 1136 DV
1061 1088 1090 1138 et
1105 1076 1173 1136 VH.
1212 1077 1270 1138 Sed
1293 1083 1441 1157 proportio
1458 1081 1515 1140 DV

146 1166 192 1226 nd
216 1166 279 1225 VH
301 1175 345 1226 est
364 1166 498 1242 aequalis
520 1167 701 1245 proportioni
717 1167 774 1225 DA
798 1165 836 1225 ad
859 1165 914 1224 AV
940 1170 1032 1243 (prop.
1059 1165 1201 1241 ι2),10000
1225 1183 1294 1226 vero
1318 1167 1374 1225 DA
1398 1169 1435 1226 nd
1459 1168 1515 1228 AV

142 1255 306 1333 proportio
335 1261 381 1314 001
407 1252 528 1312 dimidia
551 1256 644 1329 ipsius
666 1254 722 1313 DA
746 1253 784 1312 od
808 1252 865 1310 AH
889 1253 981 1329 (prop.
1007 1256 1054 1329 1),
1086 1254 1178 1310 minor
1208 1261 1252 1311 est
1274 1270 1343 1329 ergo
1366 1259 1515 1333 proportio

140 1343 230 1401 inter
251 1363 293 1419 ny,
316 1346 357 1419 yi,
380 1356 532 1400 mensuras
555 1344 773 1419 proportionum
795 1339 852 1399 HA
876 1340 914 1399 ad
939 1341 990 1398 AG
1013 1348 1042 1399 et
1064 1339 1115 1398 CA
1139 1339 1177 1398 ad
1194 1338 1259 1413 AD,
1283 1358 1371 1416 qunm
1394 1342 1516 1403 dimidia

139 1431 229 1488 inter
250 1431 389 1487 terminos
411 1427 478 1502 HA,
503 1427 568 1486 AD.

259 1535 466 1605 Exemplum.
514 1538 626 1590 Numeri.
680 1540 851 1590 Differentiae.
887 1537 1049 1599 Logsrltlrml.
1137 1537 1354 1598 Logarithmorum
1374 1538 1516 1591 differentia

1159 1622 1202 1656 seu
1215 1622 1345 1657 mensurae
1356 1612 1495 1674 proportio.

531 1677 600 1733 1000
1000 1674 1036 1729 00

735 1745 787 1803 200
1243 1743 1331 1801 28708
1344 1785 1350 1799 .
1364 1746 1396 1801 21

548 1817 600 1873 750
876 1814 963 1871 28708
978 1852 986 1870 .
997 1813 1028 1870 21

733 1886 787 1941 2100
1247 1884 1334 1942 tosto
1347 1927 1354 1941 .
1368 1887 1400 1942 ot

550 1957 604 2013 900
878 1955 964 2011 69314
979 1996 985 2009 .
999 1954 1033 2008 72

261 2050 291 2105 81
308 2067 372 2107 rere
390 2051 577 2109 1101011000
598 2052 633 2108 ad
651 2051 770 2107 medium
788 2048 992 2120 proportionale
1010 2048 1081 2104 inter
1098 2049 1227 2104 terminos
1246 2055 1381 2105 extremos
1402 2052 1469 2108 1000
1488 2058 1515 2109 01

147 2130 210 2189 500
231 2132 270 2198 (id
294 2130 563 2203 0010117071068),
588 2133 627 2189 010
649 2148 778 2188 mensura
801 2131 986 2203 proportionis
1011 2130 1123 2200 prioris,
1149 2146 1219 2200 quae
1243 2133 1452 2202 0012870821,
1479 2136 1514 2190 ad

137 2210 288 2279 11100000,
312 2210 337 2265 10
364 2210 483 2282 prodibit
500 2213 633 2269 4068440
651 2212 683 2283 (1)
708 2211 795 2279 major
813 2228 894 2280 quam
912 2225 1039 2265 mensura
1056 2209 1239 2278 proportionis
1258 2210 1364 2280 prioris.
1402 2213 1430 2267 si
1449 2228 1513 2268 vero

144 2287 252 2345 110101
272 2288 341 2345 1000
358 2289 393 2344 ad
409 2290 528 2345 medium
545 2291 750 2361 proportionale
767 2292 837 2345 inter
857 2290 924 2345 1000
942 2298 970 2343 01
989 2288 1040 2343 300
1058 2288 1094 2355 (16
1114 2298 1157 2341 000
1174 2287 1209 2341 ari
1228 2289 1304 2357 6010),
1329 2289 1368 2344 010
1386 2306 1514 2345 mensura

143 2367 340 2436 proportionis
358 2369 516 2438 posterioris
534 2370 666 2428 0309886
685 2371 722 2437 (iu
740 2388 791 2438 seq.
810 2370 935 2434 exemplol
963 2365 997 2421 ad
1024 2365 1155 2434 aliquem,
1182 2367 1205 2420 is
1234 2367 1354 2435 prodibit
1372 2368 1512 2439 3815932,

146 2445 244 2501 minor
262 2461 344 2515 quam
361 2462 488 2504 mensura
505 2451 690 2519 proportionis
709 2448 807 2520 prioris
825 2448 896 2501 inter
916 2446 982 2502 1000
1001 2453 1029 2498 01
1047 2445 1107 2501 000.

255 2541 358 2597 Aliud
382 2544 582 2614 exemplum.
619 2549 728 2598 Numeri.
781 2548 842 2596 Diii.
896 2545 1062 2609 Logaritlrml.
1134 2544 1352 2607 Logarithmorum
1372 2546 1513 2596 differentis

639 2685 706 2741 1000
748 2613 752 2624 ’
1152 2629 1195 2662 seu
1210 2629 1341 2664 mensurae
1352 2618 1493 2680 proportio.

778 2752 830 2808 seo
1238 2751 1387 2807 3030003

656 2821 710 2878 seo
899 2820 1049 2877 3330003

777 2892 829 2947 300
1240 2890 1389 2948 assesso
1417 2936 1428 2962 ,,

656 2960 707 3016 300
882 2961 1047 3018 romeon

256 3060 523 3122 Corollarium.
562 3060 635 3121 Cum
651 3063 740 3137 igitur
755 3061 883 3120 medium
899 3062 1113 3122 arithmeticum
1130 3061 1277 3139 dispereat
1292 3067 1509 3138 proportionem

154 3148 185 3207 iu
204 3156 304 3228 partes
326 3148 511 3226 inaequales,
541 3166 666 3226 quarum
688 3166 747 3208 una
769 3150 862 3224 major
885 3157 929 3208 est
952 3153 1071 3208 semisse
1095 3152 1198 3220 totius,
1223 3148 1315 3208 altera
1338 3151 1448 3208 minor:
1482 3153 1508 3209 si

158 3246 318 3313 quaeratur,
342 3254 417 3313 0000
434 3251 503 3312 ergo
527 3237 566 3294 011
581 3237 710 3316 ipsarum
732 3239 952 3314 proportionum
974 3239 1123 3316 proportio
1147 3238 1220 3295 inter
1242 3253 1283 3309 se,
1307 3235 1509 3314 respondetur,

158 3323 231 3401 qood
255 3342 291 3385 00
315 3326 354 3384 011
378 3323 466 3403 00010
491 3325 584 3381 minor
606 3324 726 3383 semisse
750 3323 836 3384 dieto.

253 3411 475 3490 Exemplum,
499 3410 663 3486 inquirendi
678 3413 808 3488 proxime
826 3411 922 3487 majus
939 3418 969 3470 et
984 3413 1113 3488 proxime
1128 3412 1223 3470 minus
1246 3409 1358 3486 aliquid
1374 3428 1511 3472 mensura

154 3501 346 3579 proportionis
370 3499 546 3576 propositae.

254 3585 334 3646 Nota
356 3587 395 3645 sit
418 3601 554 3644 mensura
577 3586 773 3662 proportionis
795 3587 870 3644 inter
897 3586 978 3644 1000
1003 3594 1032 3643 01
1057 3587 1138 3658 900,
1171 3602 1248 3661 quae
1271 3587 1310 3644 sit
1335 3586 1505 3659 10536.05,

153 3675 303 3750 quaeritur
324 3691 460 3733 mensura
483 3675 678 3750 proportionis
704 3673 909 3744 90001800,
934 3680 966 3729 01
989 3673 1046 3730 sint
1069 3671 1208 3748 aequales
1232 3673 1410 3733 differentiae
1435 3675 1510 3732 inter

156 3761 238 3820 1000
268 3761 399 3833 01900,
433 3767 462 3819 01
491 3761 650 3819 10100900
680 3760 804 3819 01800.
852 3760 902 3817 Est
934 3761 1022 3834 igitur
1049 3762 1122 3820 019
1157 3760 1195 3819 od
1229 3761 1246 3817 8
1277 3762 1320 3819 sie
1346 3761 1505 3819 10536.05

150 3846 187 3907 ad
213 3847 374 3907 1070072
391 3843 464 3920 (aio).
501 3845 640 3905 Mensura
663 3862 731 3905 vero
755 3847 949 3924 proportionis
975 3847 992 3905 9
1016 3844 1054 3904 ad
1078 3847 1096 3903 8
1120 3856 1164 3906 001
1187 3846 1289 3922 major.
1327 3846 1452 3906 Rursum
1476 3856 1508 3905 ut

151 3933 277 3995 medium
300 3932 515 4013 proportionale
536 3935 610 3992 inter
626 3935 644 3992 8
665 3940 694 3993 et
717 3934 756 3991 10
778 3932 930 4013 (quodest
947 3931 1198 4009 89441719)οᾱ
1217 3936 1263 4008 10,
1288 3934 1506 3993 01010536.Οὸ

152 4020 186 4081 sd
210 4023 384 4081 1177966.
429 4021 469 4081 At
492 4038 628 4081 mensura
651 4022 724 4079 inter
749 4022 766 4080 9
791 4029 820 4079 01
844 4022 861 4078 8
886 4028 930 4078 001
953 4022 1055 4092 minor,
1078 4038 1117 4079 sc.
1146 4022 1313 4080 1177830.

251 4124 405 4184 Notitla
427 4141 591 4184 commun
601 4127 642 4183 is.
683 4123 790 4183 Omnis
803 4141 951 4182 enumeras
967 4127 1168 4200 quantitatem
1184 4128 1328 4198 exprimit
1342 4124 1502 4200 effabilem.

252 4211 480 4289 Propositio
502 4211 607 4271 XXV.
653 4212 688 4270 Si
717 4215 840 4271 numeri
862 4211 944 4269 1000
971 4211 1133 4270 macedoni
1158 4215 1288 4270 invicem
1313 4211 1421 4270 ordine
1442 4229 1505 4270 na-

155 4300 259 4373 tarali,
294 4300 359 4359 dini
381 4299 550 4376 differentes
576 4302 712 4371 unitate,
747 4301 954 4375 surripiuntur
976 4316 1048 4358 uero
1072 4299 1137 4358 bini
1160 4302 1341 4375 quicunque,
1365 4298 1504 4373 deinceps

157 4387 302 4460 ordinati,
334 4394 485 4462 tanquam
513 4388 637 4445 termini
663 4389 870 4462 proportionis
900 4387 1051 4459 oliaajas:
1085 4390 1142 4444 erit
1173 4386 1266 4458 10003
1295 4390 1503 4461 proportionis

158 4488 296 4534 mensura
325 4474 368 4533 ad
397 4492 575 4533 mensuram
604 4475 811 4550 proportionis
839 4476 918 4531 inter
941 4474 1017 4533 daos
1039 4477 1189 4533 maximos
1211 4473 1349 4531 chiliadis
1370 4477 1404 4531 in
1425 4491 1502 4549 pro·

160 4565 287 4633 portione
317 4563 436 4635 maiore
467 4561 589 4639 quidem
596 4604 608 4636 ,
642 4579 736 4638 qaam
767 4569 918 4638 quantam
950 4560 1038 4621 100001
1068 4564 1224 4621 monimus
1255 4563 1316 4634 ipse
1349 4562 1429 4620 1000
1460 4561 1503 4620 ad

226 4680 319 4732 nnn
332 4678 415 4733 opere
443 4679 494 4721 rm
1255 4672 1295 4726 22
