3284 5520
216 360 259 427 50
718 355 759 408 lie
779 354 896 410 Cernetis
915 354 999 411 libelli
1018 356 1067 412 Ill.

220 553 353 596 raeornm
375 535 548 594 sententiam
574 532 609 591 de
625 532 694 592 Sole
718 535 885 609 quiescente
909 535 937 590 in
961 533 1123 593 meditullio
1146 533 1255 607 mundi,
1279 532 1396 593 Tellure
1412 550 1483 592 vero
1499 534 1576 592 eirea

216 623 314 682 Solem
340 620 545 681 'circumeunte
569 622 597 675 in
621 620 715 679 lneern
739 623 891 680 revocavit
921 618 1015 703 (aride
1037 621 1201 698 parallaxes
1224 639 1356 694 annuae,
1388 622 1503 697 longior
1526 620 1578 678 illa

216 712 297 771 scala
321 720 569 783 astronomorum,
594 704 762 788 resultant),
787 710 887 766 statim
909 713 1068 767 astronomi
1092 709 1233 782 hodierni,
1258 726 1373 767 omnem
1395 709 1577 785 planetarios

157 814 161 847 t
217 800 343 873 regionis
375 794 596 873 amplitudinem
627 799 799 873 pervagati,
823 813 881 853 non
905 793 999 854 solunt
1022 796 1177 856 intervalla
1201 795 1376 869 didicerunt,
1410 795 1577 854 sedetiam

216 888 350 943 itinerum
369 885 476 942 formas
492 884 634 953 genirinas
650 883 688 941 ad
704 900 829 959 unguem
845 885 1065 960 investigarunt,
1083 895 1322 961 compertumque
1337 882 1455 954 habeut,
1472 881 1577 957 cujus-

215 972 286 1032 libet
308 973 445 1047 planetae
469 973 521 1028 iter
544 972 572 1025 in
597 969 680 1028 coelo
701 971 951 1048 asiurplicissima
974 971 1107 1030 circulari
1129 975 1188 1043 via,
1213 989 1301 1048 quam
1324 971 1472 1048 perpetuis
1494 969 1577 1027 redi-

215 1061 344 1118 tionibus
367 1058 487 1136 pluneta
508 1066 652 1134 peragrat,
678 1061 726 1115 vix
750 1075 853 1134 parurn
877 1056 1037 1131 deflectere,
1061 1059 1235 1136 quantulum
1257 1058 1373 1130 sufficit,
1398 1065 1430 1115 ut
1445 1074 1497 1134 pro
1515 1061 1577 1115 cir-

215 1147 304 1207 culari
330 1147 424 1203 ovalis
449 1145 563 1203 dicatur
587 1152 675 1219 utque
699 1144 804 1203 reditio
828 1162 887 1202 uua
909 1162 944 1202 ex
967 1145 1027 1204 alia
1049 1148 1214 1205 arctissimo
1237 1148 1334 1221 spatio
1358 1154 1499 1204 nectatur.

319 1235 456 1293 Cometes
481 1242 511 1289 ut
534 1231 689 1308 plurimum
713 1249 803 1307 supra
826 1230 939 1289 Lunam
963 1250 1036 1305 esse,
1060 1236 1170 1310 primus
1187 1233 1318 1292 llraheus
1340 1249 1392 1308 per
1407 1230 1577 1308 parallaxes

215 1324 335 1381 diurnus
363 1322 582 1379 demonstrarit.
631 1317 687 1392 Qui
717 1338 783 1378 curn
806 1323 985 1395 temporanei
1008 1323 1067 1378 sint
1088 1338 1142 1380 nec
1165 1321 1203 1379 ad
1227 1320 1330 1381 eadem
1353 1320 1420 1378 loca
1441 1318 1576 1390 redeant,

215 1411 291 1469 unde
322 1416 390 1468 sunt
418 1408 541 1483 egressi,
575 1422 632 1463 uon
661 1406 716 1464 suit
744 1406 929 1483 expeditum,
964 1409 1068 1467 itinera
1092 1425 1198 1469 eorum
1228 1409 1357 1484 genuina
1383 1407 1577 1481 investigare.

216 1500 314 1556 Ausus
338 1506 383 1555 est
407 1503 503 1553 tamen
526 1492 668 1565 Bralreus,
693 1491 826 1553 doctrina
842 1494 1042 1571 Copernicana
1065 1494 1197 1554 nonnihil
1222 1497 1250 1551 in
1274 1497 1396 1554 sormam
1411 1493 1579 1553 Ptolemai-

214 1604 278 1645 eam
308 1582 456 1652 traducta,
487 1597 576 1640 ausus
600 1592 643 1639 est
667 1589 697 1638 et
719 1580 909 1653 Maestlinus,
940 1584 989 1640 ria
1011 1581 1183 1659 simpliciter
1206 1582 1415 1658 Copernicana,
1439 1590 1578 1641 cometae

214 1676 281 1731 anni
309 1672 401 1729 loli.
426 1669 596 1727 circularem
619 1669 767 1743 assignare
791 1670 884 1742 viarn,
915 1686 1010 1744 neque
1034 1687 1105 1728 saue
1128 1668 1266 1743 diffiteor,
1295 1678 1325 1729 et
1347 1676 1478 1729 cometae
1501 1670 1579 1727 arrni

217 1760 309 1821 1607.
335 1756 473 1816 circulum
496 1755 640 1829 assignari
663 1772 761 1830 posse.

320 1847 359 1903 nt
389 1842 468 1919 quod
500 1845 576 1901 cirea
607 1841 740 1919 planetas
768 1841 876 1901 accidit
904 1844 933 1898 in
957 1841 1143 1915 Ptolemaeo,
1176 1849 1208 1900 ut
1230 1841 1482 1918 suppositionibus
1504 1844 1577 1918 epi-

214 1933 363 2010 cyclorum
387 1940 416 1989 ct
439 1931 664 1989 eccentrieorunt
689 1932 732 1988 usi
755 1937 938 2005 praestemus
961 1929 1079 2004 quidem
1103 1928 1161 2001 illa,
1186 1947 1262 2005 quaa
1286 1933 1362 1989 circa
1385 1929 1520 2006 planetas
1547 1932 1578 1986 in

216 2020 300 2079 coelo
323 2027 474 2095 apparent,
500 2034 586 2091 quam
610 2019 750 2091 proxime,
775 2025 846 2093 puta
869 2019 1020 2089 stationes,
1044 2015 1317 2092 retrogradationes,
1342 2020 1522 2077 incrementa
1548 2030 1581 2076 et

215 2109 399 2167 decrementa
428 2104 583 2175 luminum,
613 2103 665 2162 sed
694 2107 807 2162 interim
839 2112 935 2162 tamen
965 2104 1174 2179 inexplicatum
1202 2103 1417 2179 relinquamus,
1448 2121 1499 2162 cur
1532 2106 1578 2162 illi

215 2195 318 2254 adsciti
343 2192 466 2269 epieycli
491 2201 551 2250 tarn
574 2202 652 2250 arcte
675 2190 805 2266 colligati
828 2191 886 2248 sint
909 2209 974 2249 cum
991 2190 1068 2250 Solis
1092 2199 1182 2263 motu,
1206 2199 1235 2250 et
1257 2195 1299 2249 sic
1321 2191 1492 2250 miraculum
1509 2190 1579 2250 dis-

214 2285 376 2352 cutiamus,
406 2280 465 2337 alio
494 2278 612 2336 inducto
640 2278 798 2337 miraculo:
830 2276 907 2337 idem
929 2282 1018 2338 ctiam
1041 2278 1157 2337 Brairco
1180 2288 1209 2338 et
1232 2278 1388 2339 Maestlino
1412 2279 1519 2337 accidit
1546 2281 1577 2335 in

214 2370 270 2428 hoc
293 2369 411 2443 negotio
436 2365 652 2425 demonstrandi
677 2375 774 2424 motus
798 2376 938 2425 cornetae.
986 2365 1132 2424 Circulum
1164 2368 1240 2424 enim
1271 2383 1372 2425 cursus
1395 2365 1480 2424 tacite
1503 2368 1577 2441 quis

215 2456 395 2526 confinxerit,
420 2464 519 2530 aptum
543 2453 662 2528 quidem
686 2452 880 2529 exprimendis
898 2454 1141 2530 apparitionibus,
1165 2457 1335 2529 praesertim
1358 2455 1384 2511 si
1406 2452 1577 2511 libertatem

213 2545 327 2603 lrabeat
351 2548 552 2609 astronomus,
586 2540 827 2599 aecomrnodandi
859 2548 970 2599 rnoturn
1000 2541 1124 2600 diversis
1152 2541 1252 2599 circuli
1283 2541 1416 2617 partibus
1444 2539 1576 2611 tardum,

118 2630 131 2655 ·’
215 2632 356 2707 velocem,
380 2645 432 2705 pro
455 2646 485 2687 re
508 2635 587 2698 nata,
612 2636 643 2685 at
661 2645 789 2701 eausam,
814 2646 867 2703 cur
881 2627 948 2687 talis
963 2628 1050 2687 luerit
1064 2637 1161 2687 motus
1176 2627 1264 2703 hujus
1278 2628 1387 2700 circuli,
1411 2635 1443 2686 ut
1457 2640 1579 2689 cometa

212 2720 450 2794 appropinquans
482 2716 599 2774 occasui
630 2714 745 2774 lreliaco
768 2722 797 2774 et
820 2732 870 2775 cur
892 2715 1054 2789 quadrante
1077 2733 1095 2774 a
1119 2714 1222 2772 diurno
1245 2718 1373 2774 maximo
1401 2713 1576 2773 redderetur

212 2807 417 2875 stationarius,
450 2802 479 2860 id
509 2801 619 2860 nullius
648 2802 748 2861 circuli
775 2804 939 2879 suppositio
962 2819 1061 2862 secum
1085 2802 1167 2861 atlert
1190 2800 1439 2878 relinquimurque
1461 2804 1490 2858 in
1515 2802 1576 2860 ad-

212 2896 381 2962 rniratione3
414 2892 443 2948 id
474 2898 557 2948 tanto
588 2891 696 2964 magis,
727 2888 807 2965 quod
835 2890 1006 2967 plerumque
1035 2889 1093 2947 duo
1116 2891 1174 2948 ista
1195 2892 1223 2946 in
1248 2891 1369 2948 cometis
1392 2887 1575 2948 coincidunt.

212 2980 377 3049 Praeterea,
402 2994 466 3035 erun
490 2978 603 3034 nonsit
620 2975 785 3049 verisimile,
810 2993 918 3048 eorum,
943 2993 1018 3050 quae
1035 2993 1183 3051 nunquam
1199 2976 1302 3037 eodern
1318 2975 1449 3048 redeunt,
1472 2985 1575 3033 motus

211 3086 277 3126 esse
301 3066 467 3136 circulares,
491 3064 668 3121 contrarium
691 3066 847 3138 igiturest
870 3061 1067 3139 verisimilius,
1090 3073 1187 3122 motus
1211 3063 1369 3122 eorundem
1393 3080 1457 3122 esse
1480 3066 1574 3121 recti-

210 3154 314 3214 lineos.
359 3152 415 3210 His
445 3153 533 3225 igitur
562 3149 598 3209 de
629 3153 725 3209 causis
748 3150 849 3209 circuli
873 3154 901 3207 in
925 3159 1103 3209 cometarum
1127 3168 1197 3210 vero
1220 3161 1303 3210 motu
1326 3151 1396 3208 mibi
1419 3166 1575 3225 nunquam

211 3241 391 3319 placuerunt.
436 3238 568 3314 Canaque
592 3236 726 3297 addictus
749 3256 844 3297 essem
861 3238 1078 3315 (lopernicanae
1102 3238 1251 3297 doctrinae
1275 3239 1311 3297 de
1334 3247 1416 3296 rnotu
1431 3237 1575 3309 Telluris,
1638 3266 1641 3271 ·

212 3330 341 3404 cogitavi
364 3327 459 3397 initio,
482 3326 506 3381 si
529 3340 588 3400 quo
610 3336 708 3399 pacto,
732 3327 901 3400 quiescente
925 3333 1039 3384 cometa
1054 3328 1083 3382 in
1101 3342 1159 3384 una
1173 3325 1274 3383 mundi
1289 3325 1370 3394 sede,
1391 3331 1573 3400 permotum

210 3416 338 3475 Telluris
368 3413 460 3472 solius
482 3420 571 3471 aritea
593 3415 742 3488 cognitum
766 3421 866 3488 posset
889 3413 1080 3472 demonstrari
1105 3430 1250 3490 apparens
1273 3414 1328 3471 iste
1350 3420 1447 3471 motus
1470 3427 1575 3470 eome-

211 3510 277 3575 tae,
310 3502 406 3577 qualis
438 3517 474 3557 ex
501 3500 682 3574 singularum
712 3503 841 3558 noctium
869 3500 943 3559 locis
967 3503 1118 3576 occupatis
1142 3500 1278 3578 componi
1300 3499 1483 3575 intelligitur.
1533 3499 1574 3557 At

211 3608 276 3649 curn
304 3606 362 3646 non
392 3586 563 3663 procederet
584 3587 641 3645 bae
665 3588 713 3644 ria
736 3590 887 3663 negotium
911 3595 1149 3663 remotarumque
1172 3591 1226 3645 iter
1249 3589 1278 3644 in
1302 3585 1385 3645 coeio
1408 3603 1466 3644 non
1492 3594 1574 3645 esset

210 3676 334 3736 circulus
363 3693 487 3749 maguus
516 3675 579 3750 (qui
608 3674 758 3733 debuisset
786 3693 867 3748 csse,
898 3677 922 3733 si
954 3683 1068 3733 cometa
1097 3677 1261 3749 quiesceret
1283 3675 1312 3732 in
1335 3675 1436 3750 aliquo
1459 3682 1572 3749 puncto

210 3765 291 3842 plani
320 3764 501 3840 eclipticas),
533 3778 587 3820 nec
617 3760 741 3820 circulus
772 3765 866 3821 minor
894 3764 960 3837 (qui
984 3763 1123 3838 competit
1146 3771 1277 3821 cornetae
1301 3762 1463 3837 quiescenti
1486 3768 1573 3819 extra

211 3852 363 3928 eclipticas
386 3849 536 3927 planum),
561 3852 656 3923 patuit
679 3852 781 3924 igitur,
805 3857 936 3909 cometas
958 3867 989 3907 re
1013 3866 1083 3908 vera
1105 3865 1164 3906 non
1188 3851 1353 3924 quiescere,
1377 3847 1429 3907 sed
1453 3846 1571 3906 discur-

210 3958 272 3999 rere
295 3956 346 4015 per
368 3939 465 4013 spatia
487 3934 597 3994 mundi.
644 3936 718 3994 (lum
746 3939 834 4013 igitur
861 3943 993 3995 cometae
1017 3936 1219 4013 probabilibus
1241 3937 1420 4011 argumentis
1443 3936 1571 3993 convin-

211 4036 342 4086 cerentur
365 4024 499 4100 trajicere
522 4025 551 4080 in
574 4023 653 4082 linea
677 4030 769 4096 recta,
802 4026 892 4083 subiit
922 4025 1051 4082 animum
1080 4022 1289 4101 contemplanti
1320 4024 1391 4081 milri
1421 4029 1569 4081 cometam

211 4117 279 4173 anni
300 4114 391 4184 1607,
415 4114 439 4168 ai
462 4127 521 4185 quo
545 4121 644 4187 paeto,
667 4113 773 4186 positis
795 4121 826 4171 et
847 4120 930 4170 motu
945 4109 1071 4169 Telluris
1087 4110 1218 4170 circulari
1234 4119 1264 4169 ct
1280 4110 1451 4185 trajectione
1467 4125 1571 4168 come·

210 4210 258 4261 tae
287 4200 452 4269 rectilinea,
484 4200 579 4274 possit
607 4200 778 4274 investigari
807 4198 933 4258 altitudo
959 4205 1091 4257 cometae
1114 4206 1143 4256 et
1165 4200 1239 4256 situs
1263 4196 1359 4257 lineae
1382 4197 1569 4272 trajectoriae

211 4291 239 4345 in
262 4289 358 4366 spatio
382 4284 540 4345 mundano.

315 4375 407 4432 Auxit
437 4375 465 4430 iu
497 4390 544 4431 me
576 4369 752 4431 desiderium
781 4371 915 4432 solvendi
946 4371 1137 4448 problematis
1168 4370 1298 4431 deiectus
1328 4372 1568 4431 observationum

210 4465 437 4533 accuratiorem,
469 4460 577 4535 quibus
608 4462 637 4517 in
667 4461 862 4534 coguitionem
892 4470 1000 4519 certam
1028 4458 1219 4536 parallaxium
1243 4458 1410 4518 diurnarum
1434 4466 1568 4518 cometae

209 4552 300 4608 nostri
325 4550 480 4608 veniretur.
518 4547 623 4620 ltaque
647 4547 871 4621 pulcherrimum
894 4549 1006 4607 facinus
1021 4547 1184 4620 videbatur,
1209 4549 1297 4606 etiam
1314 4549 1385 4605 citra
1401 4545 1568 4624 parallaxes

211 4638 338 4709 rirurnas,
362 4639 479 4694 unicum
495 4634 635 4693 imotenus
650 4635 828 4711 praesidium
843 4635 993 4707 creditum,
1018 4643 1150 4694 cometae
1165 4637 1257 4693 nostri
1273 4633 1453 4707 altitudines,
1478 4631 1567 4692 simul

210 4734 238 4784 et
261 4726 383 4785 termam
406 4723 516 4782 itineris
540 4720 686 4799 indagare.
