3284 5520
504 348 682 449 spicilegium
699 364 735 406 ox
754 348 1072 408 deaaarsualtlasi.
1402 350 1468 422 273

107 527 223 589 lfsrtiis
246 527 456 603 demonstrari,
480 543 582 588 omues
605 524 654 589 'nel
669 527 832 590 Ptolemaei
856 528 903 589 rel
926 526 1080 605 Oopernici
1104 526 1151 588 vel
1174 529 1264 589 etiam
1281 530 1339 591 mol
1354 533 1468 593 numeri

104 624 231 693 possum
251 615 394 694 applicari
416 616 554 676 omuibus
568 615 662 675 tribus
678 617 897 693 systematlbns,
921 619 951 674 iu
967 622 1109 693 quantum
1124 616 1274 693 generalia
1288 625 1356 677 sunt
1369 627 1468 697 syste-

101 713 200 776 mata,
231 704 336 765 relicta
357 704 443 763 trobis
467 703 603 764 libertate
625 705 655 761 in
680 705 815 764 omnibus
837 705 936 764 formis
961 721 998 763 ex
1019 718 1131 779 aequo,
1162 703 1294 764 mutandi
1321 706 1468 767 orbiculos

99 788 300 868 particulares
321 807 481 867 eorumque
504 793 694 869 quantitates,
719 791 765 852 vel
787 793 876 852 etiam
899 790 1091 852 transferendi
1115 792 1199 852 orbes
1215 791 1253 852 ad
1269 809 1375 854 causes
1390 794 1468 873 pby-

94 883 192 953 sicas,
215 881 398 955 geometriae
419 879 578 956 subjectas.

212 966 244 1026 6.
274 965 341 1043 Quo
364 968 482 1027 nomine
505 968 532 1025 si
547 965 701 1027 Galilaeae
720 973 851 1043 systema
865 964 1016 1041 'l'ychonis
1030 968 1207 1041 pronunciat
1221 965 1333 1025 nullum
1348 967 1398 1027 fol.
1416 970 1467 1041 ss,

88 1051 157 1111 hoo
183 1053 328 1114 estnihil
350 1054 380 1112 in
405 1071 454 1128 eo,
478 1053 557 1130 quod
580 1070 639 1112 non
662 1056 700 1112 sit
723 1053 771 1113 vel
793 1052 944 1132 'l'ycbonis
967 1047 1163 1134 (Ptolemaei)
1190 1054 1236 1114 vel
1261 1053 1416 1131 Oopemici
1437 1057 1469 1113 in

87 1139 230 1199 effectu:
253 1140 329 1203 nihil
348 1141 445 1202 habeo
469 1141 548 1218 quod
571 1157 728 1218 opponam.
767 1140 842 1201 Nam
866 1142 920 1200 etsi
944 1138 1119 1201 credendum
1140 1149 1185 1200 est
1198 1144 1317 1202 omniuo
1332 1142 1467 1221 'l‘ycboni

84 1224 275 1300 alfirmanti,
296 1247 330 1291 se
351 1228 532 1307 hypotheses
554 1227 622 1289 illas
645 1244 715 1287 suas
739 1230 887 1287 invenisse
905 1244 963 1286 uon
981 1245 1017 1287 ex
1033 1231 1140 1288 iutuitu
1155 1227 1391 1304 Copornicarom,
1415 1229 1468 1291 sed

81 1316 225 1392 proprio
242 1314 355 1377 lfsrtse
378 1315 452 1375 nihil
474 1325 572 1376 mmeu
594 1316 651 1376 boc
673 1315 805 1392 impedit,
829 1332 888 1392 quo
910 1317 1006 1374 minus
1028 1318 1104 1375 inter
1118 1332 1151 1376 se
1167 1319 1352 1376 consentiant
1368 1327 1468 1378 utrae·

83 1418 160 1478 que
185 1405 216 1461 iu
241 1402 356 1463 effectu.
401 1402 447 1463 Sit
469 1404 605 1481 exemplo
627 1404 714 1462 nobis
736 1404 917 1479 Oopernicus
940 1405 1013 1478 ipse.
1059 1401 1133 1477 Quis
1155 1405 1293 1484 negabit,
1316 1406 1470 1465 inventum

83 1506 172 1549 esse
195 1498 329 1568 systema
351 1489 434 1565 illud,
457 1492 595 1551 mobilem
618 1493 692 1551 iuter
714 1491 850 1567 planetes
872 1490 993 1549 Terram
1015 1491 1133 1564 faciens,
1157 1508 1176 1549 a
1198 1490 1370 1567 Cupernieo,
1396 1510 1469 1553 eon-

85 1585 212 1653 ceptus
237 1577 428 1638 Aristarcbici
450 1580 568 1657 penitus
589 1577 715 1655 ignaro?
737 1577 837 1639 Nihilo
859 1587 956 1637 tamen
979 1580 1076 1637 miuus
1099 1576 1201 1638 eadem
1217 1578 1255 1637 ad
1271 1596 1399 1656 unguem
1414 1581 1470 1639 fult

82 1665 264 1740 utriusque
285 1668 461 1743 suppositio,
485 1675 518 1726 ut
539 1684 576 1727 ex
591 1666 776 1739 Archimede,
799 1665 958 1725 Plutarcho
981 1667 1105 1742 ipsoque
1122 1665 1289 1740 Aristotele,
1312 1671 1363 1742 qui
1387 1667 1469 1728 illam

77 1751 232 1822 refutet,
255 1753 372 1829 probari
395 1762 502 1830 potest.
549 1751 633 1828 Quae
655 1753 773 1831 quidem
797 1752 921 1812 duorum
945 1760 990 1812 tot
1011 1753 1119 1813 seculis
1141 1754 1180 1813 ab
1203 1756 1330 1814 invicem
1355 1753 1469 1814 distan-

72 1841 181 1897 tium
205 1841 236 1897 in
258 1857 348 1899 unum
371 1843 548 1919 conspiratio
571 1858 790 1917 consensusque
813 1857 872 1899 nou
893 1858 928 1901 en
944 1843 1105 1917 composito
1122 1850 1293 1917 procuratus
1310 1845 1468 1901 maximum

67 1930 137 1983 iu
159 1943 194 1986 se
216 1930 416 2002 persuasionis
439 1938 643 2004 argumentum
666 1928 877 2005 complectitur.
923 1926 973 1987 Sic
1001 1930 1090 2004 igitur
1117 1927 1229 1987 nullum
1252 1936 1297 1989 est
1319 1929 1468 2008 Tychonls

61 2022 252 2089 systema,
274 2017 361 2075 sicuti
384 2015 497 2075 nullum
519 2025 564 2076 est
579 2016 750 2093 Cuperuici:
775 2018 833 2075 imo
856 2017 952 2074 miuus
974 2015 1063 2076 babet
1081 2016 1270 2092 Copemicus,
1294 2034 1354 2093 quo
1378 2016 1414 2077 de
1437 2027 1471 2076 ut

53 2103 228 2177 proprio
250 2101 400 2201 gloyietur,
423 2120 511 2178 quarn
528 2103 641 2181 Tycho,
664 2121 730 2163 cum
752 2103 792 2177 id,
817 2103 896 2179 quod
919 2101 969 2162 ille
990 2102 1088 2177 tradit,
1111 2111 1206 2162 totum
1228 2107 1267 2163 sit
1290 2107 1377 2164 unius
1400 2105 1470 2163 Ari-

48 2187 235 2261 atarchi,
257 2188 307 2250 hic
329 2192 476 2268 propriam
499 2200 597 2252 tamen
621 2191 729 2252 habeat
752 2193 994 2269 compositionem
1017 2208 1054 2251 ex
1076 2189 1250 2251 Ptolemaici
1273 2199 1303 2251 et
1325 2191 1471 2268 copemi·

55 2278 175 2333 emi
198 2275 382 2337 diversorum
404 2280 542 2338 memhris
564 2277 698 2356 siugulis.

217 2366 246 2422 i.
284 2363 399 2426 lbidem
421 2374 511 2442 negat
534 2365 697 2441 Galilaeus,
721 2364 933 2426 Ptolemaicam
955 2364 1132 2442 hypothesin
1155 2366 1274 2426 refutari
1298 2368 1429 2443 potuisse
1452 2383 1470 2425 a
1506 2426 1508 2430 r

59 2442 272 2527 tryeuoas,
296 2451 457 2530 Copemieo
481 2452 529 2513 rel
550 2453 633 2529 aliis;
657 2472 676 2514 a
696 2469 728 2512 se
751 2454 908 2513 refutatam
931 2469 995 2513 esse
1019 2470 1073 2513 usu
1097 2452 1251 2530 telescopii
1275 2456 1304 2511 in
1328 2455 1471 2513 observa·

62 2539 191 2601 tione
221 2541 395 2599 variationis
426 2540 572 2601 diacorum
594 2540 699 2600 Martis
728 2549 757 2600 ef
780 2539 917 2613 Veneris,
949 2557 1072 2615 quarum
1095 2543 1152 2599 ista
1175 2540 1387 2618 quadraginta,
1419 2540 1471 2600 illa

63 2627 267 2703 sexaginta
290 2627 405 2687 vicibus
427 2628 522 2704 major
542 2628 595 2688 fiat
618 2631 648 2687 iu
671 2629 810 2706 perigaeo
833 2646 921 2705 quam
945 2630 974 2686 in
992 2643 1142 2706 apogseo:
1167 2629 1222 2688 hac
1238 2632 1315 2688 euim
1331 2648 1362 2688 re
1377 2630 1470 2705 argui,

71 2718 210 2772 tamtus
233 2712 350 2774 illoram
373 2714 515 2775 curricula
538 2717 615 2777 cirea
636 2715 734 2776 Solem
758 2714 895 2775 ordinari.

215 2798 299 2859 Nihil
313 2801 490 2878 estquidam
506 2803 558 2863 illa
573 2811 634 2878 tua,
654 2801 798 2876 Galilaea,
824 2802 1031 2862 observatione
1046 2804 1212 2878 pretiosius,
1236 2802 1307 2861 nihil
1323 2802 1362 2863 ad
1377 2809 1471 2861 totam

80 2890 323 2949 *astronomiam
337 2889 546 2950 adstruendam
561 2891 778 2967 praestabilius.
815 2890 848 2950 Si
864 2898 961 2949 tamen
976 2889 1065 2950 liceat
1080 2888 1160 2962 mihi,
1184 2899 1212 2950 ts
1227 2892 1365 2967 propitio,
1391 2889 1470 2967 quod

85 2976 210 3035 tentio
232 2974 347 3037 dicere:
372 2977 480 3037 sideris
502 2978 573 3037 mibi
596 2977 807 3051 admonendus,
831 2977 953 3054 colligas
976 2978 1180 3053 cogitationes,
1205 2980 1234 3036 in
1258 2978 1309 3038 illa
1332 2980 1471 3037 vastitate

86 3070 208 3122 terum
238 3062 428 3140 plurimarum
451 3067 526 3125 inter
547 3083 580 3127 se
603 3082 799 3126 connexarum
822 3084 841 3125 a
864 3064 953 3124 ductu
977 3067 1098 3124 rationis
1121 3072 1150 3124 et
1173 3070 1289 3142 agmine
1312 3066 1472 3125 memorias

77 3149 201 3225 loculo
224 3148 343 3228 lougius
365 3153 545 3213 aberrantes.
591 3153 695 3230 Neque
723 3155 801 3214 enim
822 3152 931 3213 refutat
955 3162 1006 3211 tua
1029 3153 1103 3211 haee
1126 3153 1293 3213 observatio
1316 3160 1471 3229 praestan·

84 3239 225 3297 tissima
240 3236 455 3300 Ptolemaieum
477 3248 617 3318 systema,
641 3258 738 3316 neque
760 3239 894 3314 adstruit,
918 3239 1015 3299 sidera
1038 3239 1111 3298 haec
1133 3243 1210 3299 circa
1232 3241 1332 3302 Solem
1354 3240 1471 3300 flectere

84 3339 198 3402 gyros
228 3341 311 3386 suos.
354 3327 477 3388 Refutat
508 3328 624 3404 quidem
653 3345 719 3387 cum
749 3327 824 3388 haee
847 3336 898 3387 tua
920 3328 1105 3401 observatio,
1137 3337 1199 3386 tum
1222 3337 1353 3406 systema
1375 3331 1471 3404 ipsum

89 3406 341 3490 Ptolemaicam,
370 3416 477 3475 refutat
500 3417 619 3491 iuquam
642 3415 815 3476 traditiones
837 3413 1084 3474 Ptolemaicorum
1106 3413 1142 3473 de
1165 3418 1329 3475 variatione
1351 3417 1472 3475 minima

96 3497 339 3576 diametrorum,
360 3502 463 3562 rudem
486 3505 582 3563 visum
604 3513 778 3580 sequentes,
803 3520 862 3579 quo
886 3505 915 3560 in
938 3519 1026 3579 opere
1049 3504 1176 3577 vestigia
1198 3511 1360 3579 posuerunt
1383 3502 1472 3563 etiam

101 3581 288 3648 Mmtltnm
310 3591 339 3647 in
365 3589 502 3668 Epitoma
525 3599 555 3651 et
577 3594 606 3649 ni
628 3590 714 3651 fallor
736 3592 1003 3665 liegiomontanus,
1027 3589 1179 3650 confirmat
1202 3608 1271 3651 vero
1294 3589 1397 3650 eadem
1420 3598 1474 3649 tua

106 3671 260 3736 &aarum
292 3676 461 3737 observatio
485 3681 702 3754 proportionem
726 3677 763 3737 ad
786 3679 980 3738 eccentricum
1004 3689 1065 3736 tam
1089 3678 1213 3754 epinycli
1235 3680 1265 3736 iu
1289 3677 1474 3757 Ptolemaeo,

113 3776 203 3836 quam
227 3762 307 3823 orbis
330 3762 409 3824 Solis
432 3767 462 3822 in
485 3764 635 3843 Tycboue,
659 3765 706 3825 rel
730 3766 808 3825 orbis
831 3767 929 3840 magni
953 3767 983 3821 in
1006 3763 1185 3844 Cupernic03
1214 3766 1366 3827 coufirmat
1389 3764 1475 3824 deni·

114 3863 172 3922 que
193 3852 347 3911 circuitum
370 3854 449 3913 circa
469 3851 586 3926 Solem,
619 3870 802 3913 communem
833 3862 862 3912 et
884 3851 1019 3929 'l'yohoni
1042 3862 1072 3913 et
1094 3852 1272 3930 Oopernico‚
1305 3854 1474 3914 observatio

119 3949 175 3994 nou
197 3938 256 3997 ista
279 3941 453 4015 quantitatis
476 3939 692 4013 diametrorum,
716 3939 769 4000 sed
792 3940 898 4012 altera,
930 3957 1018 4015 quam
1048 3939 1122 3999 alias
1152 3949 1185 4000 tu
1207 3942 1294 4000 nohis
1318 3940 1475 4000 liberaliter

126 4020 310 4100 impartivisti,
332 4026 469 4104 pbasium
483 4026 615 4102 Veneris,
640 4028 820 4088 aemularum
837 4027 948 4086 Lunae.
987 4027 1024 4085 Et
1040 4026 1163 4087 Veneris
1186 4029 1305 4105 quidem
1328 4043 1475 4105 appareu-

129 4103 187 4169 iltu
208 4119 346 4173 attenuat
368 4115 398 4173 in
420 4113 607 4176 latitudinem
628 4115 729 4192 phasis
751 4117 823 4189 ista,
855 4114 959 4174 Martis
988 4131 1057 4174 vero
1087 4114 1242 4190 diameter,
1274 4134 1340 4177 cum
1364 4115 1427 4174 Soli
1450 4114 1475 4171 is

134 4201 288 4275 ⁰littorritur,
319 4207 382 4263 tots
403 4209 463 4277 est,
494 4204 729 4280 necquicquam
752 4202 876 4262 subsidii
899 4207 1033 4279 paratum
1057 4205 1085 4260 in
1108 4203 1194 4280 pbasi
1217 4204 1320 4277 habet,
1344 4216 1476 4262 curnon

137 4274 166 4335 60
182 4287 297 4347 risibus
318 4289 414 4366 maior
434 4288 522 4350 nudis
546 4290 639 4351 oeulis
662 4299 819 4367 appareat,
843 4307 932 4365 qnam
955 4291 984 4347 in
1008 4289 1224 4366 conjunctione.
1270 4292 1375 4367 Itaque
1400 4291 1477 4349 eirca

137 4357 260 4461 fenerem
291 4367 412 4452 qnidam
442 4376 497 4438 ilia
517 4377 764 4438 Ptolemaicorum
794 4376 913 4437 traditio
945 4380 1164 4439 excusationem
1189 4381 1301 4439 invenit
1323 4396 1359 4438 ex
1382 4377 1477 4454 phasi,

139 4459 196 4513 “lit
213 4458 340 4525 Martem
362 4480 421 4525 aon
443 4466 565 4525 invenit.
604 4466 645 4525 At
668 4468 805 4541 utrinque
827 4481 935 4543 magua
958 4467 1030 4524 satis
1053 4474 1097 4524 est
1113 4469 1273 4541 excusatio,
1296 4465 1376 4544 quod
1392 4481 1479 4524 usum

138 4534 269 4621 ftleacopit
289 4552 470 4621 ignorarunt.

219 4630 304 4692 Haec
327 4650 382 4711 ego
406 4639 552 4700 mouenda
575 4640 654 4714 duxi,
678 4657 736 4698 non
760 4641 846 4715 quasi
869 4647 902 4699 tu
925 4639 973 4699 vel
996 4642 1131 4713 nescires,
1156 4642 1206 4715 qui
1221 4656 1276 4699 nos
1291 4657 1327 4700 ea
1342 4639 1477 4713 docuisti,

140 4710 175 4771 iil
192 4716 360 4797 recolligere
382 4728 413 4782 te
435 4729 498 4788 siue
520 4745 587 4787 mea
610 4745 700 4807 opera
722 4743 782 4786 nou
804 4743 926 4804 posses,
954 4727 1006 4787 sed
1038 4736 1070 4787 ut
1091 4728 1184 4788 lector
1206 4731 1248 4786 tui
1272 4727 1339 4787 libri
1361 4728 1409 4788 rel
1431 4743 1478 4786 me

141 4805 260 4869 usuum
289 4814 406 4885 utatur,
435 4810 475 4871 ad
503 4814 695 4892 capiendum,
727 4813 798 4892 quid
827 4821 891 4876 tute
912 4815 968 4876 tibi
989 4815 1057 4876 loco
1079 4816 1209 4893 allegato
1232 4816 1323 4889 velis,
1354 4816 1400 4876 vel
1425 4834 1478 4875 ex-

197 4923 389 4981 ustarum
413 4928 468 4974 em
1230 4922 1270 4981 18
