3284 5520
506 346 662 406 admonitio
681 349 716 406 ad
734 349 920 407 mucrones.
958 349 1035 407 1631.
1381 352 1445 420 «595

199 528 255 578 Hae
272 527 376 592 llapleri
394 526 606 593 ,Admonitione‘
626 532 764 578 commotus
781 528 891 578 Petrus
911 527 1104 577 Gaeseudus
1122 526 1160 593 (in
1178 529 1308 578 academia
1320 529 1445 580 Partsien-

113 644 115 651 .
133 610 188 655 tum
205 609 324 669 temporis
342 608 480 657 matheseos
494 608 629 674 professor)
647 606 749 655 Parisiis
762 607 846 656 Solem
864 607 952 655 diebus
964 622 981 655 a
994 604 1101 670 liaplero
1119 609 1276 670 praestitutis
1295 623 1347 672 qua
1363 611 1448 674 potuit

113 682 228 747 lllgentia
245 688 387 737 observavit
404 703 484 754 eaque
503 704 566 754 quea
584 688 761 738 animadvertit
772 686 881 750 publicis
894 685 973 735 literis
987 684 1119 749 evulgavit,
1137 686 1271 750 iuscripta:
1291 685 1448 741 Mercurius

113 760 207 817 silete
223 764 299 820 aare
317 771 343 821 et
364 763 456 821 Venus
472 765 564 820 {aare
580 764 701 819 Periclis
718 778 792 816 anuo
812 762 886 818 1631.
922 762 975 816 Pro
999 769 1062 816 roto
1080 771 1108 817 et
1126 761 1308 820 admonitione
1326 764 1446 835 Mepleri.

113 840 238 910 {pistolue
249 843 328 901 duee.
359 849 476 898 Mercurii
495 849 693 900 observationem
712 847 782 894 misit
794 846 944 895 Schiclardo
963 847 1024 895 haec
1041 847 1147 895 addens:
1167 842 1210 896 En
1228 845 1264 896 mi
1283 844 1448 900 Schiokardc

113 923 222 980 ellicum
241 923 410 993 eundemque
429 922 572 979 coelestem
590 920 765 976 Mercurium.
801 918 918 989 Optume
941 920 1018 975 illum
1036 921 1085 975 tibi
1103 920 1222 990 mihique
1240 940 1294 980 nou
1314 923 1448 993 inconspi-

113 1032 176 1075 uum
195 1012 263 1071 lieri.
299 1010 355 1077 Tu,
382 1005 446 1076 quid
470 1003 520 1059 tibi
537 1000 691 1069 contigerit,
716 998 879 1070 significabit
898 1015 947 1069 pro
965 1000 1035 1068 otio;
1062 999 1122 1069 ipse
1141 1000 1249 1056 differre
1266 1003 1376 1074 longum
1394 1020 1448 1061 non

113 1095 188 1161 atui,
214 1091 277 1160 quin
304 1095 333 1142 te
360 1085 503 1141 certiorem
526 1081 645 1138 iacerem
669 1094 744 1133 meae
768 1077 963 1147 qualiscunque
986 1078 1137 1135 fortunae.
1165 1122 1170 1134 .
1195 1124 1201 1136 .
1225 1122 1232 1137 .
1268 1084 1340 1139 Ecce
1358 1086 1448 1156 igitur,

113 1172 206 1229 nando
229 1166 362 1225 calamum
380 1164 457 1232 quasi
476 1163 624 1217 caduceum
641 1173 707 1229 prae
723 1174 805 1212 manu
824 1156 923 1218 habeo,
951 1155 1073 1212 exscribo
1097 1158 1147 1214 tibi
1170 1160 1203 1222 ὡς
1224 1163 1358 1231 ignavam
1381 1179 1450 1233 quae

113 1248 250 1320 uparrime
266 1242 421 1311 attexebam
440 1241 506 1295 meis
519 1236 756 1302 commentariolis.
786 1237 829 1291 Ea
842 1236 881 1292 sic
893 1236 994 1291 habent
1005 1277 1012 1292 .
1023 1277 1031 1293 .
1043 1277 1050 1292 .
1063 1277 1068 1288 .
1086 1238 1126 1304 (ex
1140 1241 1283 1305 epistolari.
1297 1250 1322 1298 4,
1335 1248 1374 1299 ld.
1386 1249 1448 1302 Nor.

113 1334 186 1399 131).
217 1329 410 1380 Observationes
428 1322 516 1371 diebus
535 1324 560 1373 6.
576 1323 601 1374 1.
618 1327 643 1369 et
661 1322 685 1371 8.
700 1321 760 1380 Dec.
779 1319 877 1367 habitas
894 1319 964 1367 misit
982 1318 1133 1368 Schlokardo
1152 1324 1293 1385 „postridie
1311 1327 1371 1375 idus
1389 1328 1450 1381 Dec.

113 1406 194 1462 bblst‘
228 1405 356 1457 Libellum
379 1417 437 1453 vero
456 1402 524 1465 typis
543 1413 661 1449 excusum
680 1397 820 1464 „postridie
839 1395 893 1450 Cal,
912 1397 973 1450 dan.
995 1397 1079 1450 1632“
1097 1400 1136 1448 his
1153 1403 1256 1450 nunciat
1273 1405 1365 1471 literis,
1391 1409 1450 1471 qui·

113 1502 144 1538 us
166 1487 233 1536 inest
257 1500 353 1536 summa
371 1480 564 1533 observationis:
589 1475 690 1545 Scripsi
710 1474 743 1529 ad
762 1480 801 1543 te,
827 1474 864 1528 mi
883 1473 1047 1529 Sohiclrarde
1065 1473 1137 1529 circa
1154 1477 1241 1533 Eidus
1254 1498 1314 1534 cum
1332 1484 1450 1538 Novem-

113 1570 171 1625 reis
195 1574 253 1622 tum
276 1560 451 1620 Decembreis
474 1556 627 1626 superiores
652 1556 685 1610 de
709 1555 766 1608 riso
789 1568 806 1607 a
829 1568 871 1607 me
894 1553 922 1607 iu
945 1553 997 1608 hac
1021 1552 1129 1609 civitate
1153 1556 1204 1611 sub
1228 1558 1291 1614 Sole
1315 1562 1451 1621 Mercurio

113 1661 186 1719 eque
208 1645 295 1701 inrisa
311 1644 425 1699 Venere.
461 1638 542 1694 Nunc
564 1632 673 1704 quando
697 1648 793 1687 novam
815 1634 985 1689 occasionem
1009 1633 1140 1689 Diodotus
1163 1643 1256 1692 noster
1280 1648 1377 1697 nactus
1400 1651 1466 1711 est,

113 1732 193 1781 ttexo
220 1725 329 1779 brevem
354 1715 528 1780 schedulam,
554 1720 584 1767 nt
608 1713 632 1766 si
652 1711 722 1765 sorte
744 1709 840 1765 literae
862 1725 938 1764 meae
961 1710 1076 1766 militum
1099 1713 1256 1783 insolentia,
1282 1736 1336 1787 qua
1359 1731 1451 1777 omues‘

113 1818 184 1873 rope
201 1801 260 1855 riae
278 1796 450 1863 obsidentur,
472 1795 638 1860 interceptae
655 1788 770 1852 scenae,
794 1788 900 1844 ediscas
919 1789 1013 1857 paucis
1032 1805 1066 1844 ex
1083 1791 1220 1863 feliciore,
1240 1808 1371 1866 quantum
1389 1816 1451 1854 cou-

113 1886 193 1951 tetur,
212 1877 348 1950 epistolio,
368 1875 442 1944 quod
460 1872 487 1926 iu
505 1871 559 1925 illis
578 1867 688 1924 uberius
707 1873 735 1922 et
752 1867 776 1920 si
795 1866 884 1921 dicere
902 1866 983 1922 liceat
1000 1869 1080 1939 paulo
1100 1873 1223 1930 lloridins
1236 1879 1365 1933 enarravi.
1397 1879 1451 1933 No·

113 1958 179 2029 eris,
196 1956 362 2014 Mercurium
381 1957 555 2021 conspectum
574 1948 639 2002 mihi
657 1946 708 2002 snb
727 1944 791 2001 Sole
810 1946 894 2001 inisse
914 1947 939 2001 d.
958 1947 985 2001 7.
1002 1949 1072 2003 h'ov.
1090 1967 1181 2019 mane,
1208 1952 1278 2009 inter
1295 1956 1386 2013 hiatus
1405 1975 1452 2012 nu·

114 2038 183 2099 ium,
217 2035 337 2092 Primum
361 2032 470 2102 quidem
494 2028 544 2084 snb
568 2027 596 2086 h.
615 2027 639 2082 9.
665 2032 712 2081 aut
736 2024 860 2079 nonnihil
879 2032 954 2090 aute,
980 2043 1041 2081 curu
1055 2029 1113 2096 jam
1133 2031 1239 2086 bessem
1257 2037 1452 2105 propemodum

113 2119 167 2176 iaci
190 2117 286 2172 solaris
310 2110 503 2184 percurrisset,
531 2115 697 2177 postremum
721 2104 831 2173 inipso
857 2104 916 2172 ejus
944 2105 1019 2160 exitu
1038 2122 1053 2161 e
1072 2108 1147 2166 disco
1166 2111 1193 2166 h.
1216 2115 1257 2169 10.
1274 2115 1318 2171 28¹
1336 2117 1387 2170 sub
1406 2114 1452 2168 lat.

114 2214 158 2255 or.
176 2196 203 2252 θ’
220 2195 274 2251 20”
290 2191 423 2263 proxime.
459 2189 499 2243 dc
518 2194 594 2243 tanta
612 2201 718 2254 semper
736 2185 787 2239 snb
807 2183 936 2252 exilitate,
956 2192 986 2238 ut
1004 2185 1076 2242 illius
1095 2188 1225 2245 diameter
1243 2192 1287 2246 vix
1306 2193 1454 2249 excesserit

113 2277 150 2333 0¹¹
168 2290 217 2330 scu
240 2274 284 2341 V„
303 2268 426 2326 diametri
445 2265 549 2323 solaris.
580 2263 694 2318 Noreris
708 2261 797 2331 etiam,
816 2262 949 2317 Venerem
967 2279 1022 2318 non
1041 2268 1202 2335 apparuisse
1219 2271 1297 2326 nobis
1317 2273 1368 2327 sub
1382 2272 1453 2340 Sole,

113 2370 190 2425 eque
210 2353 235 2409 d.
254 2354 279 2409 6.
292 2351 360 2406 Dec.
380 2356 445 2415 tota,
465 2345 562 2402 saltem
581 2342 616 2398 ad
634 2343 729 2396 horam
748 2358 771 2397 c.
790 2341 927 2397 dimidiam
945 2351 1009 2399 aute
1025 2345 1094 2401 Solis
1108 2347 1271 2420 occubitum,
1290 2367 1350 2406 cum
1369 2350 1453 2406 nubes

113 2432 191 2497 alem
209 2430 380 2500 eripuerunt,
400 2442 489 2494 neque
508 2424 534 2481 d.
548 2424 572 2478 V.
590 2429 648 2477 tota
667 2422 762 2477 saltem
782 2421 816 2477 ab
835 2422 902 2477 hora
921 2423 1053 2479 matutina
1071 2442 1095 2480 e.
1113 2427 1346 2495 sesquioctavam
1363 2446 1454 2500 pome-

112 2511 233 2569 idianam
250 2508 364 2573 tertiam,
383 2520 472 2575 neque
491 2504 517 2558 d.
536 2502 562 2558 8.
581 2502 677 2557 saltem
696 2501 745 2556 suh
764 2501 912 2557 meridiem.
948 2503 1131 2559 Veruntamen
1150 2508 1264 2564 Veneris
1285 2510 1345 2564 loco
1364 2509 1454 2564 obser·

113 2598 193 2649 nram
210 2605 227 2643 a
245 2603 287 2642 me
305 2585 390 2645 trisse
408 2591 466 2639 toto
486 2584 538 2638 hoo
557 2582 646 2637 triduo
665 2580 796 2636 maculam
815 2582 964 2650 gemellam,
985 2583 1064 2652 cujus
1088 2585 1137 2640 tibi
1158 2586 1220 2643 tuse
1238 2589 1370 2659 descripsi
1386 2587 1455 2658 figu-

113 2686 167 2736 ιω,
186 2664 405 2736 magnitudinem,
424 2665 514 2732 situm,
533 2678 707 2733 progressum
724 2662 752 2715 in
771 2661 845 2717 diseo
861 2661 941 2716 Solis.

205 2759 291 2813 Porro
310 2755 333 2810 si
350 2755 422 2810 torte
440 2753 536 2808 literae
555 2751 697 2820 perierint,
718 2767 781 2806 ecce
800 2752 889 2817 amici,
916 2752 1012 2820 quibus
1030 2770 1074 2810 res
1093 2753 1208 2825 placuit,
1238 2757 1393 2827 providere,
1421 2770 1455 2810 ne

113 2838 238 2911 ,medam
256 2835 352 2892 saltem
370 2834 478 2889 illarum
497 2831 661 2901 exemplaria
679 2833 807 2902 perirent.
844 2833 910 2888 illas
927 2833 1053 2891 videlicet
1071 2837 1221 2906 exscriptas
1241 2840 1398 2894 commisere
1415 2847 1456 2910 ty·

113 2916 254 2991 sompho,
273 2915 319 2985 qui
338 2915 360 2969 si
378 2913 519 2983 promissis
539 2913 595 2991 suia
614 2912 743 2976 ausisset,
762 2929 870 2982 possem
885 2914 942 2981 jam
955 2913 1012 2968 vice
1025 2914 1171 2970 schedulae
1184 2917 1291 2972 mittere
1304 2918 1456 2986 exemplum

113 3011 245 3055 mosum
281 2993 334 3049 Sed
353 3001 385 3049 ut
403 3008 502 3063 operae
520 2991 583 3046 illae
601 3008 703 3047 moram
722 2991 846 3061 trahunt,
865 3008 908 3046 res
927 2992 991 3047 licet
1009 2994 1100 3065 exigui
1117 2997 1245 3051 momenti
1264 2996 1383 3051 nondum
1402 3013 1456 3051 om·

113 3078 168 3135 rino
186 3073 310 3145 perlecta
328 3082 378 3130 est.
415 3075 539 3130 Excusat
557 3087 617 3127 sese
635 3073 830 3141 typographus,
850 3073 923 3142 quod
941 3074 1008 3129 sotis
1027 3074 1087 3130 iore
1106 3074 1301 3141 existimasset,
1320 3075 1342 3130 si
1361 3075 1457 3128 literae

113 3154 309 3213 »obiicerentur
326 3153 457 3224 proximis
476 3151 545 3207 veris
564 3151 700 3219 nundinia,
725 3160 754 3207 at
773 3153 900 3220 quoniam
918 3152 977 3220 ipse
997 3168 1105 3221 quoque
1123 3170 1180 3208 rem
1197 3153 1386 3209 maturandam
1405 3153 1456 3220 sige

113 3234 223 3300 Moeri,
241 3231 360 3293 admovit
376 3233 435 3299 jam
453 3232 528 3300 operi
545 3247 662 3287 manum.
700 3232 796 3301 ltaque
815 3232 838 3284 si
855 3231 926 3286 forte
945 3234 1051 3287 occasio
1069 3233 1141 3287 intra
1159 3248 1261 3301 paucos
1285 3234 1342 3288 dies
1360 3233 1457 3288 iterum

113 3311 233 3380 arrideat,
252 3313 415 3380 impressum
433 3309 586 3378 exemplum
605 3308 715 3364 curabo.
752 3308 820 3365 Vale
838 3310 943 3365 interea
960 3318 988 3365 et
1005 3325 1048 3364 me
1066 3326 1134 3365 ama.

212 3403 354 3453 Praemisso
372 3416 495 3451 summam
514 3402 625 3450 referunt
643 3416 734 3458 eorum,
754 3416 819 3467 quae
839 3403 931 3451 habent
949 3402 1069 3467 epistolae
1087 3403 1154 3466 typis
1172 3416 1277 3450 excusae
1295 3404 1384 3462 majori
1402 3416 1458 3450 rer·

113 3497 196 3533 rorum
215 3481 289 3546 copia
308 3480 441 3543 descripte.
477 3479 515 3526 Ex
535 3479 573 3526 his
597 3479 657 3528 haec
683 3483 810 3545 prioribus
834 3481 949 3530 addenda
972 3482 1118 3532 censuimus
1156 3477 1285 3532 Mercurii
1310 3476 1459 3532 exilitatem

113 3572 198 3615 acere
216 3574 272 3613 non
292 3574 413 3626 possum.
449 3559 515 3627 Quis
541 3561 593 3616 sibi
616 3561 811 3630 persuasisset,
837 3562 960 3631 potuisse
976 3560 1141 3616 Mercurium
1165 3562 1193 3615 in
1212 3560 1303 3616 Terris
1327 3559 1461 3630 appellari

113 3654 281 3704 camactos
299 3635 468 3707 eundemque
492 3654 573 3707 posse
595 3639 651 3706 jam
670 3639 698 3691 in
716 3639 800 3694 coelis
817 3642 1005 3709 rprcslagaotov
1027 3641 1178 3708 apparere?
1213 3640 1274 3709 Ego
1297 3646 1370 3699 certe
1395 3640 1461 3695 lieet

113 3716 162 3777 um
182 3731 285 3786 noram,
303 3717 450 3786 plurimum
467 3716 664 3772 detrahendum
683 3733 744 3773 ease
762 3734 796 3773 ex
815 3727 963 3788 apparente
981 3717 1052 3772 mole
1071 3718 1211 3773 stellarum
1231 3720 1266 3773 ob
1284 3728 1460 3776 excurrentes

113 3794 199 3851 radios
218 3795 333 3865 (quippe
350 3803 378 3851 et
394 3797 453 3867 ipse
472 3798 539 3852 alias
558 3796 648 3865 legisti
666 3799 694 3851 in
707 3797 868 3864 quibusdam
880 3797 947 3850 meis
959 3797 995 3851 ad
1007 3797 1154 3867 lieplerum
1172 3797 1266 3865 literis,
1285 3814 1339 3867 qua
1356 3801 1460 3854 ratione

113 3872 357 3945 deprehendissem,
379 3876 537 3932 diametrum
555 3876 631 3931 Jovis
649 3877 752 3932 minuto
771 3876 900 3943 majorem
917 3878 1072 3946 nouerca),
1091 3877 1175 3932 nihilo
1194 3878 1281 3933 minus
1299 3880 1352 3933 hoe
1371 3879 1460 3933 animo

113 3950 175 4007 nihi
192 3967 247 4006 non
265 3952 331 4007 satis
350 3953 505 4026 defixeram,
524 3956 582 4012 lore
601 3966 630 4013 nt
647 3958 800 4012 Illercurius
817 3955 905 4012 lactus
924 3957 1068 4028 perigaeus
1080 3958 1131 4012 sub
1145 3959 1267 4014 exilitate
1284 3965 1360 4012 tanta
1378 3973 1460 4028 appa·

113 4037 192 4087 reret
204 4070 210 4084 .
224 4073 231 4086 .
247 4073 273 4086 ..
310 4032 386 4089 Unus
403 4035 539 4104 lieplerue
559 4036 698 4107 suppetias
716 4037 805 4104 venit,
833 4037 895 4091 dum
919 4045 1021 4105 quanto
1045 4039 1131 4107 magis
1157 4037 1283 4106 planetae
1301 4037 1461 4093 decrescunt

113 4116 189 4167 lauto
206 4124 254 4166 cos
272 4110 379 4179 lougius
398 4130 415 4169 a
433 4113 518 4169 Terra
535 4116 654 4170 abducit.
689 4116 809 4169 lmmaue
826 4121 924 4180 tamen
944 4131 1025 4184 quam
1043 4116 1128 4170 altum
1142 4116 1200 4185 jam
1219 4114 1372 4172 efferendus
1390 4117 1461 4171 Mer·

113 4187 201 4245 curius
222 4188 272 4261 sit,
290 4207 353 4246 cum
370 4209 405 4248 ne
423 4202 574 4250 assumtum
593 4195 701 4264 quidem
719 4210 807 4263 nuper
825 4195 956 4264 spatium,
974 4195 1062 4264 majus
1081 4193 1251 4263 duodecuplo
1271 4210 1350 4263 quam
1368 4195 1461 4251 Ptole·

113 4282 205 4325 naeus
222 4271 408 4328 constituisset
425 4272 497 4328 Solis
516 4289 533 4329 a
550 4274 634 4329 Terra
656 4275 839 4343 intervallum,
864 4274 988 4330 instituto
1012 4273 1137 4329 sufficiat.
1174 4274 1248 4341 Quos
1272 4274 1462 4342 proportiones

113 4346 284 4406 harmonicas
302 4353 385 4407 semel
403 4352 534 4423 probatae
552 4368 607 4408 uon
626 4354 665 4410 sic
684 4353 819 4422 afficient,
845 4353 863 4407 ii
881 4352 934 4406 nisi
951 4353 1035 4407 velint
1061 4351 1230 4421 planetarum
1247 4351 1389 4407 intervalla
1407 4368 1462 4406 am·

113 4426 241 4497 pllflcare,
258 4430 304 4485 Dii
323 4433 387 4487 honi
404 4449 486 4502 quam
504 4448 617 4489 neeesse
635 4440 678 4489 est
693 4431 905 4500 magnitudinem
924 4431 1030 4486 illorum
1049 4432 1209 4487 imminuant
1211 4472 1301 4487 .....
1339 4430 1463 4501 speravit

113 4506 408 4579 Keplerus‚tVenerem
426 4511 610 4580 apparituram
629 4510 760 4567 Mametm
779 4513 813 4579 7¹,
837 4512 863 4564 h.
883 4526 907 4567 e.
926 4511 1004 4581 quasi
1022 4519 1127 4582 partem
1146 4511 1199 4580 4¹),
1217 4509 1339 4565 diameni
1357 4509 1462 4579 solaris,

113 4606 146 4647 ax
164 4606 220 4660 quo
237 4600 406 4660 sequeretur,
425 4592 558 4648 Venerem
576 4591 663 4646 risum
680 4592 713 4645 iri
731 4591 811 4646 nobis
830 4592 880 4646 sub
899 4590 962 4646 Sole
975 4599 1154 4660 occupantem
1171 4591 1254 4647 totius
1273 4589 1339 4644 disci
1357 4597 1462 4657 partem

113 4668 244 4726 decim
262 4670 421 4741 septimam3
446 4677 476 4725 at
493 4687 543 4740 ego
562 4684 673 4740 sperare
690 4670 735 4723 rix
753 4669 841 4724 audeo
859 4668 1019 4724 diametrum
1037 4669 1187 4725 Veneream
1206 4671 1239 4723 1⁴.
1275 4668 1346 4724 Hinc
1364 4668 1463 4736 Keple·

113 4762 159 4804 rus
177 4746 357 4820 optimo‘jure
375 4755 455 4805 canat
472 4750 529 4818 jam
548 4748 713 4819 palinodiam
731 4748 765 4802 de
783 4749 841 4803 riso
859 4748 927 4803 alias
946 4762 994 4802 seu
1013 4763 1029 4801 a
1046 4763 1077 4804 se
1095 4765 1143 4803 seu
1156 4748 1190 4804 ab
1203 4747 1263 4803 aliis
1276 4746 1304 4802 in
1317 4745 1380 4802 Sole
1391 4746 1463 4802 Mer·

113 4828 197 4887 cario.
232 4829 275 4889 aa
295 4830 405 4900 cognite
421 4829 557 4900 Keplerus
578 4836 637 4887 tarn
658 4845 709 4900 pro
724 4827 861 4886 Mercurio
887 4827 1021 4886 mecum
1044 4827 1186 4885 annabhus
1219 4829 1319 4884 uostris
1342 4832 1464 4897 ereptam

1183 4928 1256 4991 ὅδ’
