3284 5520
433 366 476 424 De
494 367 668 439 septuaginta
684 364 900 449 hebdomadibus
918 368 947 424 in
966 367 1087 424 Daniele.
1370 360 1436 431 811

79 548 233 626 competit,
265 548 320 607 nisi
349 550 388 606 sit
411 544 544 606 Christum
572 542 706 606 dominns
738 553 846 607 noster.
890 544 1067 625 Respondeo
1090 547 1191 621 igitur,
1223 546 1319 606 Deum
1342 545 1437 622 ipsum

79 634 373 713 subintelligendum,
397 637 453 694 nisi
477 632 601 695 velimus
624 638 653 692 iu
677 634 806 693 absurda
829 637 983 707 incurrere,
1007 632 1085 711 quod
1109 635 1151 692 sic
1173 635 1275 710 probo.
1320 633 1437 692 Certum

79 733 135 796 est,
168 723 244 782 hanc
278 741 341 783 esse
372 721 585 781 hebdomadem
609 721 741 780 ultimam
767 721 801 780 de
824 721 883 779 illis
909 729 963 796 70,
996 722 1138 783 hactenus
1161 724 1236 780 enim
1259 728 1371 779 tantum
1396 724 1435 780 69

77 810 243 870 habuimus.
282 810 320 868 Et
344 809 422 886 quod
447 810 505 867 illis
528 808 617 867 finitis
641 826 728 886 supra
745 808 851 868 Daniel
870 810 951 881 dixit,
976 807 1166 868 occidendum
1181 816 1308 880 unctum,
1332 806 1361 864 ld
1379 822 1437 865 rron

78 908 122 956 eet
152 898 188 957 de
217 900 340 957 termino
366 902 404 956 70
428 895 660 970 hebdomadum,
691 895 742 955 sed
767 896 802 954 de
826 906 918 955 tractu
942 904 1010 972 post
1033 898 1184 955 terminum
1208 892 1437 969 intelligendum.

79 982 221 1062 Loquitur
245 987 321 1043 enim
336 984 444 1043 Daniel
469 983 614 1056 debello,
639 984 716 1060 quod
742 1001 799 1041 non
823 1000 882 1043 uno
906 991 1052 1042 momento
1076 982 1176 1042 confici
1202 991 1306 1060 potest,
1331 993 1360 1040 et
1375 985 1437 1058 ipse

78 1090 138 1131 non
162 1073 283 1132 obscure
308 1070 492 1130 durationem
515 1071 644 1147 aliquam
668 1072 776 1143 innuit,
810 1088 873 1129 curn
898 1072 940 1129 ait
965 1089 1077 1148 ,usque
1101 1069 1138 1128 ad
1161 1070 1246 1129 finem
1271 1067 1358 1128 belli“
1385 1069 1438 1128 de·

80 1160 207 1219 solatum
230 1161 264 1217 iri
288 1161 403 1230 urbem,
428 1176 468 1219 so.
492 1175 550 1216 non
574 1161 681 1217 statim.
727 1154 851 1217 Tractus
875 1169 972 1217 autem
994 1156 1044 1217 ille
1067 1157 1181 1234 longior
1204 1172 1268 1217 esse
1291 1174 1349 1213 non
1369 1165 1438 1233 pot·

79 1255 125 1306 est
148 1249 318 1324 septennio,
353 1249 477 1322 primurn
508 1248 577 1321 quia
600 1246 725 1323 amplius
750 1262 807 1303 nou
831 1255 921 1304 restat
944 1245 980 1303 ad
1004 1242 1204 1322 complendam
1228 1261 1371 1303 summam
1397 1248 1435 1302 lo

77 1337 324 1410 septimanarum,
358 1332 462 1392 deinde
494 1335 564 1410 quia
594 1332 639 1391 his
671 1331 779 1391 ultimis
810 1334 906 1392 verbis
936 1332 1041 1392 diserte
1071 1333 1228 1391 includitur
1257 1331 1305 1390 ille
1329 1338 1437 1389 tractus

79 1424 128 1480 uui
151 1423 339 1497 septimanae.
382 1416 523 1495 Utrinque
547 1421 622 1478 enim
654 1419 758 1478 Daniel
790 1421 920 1478 meminit
952 1418 1142 1478 desolationis
1173 1417 1435 1496 Jeroaolymarum.

182 1507 236 1565 His
261 1511 301 1566 ita
325 1511 500 1581 constitutis,
525 1510 694 1582 cogitemus,
718 1505 909 1566 abolitionem
929 1506 1134 1565 sacrificiorum
1150 1516 1179 1565 et
1195 1508 1273 1565 urbis
1290 1508 1436 1565 interitum

78 1613 135 1653 non
160 1594 277 1671 lougius
292 1595 483 1672 quadriennio
500 1594 537 1652 ab
554 1597 678 1653 inuicem
694 1593 823 1671 disjungi
843 1593 1004 1671 etquidem
1021 1602 1174 1671 utrumque
1192 1594 1288 1652 reierri
1307 1597 1335 1650 in
1356 1591 1436 1651 illum

79 1685 175 1757 ipsum
198 1687 399 1759 septimanam,
424 1684 452 1739 in
475 1699 534 1758 qua
557 1681 663 1758 uliquis
687 1690 804 1759 pactum
827 1682 1049 1741 confirmaturus
1072 1683 1127 1757 sit3
1151 1680 1237 1758 plane
1258 1683 1334 1739 sicut
1348 1699 1438 1758 supe-

79 1774 155 1828 riore
178 1769 297 1847 periodo
321 1773 453 1829 interitus
476 1771 554 1827 uncti
578 1777 607 1828 et
630 1769 709 1827 urbis
733 1768 908 1828 immediatis
933 1768 1027 1828 verbis
1043 1769 1188 1843 cohaeret,
1213 1769 1291 1843 quod
1308 1769 1377 1845 quia
1394 1767 1438 1826 bls

81 1855 122 1927 iit,
147 1866 228 1915 tauto
254 1860 349 1915 minus
372 1857 492 1914 dubium
516 1865 569 1916 est.
605 1854 674 1915 Jam
697 1859 721 1914 si
746 1859 811 1933 quis
833 1856 906 1915 hacc
929 1873 987 1915 uno
1010 1854 1150 1915 fasciculo
1167 1854 1320 1931 colligata:
1346 1873 1438 1931 ,con-

82 1943 210 2003 firmabit
233 1953 349 2020 pactum
373 1944 472 2002 multis
498 1943 685 2002 hebdomada
704 1961 772 2017 una,
795 1947 824 2001 in
841 1943 960 2002 dimidio
977 1942 1108 2003 abolebit
1122 1944 1265 2002 sacrificia
1280 1950 1309 2001 et
1323 1944 1439 2001 abomi-

80 2035 214 2090 nationes
239 2034 266 2089 in
291 2031 416 2107 templo,
449 2033 476 2088 iu
499 2030 556 2089 fine
580 2022 684 2108 peribit
707 2050 772 2091 cum
796 2031 904 2107 templo
929 2042 957 2090 et
980 2031 1081 2104 urbe“,
1111 2030 1198 2104 haec,
1232 2032 1364 2105 inquam,
1398 2032 1439 2088 lta

83 2120 239 2195 conjuncta
261 2121 285 2176 si
310 2122 375 2195 quis
400 2118 470 2177 velit
493 2118 530 2176 ad
555 2118 719 2190 Christum,
744 2118 791 2175 vel
815 2118 985 2193 simpliciter
1007 2116 1044 2177 ad
1068 2117 1189 2176 eandem
1213 2133 1367 2194 personam
1391 2132 1438 2177 rc-

77 2206 169 2278 ierre,
193 2205 317 2278 viderit,
342 2205 488 2281 quomodo
514 2194 663 2263 oraculum
687 2206 841 2264 ercrrtlbus
864 2204 999 2282 applicet
1045 2203 1119 2263 Mihi
1143 2204 1289 2263 diversum
1314 2203 1438 2276 videtur,

79 2310 184 2370 nempe
207 2291 387 2368 subintelligi
411 2288 500 2351 alium
523 2291 688 2368 quendam,
713 2310 800 2368 quarn
824 2310 883 2363 eos,
908 2291 943 2351 de
967 2291 1074 2367 quibus
1098 2291 1238 2350 hactenus
1261 2308 1355 2350 sermo
1374 2292 1437 2350 iuli.

83 2379 155 2454 Quis
179 2390 277 2439 autern
302 2380 372 2439 ille?
397 2378 470 2454 Quis
485 2382 560 2438 enim
584 2387 701 2454 pactum
724 2380 881 2449 roboraret,
905 2379 961 2437 nisi
984 2378 1042 2452 ille,
1066 2381 1115 2454 qul
1140 2379 1226 2437 iniit?
1251 2377 1323 2453 Quis
1339 2387 1437 2438 autem

29 2482 35 2493 ’
79 2470 134 2525 nisi
159 2467 240 2525 Deus
263 2484 329 2524 cum
350 2466 411 2524 filio
433 2483 487 2524 suo
510 2475 611 2524 saneto
635 2475 801 2525 sanctorum
825 2466 909 2524 iniit?
937 2464 1014 2540 Ergo
1038 2474 1193 2543 postquam
1217 2466 1291 2524 dixit
1306 2464 1436 2540 Gabriel,

80 2563 238 2614 extremum
262 2556 380 2612 exitium
405 2555 553 2612 imminere
577 2552 700 2628 templo,
725 2553 801 2624 urbi,
825 2551 984 2625 sacrificiis,
1008 2571 1090 2612 sacro
1115 2553 1205 2611 ordini
1231 2563 1260 2612 ot
1284 2555 1437 2613 universae

80 2644 170 2718 genti,
194 2641 293 2717 procul
319 2640 408 2699 dubio
424 2641 579 2703 Danielem
603 2641 675 2699 haec
699 2643 838 2717 cogitatio
858 2642 963 2699 subiit:
988 2639 1082 2717 quid?
1106 2659 1212 2714 erpone
1229 2641 1309 2700 Deus
1324 2641 1437 2714 foedus,

82 2747 146 2788 cum
171 2730 308 2788 Abrahae
331 2732 455 2804 posteris
480 2731 507 2785 iu
531 2738 703 2806 perpetuum
726 2730 838 2801 irritum,
863 2727 1022 2803 aliquando
1043 2728 1209 2787 rescindat?
1234 2731 1273 2788 At
1291 2726 1437 2804 quomodo

80 2817 166 2875 salva
188 2833 242 2873 sua
265 2814 345 2874 fidei
375 2813 507 2874 Occurrit
529 2816 651 2891 angelus
674 2815 742 2874 huie
764 2816 991 2891 perturbationi:
1018 2815 1249 2891 „oonfirnrabit“,
1274 2815 1355 2875 Deus
1379 2818 1438 2875 sel·

79 2903 157 2975 licet,
184 2905 341 2979 „pactum“
359 2910 426 2981 etc,
449 2903 505 2961 hoo
521 2911 573 2973 est,
598 2903 648 2960 ubi
667 2903 729 2977 jam
753 2900 862 2960 bellum
886 2901 1003 2963 exitiale
1025 2904 1195 2976 imminebit,
1219 2905 1359 2961 memoria
1374 2903 1438 2963 ioe-

82 2989 156 3050 derie
180 2992 225 3048 ani
251 2989 359 3048 multos
382 2992 446 3049 sive
468 3007 520 3065 per
542 2989 778 3063 admonitionem,
803 2991 865 3049 sive
890 2989 955 3049 aliie
978 2989 1073 3050 modis
1096 3000 1207 3049 mature
1222 2991 1373 3050 subtrahet
1388 2999 1440 3050 aur

83 3095 147 3137 cum
173 3077 270 3137 multis
296 3084 364 3153 aget
387 3094 421 3135 ex
444 3077 509 3153 lege
533 3076 658 3137 foederis
681 3085 710 3137 et
730 3076 890 3136 secundum
906 3095 989 3137 suam
1004 3077 1240 3138 misericordiam.
1278 3077 1318 3136 Hi
1334 3094 1438 3155 nempe

80 3175 148 3223 sunt
180 3165 219 3222 illi
254 3164 357 3237 „electi
389 3181 424 3223 ex
453 3173 539 3238 geute
561 3163 689 3223 Judaioa
718 3164 872 3240 reproba“‚
905 3160 941 3224 de
970 3165 1076 3242 quibus
1099 3164 1178 3224 allud
1203 3168 1290 3224 etiam
1314 3165 1438 3225 affirmat

80 3252 214 3310 Christus
230 3250 346 3329 (Matth.
363 3256 415 3311 24.
431 3251 522 3312 Marc.
543 3249 613 3326 13.l,
635 3250 712 3327 quod
729 3259 847 3327 propter
863 3253 943 3326 ipsos
959 3252 1040 3311 Deus
1057 3253 1118 3312 dies
1137 3252 1297 3312 obsidionis
1313 3252 1437 3312 Jeroao-

80 3339 226 3417 lymurnm
253 3347 416 3397 curtaturue
439 3341 493 3397 sit:
517 3338 595 3413 quod
612 3341 666 3396 nisi
683 3345 769 3409 esset,
795 3356 883 3396 unum
900 3356 956 3397 nou
974 3356 1128 3399 evasurum
1144 3341 1232 3399 luisse
1249 3358 1284 3399 ex
1300 3341 1436 3399 obsessis.

185 3426 226 3484 Et
248 3429 280 3484 in
304 3425 438 3485 dimidio.
484 3424 568 3484 Haeo
598 3434 667 3484 eunt
704 3426 883 3501 interpretati
914 3429 1025 3502 priores
1058 3428 1285 3501 ,confirmabit“
1317 3436 1436 3504 pactum

80 3531 164 3572 suum
196 3516 224 3570 in
254 3512 357 3571 ultima
385 3513 578 3572 hebdomada.
625 3512 803 3588 Quomodo?
833 3512 925 3589 Signa
948 3515 1048 3590 alique
1071 3516 1146 3574 eirca
1170 3514 1321 3573 dimidium
1344 3517 1437 3592 sepil-

79 3617 184 3659 manae
209 3601 289 3659 urbis
313 3601 457 3659 excidium
481 3599 664 3676 praecedent.

185 3688 319 3764 Deficiet.
367 3688 479 3746 Ceteri:
504 3705 617 3745 cessare
632 3689 728 3759 faciet,
754 3688 916 3761 abrogabit,
941 3687 1108 3748 intercidere
1123 3689 1219 3763 faciet,
1243 3697 1273 3748 et
1289 3687 1434 3749 Graecus:

80 3770 259 3850 donimane,
284 3775 410 3835 tolletur.
455 3772 574 3833 Scilicet
596 3772 633 3832 ad
657 3772 780 3833 eundem
804 3772 899 3833 Deum
923 3776 1092 3836 referuntur.
1138 3776 1220 3836 Deus
1243 3776 1299 3836 hoc
1321 3779 1437 3852 signum

81 3860 162 3920 dabit
185 3863 295 3927 electis,
320 3861 399 3937 quod
422 3879 537 3921 cessare
560 3861 646 3920 faciet
669 3862 819 3920 sacrificia.
859 3862 906 3918 lta
921 3862 1066 3923 Lutherus
1091 3879 1206 3940 quoque
1224 3864 1370 3938 intelligit,
1395 3880 1435 3923 sc.

80 3949 157 4024 quod
182 3947 304 4008 abolitio
328 3946 478 4009 Mosaicao
499 3948 587 4024 legis,
612 3948 689 4007 iacta
718 3950 747 4006 in
778 3947 901 4007 concilio
926 3949 1139 4026 apostolorum,
1164 3960 1298 4010 manente
1323 3951 1435 4010 nihilo·

78 4039 173 4094 miuus
198 4053 285 4096 caeca
308 4034 490 4096 Judaeorum
514 4037 728 4111 superstitione,
751 4034 789 4094 sit
812 4037 926 4110 siguum
949 4039 1125 4098 imminentis
1148 4040 1258 4100 ruinae.

185 4125 226 4183 Et
248 4127 304 4182 erit
326 4124 485 4199 intemplo
501 4123 689 4182 abominatio
704 4122 903 4183 deeoimioraie.
942 4123 1108 4200 Pagninus:
1135 4132 1183 4198 ,et
1199 4132 1316 4200 propter
1331 4133 1435 4185 enten-

79 4209 189 4269 slonem
214 4210 466 4269 abominationum
490 4209 664 4283 desolatio“,
694 4210 773 4285 quod
797 4208 938 4269 Calvinus
963 4213 1092 4271 imitatus
1115 4220 1167 4270 est.
1216 4211 1359 4272 liutherus
1382 4229 1435 4288 pro
1493 4204 1501 4220 ⁰

81 4315 152 4356 voce
174 4298 275 4374 templi
301 4297 399 4373 „apud
423 4297 518 4370 alas“,
550 4296 746 4356 Bucholnerus
771 4315 878 4372 ,super
900 4298 994 4371 alas“,
1024 4298 1168 4358 Funccius
1193 4315 1299 4375 ,super
1323 4298 1436 4358 Cheru-

79 4384 169 4456 bim“,
200 4384 356 4445 Helvetiae
390 4401 495 4461 ,super
522 4385 650 4456 locum“,
680 4386 754 4443 sicut
777 4383 907 4443 Graecus
936 4383 982 4446 im
1012 4410 1045 4448 ro
1076 4384 1167 4462 lepor,
1200 4386 1278 4461 quod
1302 4384 1435 4446 Christus

79 4469 185 4531 Matth.
211 4478 261 4532 at.
292 4481 434 4549 sequutus
463 4479 517 4534 est.
563 4471 757 4549 Intelligimus
780 4481 895 4545 autem,
927 4481 1029 4532 notare
1052 4473 1187 4550 angelum
1210 4474 1313 4533 intima
1335 4470 1437 4550 templi

79 4554 178 4636 adyta,
202 4574 260 4635 quo
284 4559 355 4618 nulli
378 4568 493 4636 praeter
514 4576 658 4618 summum
683 4559 871 4631 sacerdotem,
896 4577 949 4620 neo
969 4561 1087 4635 saepius
1104 4563 1131 4618 in
1148 4574 1224 4620 anno
1240 4577 1328 4637 qnam
1344 4558 1435 4621 semel

80 4664 133 4705 nec
156 4649 218 4706 sine
242 4651 382 4721 sanguine
407 4650 512 4706 intrare
536 4657 587 4705 aut
610 4649 799 4722 introspicere
822 4645 865 4704 ias
889 4654 958 4706 orat.
1004 4647 1094 4707 Erant
1117 4656 1214 4709 autem
1238 4650 1266 4705 iu
1291 4664 1326 4707 eo
1348 4664 1436 4725 super

80 4734 312 4810 propitiatorium
335 4736 423 4810 positi
448 4732 506 4794 duo
529 4733 626 4809 angeli
650 4736 712 4793 siue
729 4734 886 4793 Cherubim
902 4737 992 4806 aurei,
1015 4737 1066 4810 qul
1082 4736 1120 4794 ab
1135 4736 1313 4812 expansione
1327 4752 1433 4796 nomen

80 4820 205 4898 habent,
235 4837 271 4884 eo
300 4822 379 4900 quod
408 4820 463 4882 alis
491 4823 627 4898 expansis
657 4821 725 4881 iacti
758 4824 864 4883 esseut.
912 4821 964 4881 Est
993 4824 1081 4883 etiam
1109 4825 1138 4882 in
1161 4820 1288 4884 hebraeo
1310 4821 1433 4900 pluralis
