3284 5520
654 344 875 409 0000000000
892 354 1013 424 Kaplari·
1270 378 1274 385 ’
1435 356 1499 427 777

146 530 274 604 Baccho,
298 529 409 610 Lybies
432 528 585 604 domitore,
608 530 743 593 fabulosa
765 541 812 592 est
830 532 957 596 traditio.
997 533 1069 609 Quis
1086 537 1163 594 enim
1180 537 1346 614 Aegyptam
1363 546 1499 599 ettotam

149 618 276 679 Africam
299 626 419 691 teneret,
442 620 513 678 viro
535 619 633 679 adhuc
656 627 686 680 et
708 629 812 695 vegeta
828 620 949 695 chamo,
973 626 1057 682 annis
1081 625 1130 681 rix
1158 631 1217 683 100
1240 635 1308 702 post
1331 625 1499 685 diluvium?

250 737 290 799 Sl
301 739 482 799 aidanus:
500 739 540 798 10
552 739 709 800 Mantalco
724 741 879 799 narrandi
888 741 984 818 deficit
995 751 1212 819 arpumcntum
1224 755 1278 807 etc.
1305 747 1389 808 Anno
1403 755 1497 811 2326.

148 827 242 886 Annis
266 833 317 887 30.
356 827 418 887 Sub
441 826 497 886 hoc
520 825 621 887 Moses
643 829 726 888 vixit.

248 912 357 990 Deficit
386 931 426 974 sc.
457 915 486 970 in
509 921 592 973 tanta
614 916 789 991 antiquitate
811 915 884 974 nihil
907 919 1004 991 potuit
1026 916 1220 978 verisimiliter
1243 920 1366 998 confingi
1391 943 1408 981 a
1431 922 1498 982 licto

148 1001 270 1061 Bcroso.
308 1000 382 1076 Quis
405 1001 480 1060 euim
504 1000 612 1076 credat,
635 1007 660 1061 si
684 1019 770 1062 rarus
787 1012 865 1062 esset
879 1005 933 1062 istc
950 1004 1086 1078 Berosus,
1110 1008 1228 1065 nomina
1244 1025 1342 1082 rogum
1359 1020 1387 1070 ct
1401 1013 1500 1086 perio-

121 1103 126 1111 ’
149 1088 201 1147 000
224 1090 411 1165 imperiorum
435 1097 535 1147 exacte
559 1099 765 1150 annotaturum
788 1090 888 1165 luisse,
911 1109 956 1149 ros
979 1101 1087 1167 gestas,
1111 1110 1187 1169 quae
1211 1098 1304 1170 magis
1329 1098 1447 1158 haerent
1470 1101 1499 1156 io

145 1177 293 1247 memoria,
318 1175 513 1235 omissurum?

249 1261 398 1339 Sphaerus
420 1279 496 1321 auno
514 1267 608 1334 2356,
632 1265 716 1321 aunis
734 1269 784 1323 20.
814 1262 876 1324 Sub
891 1264 947 1322 hoc
964 1267 1023 1322 nati
1041 1264 1140 1325 Moses
1156 1275 1186 1326 et
1202 1268 1299 1328 Aaron
1317 1272 1346 1326 in
1363 1269 1498 1345 Aegypto

145 1350 200 1409 sub
225 1348 380 1410 durissima
403 1358 432 1410 et
455 1352 573 1408 immani
595 1353 745 1410 servitute.

250 1436 397 1496 Mamelus
425 1453 501 1496 annu
526 1443 624 1508 2376,
655 1441 738 1497 annis
763 1444 814 1496 30.
860 1438 921 1496 Sub
951 1438 1006 1496 hoc
1036 1439 1135 1498 Moses
1166 1442 1194 1496 iu
1219 1441 1287 1500 aula
1312 1442 1500 1518 Aegyptiam
1593 1442 1595 1446 ”

146 1525 220 1581 vixit
243 1533 273 1583 et
295 1524 438 1597 adolevit,
468 1541 520 1583 seu
544 1540 642 1583 veram
665 1542 718 1585 seu
740 1524 837 1584 fictam
860 1525 1012 1584 historiam
1036 1526 1071 1585 de
1095 1544 1130 1586 co
1154 1528 1280 1587 relerurrt
1306 1529 1447 1587 Eusebius
1469 1537 1499 1587 et

146 1609 296 1687 Josephus
318 1612 369 1671 lib.
389 1618 416 1673 2.
439 1629 502 1687 cap.
522 1613 550 1672 0.

248 1697 389 1775 Sparetus
420 1715 497 1757 anno
522 1704 622 1771 2406,
654 1699 738 1758 annis
763 1705 815 1759 40.
860 1698 921 1757 Sub
951 1698 1008 1759 hoc
1037 1700 1112 1776 iugit
1140 1700 1238 1761 Moses
1270 1705 1297 1758 in
1327 1702 1496 1762 Midianem.

145 1783 294 1862 Josephus
324 1786 425 1846 eadem
454 1803 531 1862 0000
559 1784 594 1845 00
617 1785 733 1845 Jacoho
756 1794 838 1844 notat
861 1785 970 1845 Moses.
1016 1787 1054 1846 Et
1078 1787 1231 1859 Chaldaei,
1263 1791 1391 1849 Eusebio
1415 1798 1497 1861 teste,
1581 1837 1585 1843 ,

144 1874 199 1930 000
221 1872 278 1931 000
301 1881 401 1933 contra
425 1873 587 1933 Phoenices
609 1873 798 1948 dimicarunt,
822 1873 900 1949 quod
924 1876 1022 1933 omisit
1045 1875 1196 1936 iahulosus
1219 1877 1366 1952 Berosus3
1387 1893 1445 1935 non
1468 1894 1515 1937 n..

145 1967 208 2019 erat
231 1961 336 2036 Argus,
361 1962 411 2037 qui
435 1978 536 2019 omues
560 1960 696 2019 historias
720 1961 894 2036 perlustrare
918 1969 1029 2037 posset.

250 2048 411 2107 Ascatades
434 2053 622 2117 minuisti,
648 2050 732 2106 annis
750 2055 800 2111 41.
845 2048 906 2106 Sub
927 2048 984 2108 hoc
1005 2052 1115 2125 egressi
1131 2049 1282 2108 Israelitae
1299 2068 1334 2109 ex
1353 2051 1497 2126 Aegypto.

147 2129 291 2203 „Omnem
307 2134 423 2212 Syriam
446 2152 517 2193 0000
542 2134 660 2193 ditionis
682 2135 781 2195 lecit.“
821 2135 980 2195 Dubitator
998 2136 1095 2196 valde.
1134 2137 1218 2196 Certe
1235 2136 1396 2197 Phoenices
1412 2138 1498 2196 flora·

144 2221 215 2279 hant
238 2230 298 2279 tum
324 2231 353 2281 et
375 2223 552 2282 securissimi
573 2233 664 2280 erant.

249 2333 485 2395 Sleidanus:
519 2334 560 2393 Ei
581 2334 726 2394 hactenus
748 2334 871 2410 quidam
893 2337 930 2407 is,
960 2337 1014 2412 qui
1036 2338 1266 2413 circumfertur,
1292 2337 1440 2408 Berosus,
1464 2336 1500 2397 da

144 2438 204 2496 000
227 2421 349 2497 quidem
372 2425 483 2496 arripio
504 2423 640 2499 plerique
655 2440 757 2481 carnes
776 2422 862 2482 00100
877 2422 1020 2481 dubitant
1035 2431 1063 2481 at
1078 2422 1288 2483 adulterinum
1304 2442 1361 2482 esse
1373 2430 1497 2499 putarit.

143 2508 191 2566 Ab
213 2509 283 2567 aliis
305 2509 412 2569 000000
433 2527 515 2585 repas
538 2510 579 2568 20
600 2516 809 2568 numerantur
831 2511 874 2569 ad
896 2510 1224 2587 Sardanapalum
1249 2529 1352 2587 usquc,
1376 2515 1497 2584 000οί-

145 2613 232 2654 mum
255 2605 398 2656 octavum
423 2599 618 2673 Assyriorum
642 2615 751 2672 regem.

250 2683 469 2760 Sardanapalus
491 2686 601 2760 primus
625 2683 788 2744 celebratur
810 2702 828 2742 a
850 2682 949 2742 multis
972 2685 1127 2757 historicis,
1152 2685 1230 2762 0000
1254 2693 1425 2761 argumento
1445 2693 1498 2758 est,

144 2777 213 2829 aute
237 2771 333 2850 ipsum
356 2788 476 2847 regnum
500 2772 557 2830 hoc
580 2772 669 2830 luisse
692 2770 864 2848 pacificum;
888 2771 1060 2848 plerumque
1076 2790 1103 2829 n.
1129 2773 1236 2832 bellum
1253 2773 1439 2832 historiarum
1456 2778 1500 2832 est

143 2859 295 2932 materies,
321 2857 388 2917 dum
413 2876 488 2934 quae
512 2857 1127 2935 0000000000000000000110000000000
1151 2860 1366 2936 magnitudine,
1396 2859 1499 2920 cadem

143 2946 231 3004 etiam
255 2948 380 3022 posteris
404 2946 536 3006 accidere
559 2948 701 3022 cupimus.
739 2945 817 3004 Hinc
840 2945 962 3024 pacifica
984 2948 1166 3024 guhematio,
1191 2965 1256 3008 rum
1271 2951 1310 3007 sit
1325 2947 1498 3023 aequabilis,

142 3034 206 3092 sinc
230 3035 382 3106 varietate,
405 3051 463 3092 non
489 3036 530 3092 ita
553 3032 771 3092 commendatur
794 3033 894 3091 literis.

248 3120 380 3179 Nominis
403 3120 491 3196 hujus
514 3119 658 3179 derivatio
681 3120 754 3180 hacc
777 3129 822 3179 est
843 3118 922 3197 apud
946 3118 1132 3197 Philippum:
1157 3121 1299 3192 Sar-dux,
1324 3119 1497 3196 dan-Judex,

142 3206 389 3282 Niphil-eversor.
427 3208 492 3267 Non
517 3215 561 3266 est
585 3225 654 3267 vero
678 3207 829 3279 dissimile,
854 3224 957 3266 rocem
981 3225 1045 3266 esse
1061 3211 1278 3286 semipersicaru
1295 3218 1324 3268 ct
1339 3211 1498 3285 semigrae-

142 3312 216 3354 cam.
255 3294 367 3353 Sardan
390 3295 432 3352 illi
455 3294 529 3355 lorte
551 3312 657 3354 nomen
680 3295 735 3353 init
757 3294 835 3370 apud
850 3294 964 3367 Persas,
989 3297 1035 3354 cui
1058 3296 1159 3354 addita
1178 3295 1377 3355 denominatio
1391 3312 1497 3373 graeca

138 3376 260 3454 ἁπιιλος,
285 3381 362 3459 0000
387 3381 505 3442 mollem
527 3383 689 3458 siguificat3
713 3381 824 3442 Sardan
840 3392 938 3440 autem
955 3399 1056 3441 vocem
1073 3386 1216 3460 persicam
1231 3385 1356 3459 corrjicio
1374 3402 1409 3442 ex
1425 3401 1497 3442 sono

139 3478 168 3529 et
191 3486 226 3527 ex
243 3486 315 3528 voce
331 3470 421 3526 simili
436 3468 514 3546 apud
530 3469 766 3545 Aristophanem.
805 3469 916 3528 Nomen
934 3478 1069 3545 patruum
1087 3472 1140 3547 ipsi
1155 3470 1211 3529 luit
1227 3469 1499 3530 Tonoscoucoleros

140 3555 188 3615 vel
204 3555 482 3627 Conosconcoleros,
507 3557 584 3633 quod
610 3557 823 3632 Babylonicum
846 3560 909 3616 sire
927 3557 1117 3616 Chaldaicum
1140 3554 1247 3616 similia
1263 3559 1381 3616 nomina
1396 3558 1497 3634 Baby·

138 3643 236 3720 ionica
251 3652 387 3719 arguunt,
412 3645 644 3716 Nahonassaros,
661 3643 926 3721 Nabupolassar0s‚
944 3644 1258 3718 Nabuchodonosoros,
1275 3644 1498 3721 Niriglossoros,

138 3730 447 3804 Laborosoarchadas,
472 3750 549 3807 quae
571 3733 690 3790 nomina
713 3732 769 3791 hac
791 3733 883 3790 lurma
906 3730 985 3806 apud
1009 3730 1139 3793 Graecos
1163 3742 1325 3793 occurrunt.
1372 3733 1448 3808 Ergo
1472 3733 1497 3792 si

141 3828 277 3894 putemus
301 3818 488 3877 dividendum
512 3835 617 3878 nomeu
642 3822 669 3876 in
694 3836 764 3877 suas
787 3819 927 3877 [lexioucs
950 3836 1081 3895 graecas,
1105 3821 1134 3878 in
1158 3827 1243 3880 tonos
1267 3832 1297 3879 ct
1319 3821 1498 3893 concoleros,

142 3915 174 3964 ut
197 3905 273 3965 duae
295 3906 437 3966 flexiones
464 3908 536 3981 ,os“
562 3909 621 3965 sint
644 3906 771 3975 additae,
796 3908 947 3965 restabunt
970 3907 1054 3965 nobis
1071 3905 1171 3967 literae
1188 3907 1329 3967 radicales
1344 3906 1409 3964 Tan
1426 3923 1498 3965 con-

142 3992 230 4064 color,
254 3993 413 4052 Chaldaice
435 3992 509 4053 forte
534 3993 619 4052 Adan
645 3993 725 4052 Chen
749 3993 867 4069 Nergal.
908 3991 973 4052 Vox
997 3995 1091 4069 prima
1114 3998 1254 4073 reperitur
1277 3998 1305 4051 in
1330 3994 1499 4053 nominibus

140 4079 299 4139 Merodach
333 4080 381 4140 bal
416 4081 512 4153 adan,
547 4080 770 4141 Nehucaradan.
817 4081 882 4140 Vox
911 4080 1041 4140 secunda
1073 4080 1153 4141 Chen
1188 4085 1215 4140 in
1248 4082 1306 4140 his:
1338 4080 1499 4141 Merodach

141 4168 214 4227 cheu
238 4166 306 4244 pud.
351 4168 451 4228 Tertia
474 4187 531 4228 vor
554 4167 678 4245 Nergol,
710 4186 786 4244 quac
810 4167 842 4225 fir
864 4170 1090 4245 transpositione
1114 4172 1204 4245 (quac
1228 4170 1329 4228 crebra
1353 4176 1416 4241 est,
1448 4169 1498 4227 ubi

141 4256 267 4314 barbara
289 4257 408 4314 nomina
430 4256 458 4313 in
482 4273 617 4332 graecam
640 4256 770 4333 linguam
795 4255 1034 4331 transponuntur)
1058 4260 1152 4314 estin
1178 4274 1250 4315 roae
1274 4253 1499 4331 Naigal·rczan

139 4345 203 4402 sira
218 4342 438 4418 Niriglussoros.
479 4343 681 4420 Transpositio
703 4344 732 4400 in
754 4343 813 4403 his:
838 4341 1111 4415 livilmadurochus,
1135 4342 1369 4416 Evilurarodaca,
1394 4343 1496 4401 Labo-

141 4428 344 4503 rosardachos,
368 4447 473 4507 nempe
491 4431 584 4504 0000,
607 4448 695 4504 resar,
721 4429 806 4503 doch,
829 4429 862 4489 lit
877 4429 1184 4504 Laborosoarchodoa,
1209 4450 1244 4490 cx
1262 4430 1353 4505 habu,
1378 4429 1499 4490 schezar

139 4517 173 4577 fit
194 4516 392 4577 Labuzarsch.

246 4628 477 4690 Sleidauus:
504 4629 580 4691 Fuit
601 4632 649 4690 hic
671 4633 811 4691 amnium
833 4630 993 4689 hominum
1009 4631 1097 4705 loapc
1111 4630 1395 4706 effeminatissimam,
1419 4633 1500 4690 iratas·

138 4718 336 4777 mulierculas
356 4727 503 4794 perpetua
522 4719 664 4792 siccidam,
687 4720 786 4778 colum
802 4724 830 4774 ct
845 4718 951 4775 lanam
968 4717 1128 4790 tractabat,
1152 4717 1229 4777 adca
1244 4725 1324 4777 totns
1338 4720 1499 4778 immersus

141 4806 355 4882 uoluptatibus,
370 4813 408 4866 ut
420 4811 474 4868 uis
488 4825 629 4885 0000000
643 4810 693 4868 sai
706 4811 897 4880 conspectum
907 4805 1073 4881 praedaret.
1100 4804 1177 4865 Vide
1188 4803 1349 4865 dustinum.
1373 4804 1499 4867 Videtur
