3284 5520
577 316 637 373 Lib.
656 318 677 372 1.
705 320 816 375 Cometa
834 319 899 389 carni
919 319 993 409 1'605.
1424 317 1465 384 55

101 491 171 552 dem
201 500 300 570 partes
330 494 479 557 sinistras:
512 495 689 558 directorum
717 501 805 575 igitur
830 507 915 559 extra
937 497 1016 558 Solis
1047 497 1292 574 hemisphaerium
1322 500 1412 577 plana
1434 522 1466 564 se

101 588 208 641 mutuo
231 591 333 642 secant
356 591 385 642 in
408 584 497 661 plaga
512 603 531 644 a
547 586 717 661 corporibus
740 603 861 659 aversa,
885 588 910 644 si
932 586 997 658 hoc,
1022 603 1090 661 ergo
1113 585 1346 661 retrogradorum
1370 608 1463 666 appa·

101 669 230 729 rentium
261 679 345 731 extra
367 670 447 731 Solis
475 664 722 750 hemisphaerium
753 674 842 751 plana
874 675 1018 735 visionum
1048 691 1079 733 sc
1110 683 1212 733 mutuo
1240 684 1341 736 secant
1363 696 1466 738 versus

100 754 240 832 plagam,
264 759 295 815 in
317 775 379 835 qua
400 757 536 821 ridentur
558 762 624 837 ipsa
648 778 786 838 corpora;
819 762 843 818 si
866 760 936 835 hoe,
967 779 1036 836 ergo
1060 769 1090 818 et
1111 761 1346 838 retrogradorum
1369 782 1464 840 appa·

100 844 229 901 rentium
254 846 282 902 in
306 845 522 922 hemisphaerio
537 846 616 907 Solis
641 847 730 924 plana
751 850 899 908 visionum
920 866 953 908 se
975 859 1077 908 mutuo
1100 859 1201 906 secant
1220 851 1249 908 in
1263 851 1353 926 plaga
1367 868 1464 927 ,oppo-

100 933 171 989 sita.
218 931 362 1009 Exemplo
385 937 444 994 sint
466 933 522 993 ΚΗ
545 943 574 995 ct
597 934 662 1009 KN,
687 953 764 1011 quae
786 936 882 995 tineae
904 953 962 995 non
987 944 1055 995 sunt
1077 934 1252 1011 parallelae,
1277 937 1330 997 sed
1352 938 1465 997 divari-

99 1024 208 1076 cantur
238 1037 339 1079 uersus
363 1020 434 1095 HN,
464 1023 566 1098 itaque
588 1021 643 1083 ΝΗ
666 1031 742 1085 retro
766 1024 861 1100 vergit
882 1041 902 1083 a
923 1022 998 1098 ΚΝ,
1027 1023 1102 1081 visio
1126 1025 1202 1082 onim
1226 1025 1281 1082 ΝΗ
1304 1027 1397 1102 magis
1420 1034 1464 1085 cst
1523 1024 1529 1029 '

100 1106 133 1163 in
155 1106 372 1183 antecedentia,
396 1125 485 1185 quarn
508 1111 583 1173 risio
606 1107 671 1169 ΚΝ.

650 1274 841 1345 Theorerna
869 1273 920 1344 ΙΝ.

210 1395 245 1454 sa·
268 1414 379 1471 eorpus
399 1400 528 1472 ponitur
549 1401 583 1456 in
605 1401 732 1457 sectione
752 1399 920 1474 planorum
945 1400 1135 1466 uieoriorum,
1160 1401 1290 1473 ponitur
1311 1417 1375 1459 non
1395 1409 1462 1461 tru-

94 1486 193 1554 jr'cere
215 1484 384 1545 secandum
406 1485 645 1561 longitudinem,
668 1488 717 1543 sin
738 1489 777 1544 sit
798 1503 896 1561 supro
918 1487 1092 1556 sectionem,
1125 1486 1261 1555 traiectio
1282 1487 1315 1560 fii
1337 1491 1371 1546 in
1391 1490 1464 1563 pio·

99 1584 175 1643 gom
200 1579 300 1630 motus
327 1572 456 1632 Telluris
477 1577 686 1632 contrariom:
717 1572 824 1648 quodsi
851 1575 890 1631 sit
916 1588 1027 1646 eorpus
1048 1573 1135 1648 inira
1157 1576 1330 1644 sectionem,
1362 1583 1418 1633 aret
1438 1580 1465 1634 si

99 1660 194 1716 sectio
222 1676 286 1718 nen
315 1658 385 1735 liet,
418 1658 471 1718 scd
498 1658 709 1720 divaricentur
740 1661 854 1733 iineoe,
887 1660 1024 1732 trajectio
1051 1660 1188 1734 seqnitur·
1215 1660 1341 1734 plepem
1364 1671 1464 1722 motus

106 1744 247 1804 Telluris.

210 1849 286 1908 Nam
310 1849 401 1924 plana
425 1851 531 1909 visoria
555 1852 618 1908 aire
642 1849 852 1924 divaricentur,
884 1859 914 1909 ut
939 1851 1008 1923 ΚΝ,
1032 1850 1101 1923 ΝΗ,
1125 1852 1188 1909 sive
1212 1855 1328 1924 cedant,
1353 1859 1386 1910 ut
1409 1850 1462 1920 (ld,

101 1939 156 2010 Po,
173 1936 386 1996 uansteruntm
401 1953 466 1996 cnm
482 1935 608 2010 Tellure,
625 1939 696 2012 quta
710 1955 746 1997 ex
762 1937 852 1997 Terra
868 1938 905 2011 K,
919 1940 951 2010 F,
965 1935 1000 2009 0,
1013 1937 1046 2009 Ρ,
1064 1938 1114 1996 ubi
1130 1939 1214 2012 visio,
1233 1947 1347 1997 exeunt.
1372 1939 1463 1998 Terra

104 2043 176 2084 rero
200 2024 308 2098 trajicit
331 2041 367 2083 ex
389 2022 419 2081 K
441 2026 471 2081 in
493 2024 527 2098 Ρ,
551 2042 588 2083 ex
610 2022 637 2084 Ο
659 2025 688 2081 in
712 2024 745 2095 P,
769 2043 820 2100 per
842 2034 1003 2085 assumtum
1025 2028 1050 2082 1.
1089 2025 1193 2100 ltaque
1217 2043 1321 2103 eorpus
1345 2044 1465 2086 versans

104 2113 154 2172 rel
178 2115 209 2168 in
231 2110 319 2170 lineis
341 2109 527 2185 divaricatis,
550 2119 650 2188 utpote
674 2114 702 2168 in
727 2112 795 2183 ΚΝ,
821 2112 889 2186 FH,
921 2110 967 2171 vel
990 2112 1065 2169 inire
1087 2112 1246 2170 sectionem
1271 2112 1424 2188 planorum
1448 2122 1466 2174 d

104 2199 155 2257 vcl
179 2198 219 2271 L,
251 2199 333 2257 verbi
364 2215 454 2256 causa
476 2200 505 2255 in
529 2193 563 2275 ζη
587 2198 633 2257 rel
658 2200 686 2255 in
712 2198 773 2273 ΟΝ,
799 2217 863 2258 curn
887 2201 926 2258 sit
948 2201 1035 2274 priori
1059 2208 1188 2274 ternpore
1212 2202 1240 2256 in
1264 2202 1351 2274 priori
1375 2201 1465 2277 plano

103 2288 216 2346 risorio
239 2280 296 2357 Οζ,
322 2284 372 2359 tQ,
396 2288 549 2362 posteriori
572 2293 701 2361 ternpore
724 2288 752 2343 iu
777 2289 928 2361 posteriori
951 2286 1041 2362 plano
1064 2287 1172 2344 visor-io
1189 2287 1246 2362 Pp,
1270 2287 1333 2344 Fit:
1359 2288 1466 2363 trajicit

105 2374 197 2448 igitur
218 2390 283 2431 cum
306 2371 352 2430 his
374 2372 470 2447 planis
493 2381 522 2432 et
544 2373 586 2431 ste
608 2371 665 2430 NH
687 2375 819 2446 sequitur
840 2374 961 2450 plagam
985 2373 1165 2448 traJectionis
1186 2372 1311 2431 Telluris
1327 2374 1390 2448 ΚΝ,
1414 2394 1466 2450 per

103 2461 161 2520 dei.
187 2463 216 2518 4.
250 2467 280 2520 et
302 2456 336 2535 ζη
358 2462 490 2535 sequitur
512 2457 564 2518 ΟΡ
588 2468 617 2518 ct
640 2457 694 2533 ΟΝ
716 2460 848 2535 sequitur
870 2460 920 2519 rs.
967 2459 1045 2534 Quia
1074 2472 1144 2518 vero
1176 2460 1266 2536 plana
1295 2470 1363 2536 post
1394 2479 1465 2520 con·

104 2565 222 2607 cursum
246 2552 272 2619 d,
297 2546 320 2604 L
342 2546 448 2622 plagas
470 2553 645 2625 permutant,
667 2554 762 2622 patet,
786 2550 810 2605 si
833 2565 939 2623 eorpus
963 2551 1001 2604 sit
1023 2565 1111 2622 supra
1134 2563 1306 2606 concursum
1330 2555 1355 2620 ri,
1381 2557 1413 2606 ut
1435 2553 1464 2608 in

103 2644 145 2709 θ,
174 2634 376 2709 trajectioncrn
408 2630 528 2708 ejusde
558 2634 618 2691 iore
650 2636 678 2690 in
707 2634 825 2709 plagam
854 2635 1018 2710 trajectioni
1048 2636 1175 2693 terrestri
1199 2631 1251 2691 ΟΡ
1281 2638 1463 2697 contrariam.

104 2722 219 2780 Eodem
241 2720 339 2793 modo,
362 2721 386 2779 si
410 2723 449 2779 sit
471 2738 576 2797 eorpus
597 2738 686 2796 supra
710 2739 880 2780 concursum
899 2722 930 2793 L,
954 2724 983 2778 in
999 2722 1027 2790 S,
1045 2721 1079 2789 T,
1105 2721 1238 2795 trajectio
1255 2721 1301 2779 ST
1322 2727 1465 2783 contraria

105 2812 160 2868 erit
190 2808 296 2885 plagae
323 2808 487 2883 trajectioni
511 2807 637 2866 Telluris
661 2809 710 2868 ΙΝ.
756 2808 848 2869 Vides
876 2817 988 2879 autem,
1021 2807 1078 2866 NH
1102 2825 1165 2866 esse
1194 2809 1223 2864 in
1247 2826 1312 2866 carn
1336 2810 1463 2885 plagam,

105 2899 136 2953 iu
159 2913 248 2971 quarn
271 2894 363 2954 Terra
386 2902 519 2955 moretur
541 2912 593 2971 per
616 2904 798 2970 segmentum
821 2896 919 2957 circuli
944 2899 988 2954 sui
1013 2896 1123 2972 majus,
1154 2895 1191 2952 ab
1215 2895 1242 2953 V
1265 2889 1394 2956 sectione
1418 2901 1465 2955 in·

105 2992 240 3061 ceptum,
271 2985 296 3043 si
325 2980 432 3058 plagae
457 2981 632 3042 vocabulum
656 2989 787 3042 sumatur
809 2982 969 3041 secundum
993 2982 1102 3040 definit.
1127 2983 1156 3038 4.
1201 2980 1276 3039 Nam
1299 2985 1322 3041 si
1347 2983 1403 3042 NH
1426 2984 1464 3044 nd

105 3070 204 3129 Solem
228 3069 277 3143 X,
309 3069 422 3129 scilicet
449 3068 487 3128 ad
518 3076 648 3129 centrum
679 3070 778 3129 circuli
802 3069 928 3129 Telluris
957 3078 1188 3146 compararetur,
1220 3080 1298 3128 esset
1321 3075 1465 3131 contrarie

106 3157 212 3233 plagae
236 3164 333 3215 motus
355 3154 498 3229 Telluris,
529 3153 658 3232 intellige
681 3174 733 3232 per
755 3168 937 3234 segmentum
961 3159 1057 3215 nrinns
1080 3158 1235 3214 rescissum
1258 3175 1276 3215 a
1300 3159 1464 3234 traJectoria

106 3253 237 3305 couretae
260 3242 355 3304 VNH.

669 3373 849 3444 Problerna
880 3373 901 3442 Ι.

213 3496 333 3555 Ducere
355 3497 504 3556 circutum
525 3516 580 3572 per
603 3504 769 3571 utrumque
792 3497 891 3556 locum
919 3496 1061 3568 Telluris,
1085 3505 1149 3555 tom
1174 3498 1337 3570 initialem,
1370 3517 1464 3572 ‹puom

104 3585 229 3662 tinnient
258 3586 387 3659 susecpti
417 3586 576 3658 temporis,
609 3591 644 3642 ari
674 3587 698 3641 is
725 3601 783 3658 per
813 3586 971 3643 sectionem
995 3590 1130 3642 transeat
1151 3586 1318 3659 planorum
1344 3588 1465 3645 cisionis

107 3672 235 3730 initialis
257 3679 286 3730 et
305 3671 416 3746 finatis.

212 3774 278 3834 Sint
300 3771 367 3834 loca
383 3773 509 3832 Telluris
525 3774 560 3845 0,
577 3774 610 3846 P,
633 3774 728 3833 lineae
752 3775 898 3833 visionum
922 3776 999 3847 (trid,
1023 3774 1084 3844 l‘o'r,
1109 3783 1137 3833 et
1160 3791 1246 3849 super
1263 3773 1313 3832 ΟΡ
1339 3778 1466 3850 erigatur

108 3862 255 3935 isosceles,
278 3861 363 3937 cujus
384 3861 510 3937 angulus
525 3858 603 3933 OnP,
626 3864 801 3920 constitutus
826 3864 854 3919 in
879 3861 983 3922 codem
1002 3861 1229 3937 hemisphaerio.
1253 3864 1281 3916 in
1299 3879 1357 3936 quo
1373 3866 1464 3921 sectio

109 3960 162 4020 cst,
186 3952 224 4007 sit
246 3948 352 4026 duplus
375 3947 412 4008 ad
435 3947 575 4025 angulum
599 3957 696 4008 motus
719 3958 851 4007 cometae
874 3952 1042 4025 apparentis
1065 3951 1093 4006 in
1118 3948 1328 4021 longitudinem
1354 3952 1381 4005 in
1397 3967 1464 4007 sus·

110 4046 195 4112 cepto
219 4044 358 4112 tempore.
396 4034 471 4094 Nam
495 4035 621 4110 angulus
645 4037 781 4095 sectionis
806 4034 875 4094 OdP
899 4044 943 4093 est
966 4036 1013 4094 hic
1037 4035 1122 4106 idern,
1146 4038 1195 4111 qui
1212 4044 1308 4093 motus
1324 4047 1463 4109 conretae,

109 4142 174 4181 cum
204 4140 257 4199 per
290 4130 452 4182 assumtum
478 4128 504 4180 1.
537 4131 567 4182 et
589 4122 679 4182 Terra
709 4132 739 4181 et
767 4116 842 4182 'istac
873 4126 1032 4194 sectiones,
1064 4125 1172 4198 qnippe
1203 4124 1316 4181 vicinae
1348 4123 1463 4193 Terrae,

108 4210 273 4269 habeantur
294 4227 347 4285 pro
370 4218 468 4269 centro
492 4209 605 4269 zodiaci
630 4218 658 4267 et
678 4209 808 4269 fixarum.
847 4209 884 4268 Et
900 4212 970 4285 quia
986 4228 1070 4268 arcus
1086 4213 1159 4268 inter
1174 4209 1239 4268 loca
1255 4209 1361 4267 'Terrae
1378 4209 1412 4282 Ο,
1431 4211 1463 4280 Ρ,

110 4297 166 4356 hoc
189 4304 234 4356 est
256 4296 381 4373 angulus
405 4296 443 4354 sd
467 4303 595 4356 centrum
620 4321 634 4357 κ
659 4296 763 4374 duplus
787 4297 881 4356 iaetus
905 4307 950 4356 cst
973 4304 1069 4355 rnotns
1092 4307 1239 4367 eonretne,
1264 4297 1319 4354 hoe
1342 4305 1386 4354 cst
1409 4315 1464 4355 an-

111 4383 173 4459 guli
195 4386 334 4443 sectionis
356 4382 436 4457 nst,
472 4401 562 4459 quare
584 4401 635 4460 per
658 4384 712 4456 Ill,
741 4385 790 4442 20.
817 4384 945 4444 liuclidis
968 4384 1095 4461 angulos
1118 4387 1254 4443 sectionis
1278 4394 1322 4442 est
1346 4382 1382 4440 ad
1407 4386 1464 4442 eir-

110 4471 167 4529 cuii
190 4489 225 4530 ex
249 4495 264 4531 κ
289 4470 425 4547 descripti
449 4470 707 4530 circumferentiam
732 4470 900 4531 collocatus.

657 4654 848 4723 Theorenra
875 4656 911 4721 t.

211 4767 297 4829 Doto
325 4776 412 4829 motu
440 4773 605 4845 apparenti
633 4776 763 4830 domnoc
785 4772 820 4827 in
842 4769 1079 4846 longitudinem,
1112 4774 1141 4825 et
1162 4784 1238 4829 orcae
1261 4768 1341 4827 inter
1364 4765 1462 4829 noem
