3284 5520
346 1570 429 1686 iiii
464 1570 984 1688 EPllllMERIDIBUS
1019 1572 1305 1687 KllPLllRl.

723 1856 933 1872 mm

259 2044 384 2124 Saepius
406 2047 435 2105 in
451 2047 577 2124 scriptis,
601 2063 678 2124 quae
694 2045 833 2109 exhibent
846 2048 998 2108 volumina
1012 2047 1101 2127 an‘as
1118 2049 1256 2111 editionis
1270 2051 1378 2128 priora,
1402 2045 1505 2123 Epire·

154 2127 281 2193 uuida
300 2133 424 2212 Kepleri
446 2151 512 2195 cum
535 2134 625 2194 verbo
648 2133 797 2210 (licuntur,
827 2142 889 2196 tum
920 2154 956 2197 ex
986 2144 1069 2215 parts
1093 2145 1296 2216 excerpuntur.
1342 2134 1505 2211 Sequentes

156 2213 281 2288 lilinae
303 2224 451 2299 specimen
475 2220 654 2283 exhibebunt
677 2221 792 2282 illmum
815 2224 910 2301 iisque
930 2222 1004 2285 haec
1025 2225 1240 2301 praemittenda
1263 2225 1439 2286 censuimus.

130 2362 133 2369 .
256 2308 403 2387 Keplerus
426 2308 495 2370 dum
517 2307 623 2369 Martis
644 2308 789 2371 theoriam
812 2310 978 2386 excolebat,
1005 2327 1064 2371 uon
1087 2314 1275 2373 intermittere
1297 2311 1411 2388 potuit,
1434 2308 1504 2384 quin

156 2381 185 2443 til
202 2392 343 2474 reliquos
366 2413 484 2475 quoquc
506 2395 642 2474 planetas
663 2404 818 2474 spectaret,
841 2401 1012 2477 praesertim
1035 2416 1102 2460 cum
1122 2415 1273 2476 nunquam
1289 2396 1416 2470 desierit,
1440 2394 1504 2472 Ty·

156 2469 257 2576 ponis
280 2484 518 2560 observationes,
547 2500 624 2561 quac
647 2485 706 2561 ipsi
728 2502 794 2546 eum
817 2484 965 2547 adfinem
987 2486 1113 2548 traditae
1136 2493 1233 2561 erant,
1265 2492 1299 2547 ut
1320 2502 1371 2545 eas
1392 2480 1504 2563 publici

153 2573 218 2632 illiti
246 2571 370 2647 iaceret,
395 2573 499 2632 iterum
522 2572 684 2647 iterumque
706 2572 889 2649 persolvere.
935 2571 1021 2648 Quas
1042 2575 1073 2633 in
1095 2574 1141 2635 liis
1163 2571 1416 2651 speculationibus
1437 2586 1505 2647 pcr-

155 2643 226 2725 lecit,
253 2654 290 2719 ea
312 2660 443 2720 continet
463 2657 532 2719 Vol.
548 2658 638 2720 Xlll.
659 2657 731 2718 Mes.
748 2659 998 2735 Pulirovieusium,
1022 2661 1107 2738 cujus
1121 2660 1239 2737 singula
1253 2663 1351 2738 capita
1365 2660 1507 2735 inscripta

157 2743 233 2800 sunt:
271 2743 302 2828 1)
324 2745 607 2807 Demonstraticues
632 2754 772 2807 motuum
800 2746 990 2807 Mercurii
1018 2751 1196 2809 rudimenta
1222 2748 1394 2825 omnifaria
1413 2752 1504 2816 (toi1

155 2830 269 2907 ·⁶10).
314 2829 347 2914 T)
368 2833 650 2894 Demonstratioues
678 2842 818 2895 motuum
847 2834 1005 2895 Verteris
1033 2836 1211 2896 succimentia
1240 2833 1426 2910 multiplicia
1447 2835 1505 2904 (iel.

155 2910 317 2994 iii-814).
361 2920 523 2997 „Tabulae
544 2919 653 2981 desunt
673 2938 728 2981 uec
750 2921 855 2998 confici
874 2929 1016 2998 possuut,
1038 2926 1100 2983 uisi
1121 2920 1429 2984 demanaratiouibus
1451 2935 1506 2978 es·
1603 2926 1608 2937 “

207 3001 215 3015 ’
237 3007 269 3066 “.
331 3010 366 3085 3)
381 3009 406 3069 J
411 3002 556 3069 oOialia
577 3025 631 3067 seu
645 3007 862 3070 demonstratio
877 3016 1018 3068 motuum
1033 3009 1122 3071 Jovis
1137 3029 1206 3071 cum
1222 3009 1402 3070 tabularum
1413 3012 1507 3082 parte

148 3085 309 3154 utiemma
333 3099 392 3168 (toi.
412 3101 576 3168 sic-tea).
612 3094 703 3154 Deest
717 3095 818 3156 adbuc
832 3113 962 3156 ecameu
975 3101 1151 3158 accuratius
1163 3099 1371 3176 proportionis
1385 3094 1505 3155 orbium

149 3168 283 3246 “Pars
311 3181 491 3242 tabularum
519 3181 590 3241 iude
618 3181 804 3258 dependeat,
837 3200 876 3244 so.
904 3183 1124 3244 distantiarum
1151 3180 1187 3267 ‘ll
1212 3192 1241 3245 et
1261 3179 1313 3264 Θ.
1358 3181 1444 3241 llaec
1464 3184 1507 3239 sic

147 3263 242 3324 Tine
271 3270 408 3330 eabibita
439 3269 562 3345 Prapae
595 3266 784 3329 Oouailiariis
814 3268 853 3330 li.
878 3267 1035 3331 Matthiae.
1079 3272 1156 3331 Jam
1190 3270 1290 3332 Liucii
1320 3275 1507 3328 occurerunt

145 3350 233 3409 acuo
259 3357 353 3416 1616:
381 3373 510 3417 esameu
537 3359 744 3433 proportionis
771 3357 893 3418 orbium
921 3365 949 3416 ei
971 3360 1198 3419 ecaeutricitatis
1220 3356 1391 3418 absolutum
1413 3371 1505 3430 pare·

144 3438 191 3498 Tit
225 3442 463 3504 cumeorum.
508 3442 542 3521 4)
563 3443 847 3504 Demamtratioues
868 3453 1010 3505 motuum
1034 3443 1211 3518 Saturni,
1235 3462 1304 3504 mem
1327 3442 1506 3503 tabularum

141 3524 240 3613 We
253 3537 309 3591 tile.
331 3539 464 3601 [utsupra]
483 3534 542 3605 (iol.
553 3534 735 3605 tec-1072).
765 3530 867 3592 Liuct't'
881 3541 1069 3593 accesserunt
1079 3537 1153 3593 ἰδίω
1168 3532 1289 3593 Revt‘tt'o
1300 3531 1506 3591 ecceuirieita-

142 3602 264 3700 lfsteu
286 3619 352 3692 ders
373 3618 409 3677 sle
422 3635 503 3679 uoco
518 3621 719 3697 iuvestipatia,
741 3626 778 3678 ut
791 3623 884 3680 aiam
896 3623 1103 3697 proportionis
1117 3621 1238 3682 orbium
1254 3627 1282 3679 ei
1294 3635 1370 3697 pars
1384 3616 1504 3677 autau-

140 3689 277 3765 ll⁰i'tesrr.
328 3704 471 3766 Tabulae.
496 3706 581 3764 1616.

255 3791 341 3854 Haec
370 3792 470 3854 studia
490 3791 637 3869 Ksplerus
666 3809 731 3853 eam
760 3794 886 3852 mamma
910 3792 948 3853 ob
972 3808 1091 3853 ceussm
1113 3800 1297 3873 susceperat,
1329 3798 1363 3852 nt
1385 3790 1506 3851 concin-

143 3868 236 3934 caret
267 3879 387 3940 tabulas
421 3880 537 3940 innixas
569 3879 824 3941 observationibus
855 3879 1020 3959 Tycbonis,
1054 3897 1128 3957 ques
1159 3883 1315 3957 inscriptas
1347 3876 1506 3954 „Tabulae

144 3941 385 4045 Ridotpitmcei‘
409 3969 489 4046 typis
510 3966 663 4027 mandavit
684 3983 761 4027 enno
787 3973 881 4029 1627.
928 3965 1002 4026 Cum
1028 3965 1113 4027 labor
1138 3946 1189 4029 br‘c
1217 3968 1308 4028 variis
1338 3964 1505 4038 decausis,

145 4044 309 4133 lnsscipce
333 4052 536 4116 deficientibus
557 4054 711 4129 sumtibus,
734 4053 772 4114 ab
795 4056 970 4131 imperatore
991 4055 1152 4131 promissis,
1175 4055 1304 4132 segniter
1326 4050 1505 4132 procederet,

146 4115 266 4202 laicum
298 4139 338 4202 ad
361 4140 575 4220 premerides
596 4157 756 4203 conserens
777 4149 891 4218 partem
913 4140 1029 4201 illarum
1051 4148 1119 4203 autc
1141 4141 1275 4202 Tabulas
1300 4137 1410 4217 publici
1428 4137 1505 4215 juris

147 4199 226 4298 ¹⁸⁶²,
252 4245 331 4306 qaae
354 4230 440 4306 quasi
461 4228 683 4308 praeambulum
705 4229 764 4288 sint
786 4227 966 4289 Tabularum
987 4226 1251 4308 Radalpbinarnm.

254 4315 402 4391 Iuliteris,
419 4333 493 4394 quas
501 4315 646 4394 Keplerus
657 4314 856 4392 adllapinum
864 4333 941 4377 anno
955 4315 1129 4379 iblodsdit
1146 4319 1227 4390 (mni.
1245 4323 1296 4375 voi.
1315 4321 1361 4375 111.
1380 4320 1433 4370 teti
1446 4313 1504 4386 m),

143 4369 221 4456 hee
251 4402 291 4466 tle
318 4402 440 4466 edendis
459 4402 702 4483 premeridibus
728 4413 895 4465 occurrunt:
926 4402 1032 4481 cogito
1053 4412 1122 4464 ante
1144 4401 1302 4464 editionem
1324 4399 1506 4461 Tabularum

141 4453 300 4572 Ruilulpbi
328 4492 454 4554 scribere
483 4489 690 4569 premcrides
721 4489 760 4551 ad
787 4506 881 4552 annos
911 4492 966 4565 80,
1001 4491 1085 4551 initio
1117 4491 1195 4552 iacto
1229 4491 1267 4550 ab
1302 4505 1379 4550 anno
1411 4487 1529 4562 1583,

139 4558 268 4647 mittor
298 4577 520 4645 observationes
548 4577 698 4658 Typhonis
728 4585 759 4640 et
783 4595 866 4640 meas
891 4577 1149 4655 meteorologicss,
1179 4595 1255 4654 quas
1281 4576 1398 4636 addam.
1441 4573 1505 4633 Ini-

138 4634 223 4719 tium
248 4665 313 4744 jam
342 4666 372 4725 in
395 4665 491 4728 Maria
513 4673 560 4727 est
580 4666 699 4727 iactum.
744 4665 776 4727 Si
799 4664 902 4727 durare
924 4672 955 4725 et
975 4665 1049 4728 icrre
1071 4663 1200 4726 taedium
1222 4681 1356 4745 possem,
1379 4661 1460 4722 horis
1485 4666 1503 4721 6

137 4731 196 4795 '⁸¹
229 4755 248 4813 'l
282 4754 429 4816 motuni·
464 4754 592 4817 scribere
627 4753 739 4831 possim
775 4753 862 4814 nnius
899 4753 969 4814 enni
998 4750 1194 4839 ephemerida
1225 4758 1358 4814 motuum
1390 4749 1503 4812 Martis.
