3284 5520
489 329 531 384 De
549 331 721 400 septuaginta
738 329 951 386 hebdomadibus
969 331 997 385 in
1016 330 1139 386 Daniele.
1431 328 1495 394 817

145 503 232 581 digiis
255 504 411 566 Christiani
441 506 498 567 hoe
527 526 605 570 anno
628 512 780 586 posteriori
810 513 969 586 migrarunt
992 507 1115 567 urbem?
1160 506 1217 565 Die
1241 512 1292 566 21.
1316 505 1390 582 Maji
1412 508 1495 567 visae

145 599 213 650 sunt
235 594 378 654 terribiles
407 612 458 670 per
486 600 581 656 aerem
605 597 719 656 volitari
751 600 828 658 acies
852 605 880 656 et
905 613 1012 654 currus.
1051 595 1235 655 Pentecostis
1258 603 1343 653 uncte
1373 596 1495 670 ingressi

144 680 284 757 templum
300 681 466 741 sacerdotes
480 686 604 759 primum
628 688 780 762 strepitum
801 701 926 756 sensere,
950 692 1017 758 post
1039 683 1166 741 subitam
1191 698 1293 741 vocem
1317 683 1493 758 „migremus

144 766 242 826 binc.“
288 769 398 828 Eodem
429 778 558 846 tempore
588 775 684 848 coepit
704 772 886 833 ludaeorum
914 769 1020 829 seditio
1051 772 1079 827 in
1105 769 1239 842 Florum,
1271 769 1494 844 injustissimum

144 855 317 930 praesidem,
341 860 390 932 qui
416 856 481 917 illos
504 860 638 920 omnibus
661 861 828 918 acerbitatis
852 859 1004 934 speciebus
1029 856 1136 929 elusos,
1160 859 1323 933 exagitatos
1347 860 1495 916 concisos-

143 959 216 1016 que,
242 945 327 1018 quasi
355 947 385 1002 vi
416 943 452 1001 ad
481 944 653 1005 seditionem
682 945 829 1023 compulit.
874 946 931 1025 (110
960 945 1008 1003 liic
1030 945 1150 1016 Florus,
1175 962 1239 1003 cum
1268 947 1395 1004 intentus
1419 952 1496 1003 esset

142 1030 171 1085 in
196 1045 296 1088 omues
320 1032 489 1090 occasiones
513 1033 641 1092 irritandi
662 1031 805 1106 ludaeos,
827 1033 949 1092 Neronis
972 1040 1098 1090 statuam
1121 1035 1149 1088 iu
1174 1038 1306 1090 sanctum
1330 1038 1494 1090 sauctorum

143 1115 333 1195 collocavit‘l)
367 1121 572 1180 Caesarienses
593 1120 702 1180 Judaei
725 1123 896 1197 principium
917 1120 1011 1190 luere,
1035 1120 1140 1194 quibus
1163 1120 1308 1177 sabbatlro
1332 1122 1494 1193 congressis

142 1202 179 1260 ad
201 1203 296 1262 locum
317 1221 486 1281 synagogae
509 1208 625 1283 gentilis
649 1208 790 1266 insultans
814 1210 841 1266 ia
865 1217 1022 1283 conspectu
1049 1210 1141 1264 sarrcti
1165 1206 1222 1265 loci
1241 1224 1312 1265 aves
1334 1206 1496 1265 immolavit

141 1306 218 1349 vano
248 1290 312 1350 deo.
357 1292 467 1351 Eodem
497 1303 624 1370 tempore
654 1295 757 1354 Florus
788 1294 985 1354 nobilissimos
1014 1293 1195 1352 ludaeorum
1227 1296 1304 1352 cruci
1336 1293 1429 1352 alfixit
1465 1296 1494 1351 in

144 1376 207 1436 soro
230 1377 479 1456 „ierosolymitano
486 1425 496 1454 ,
521 1399 586 1440 cum
610 1400 722 1441 sacrum
754 1386 882 1458 ipsorum
905 1381 1073 1440 thesaurum
1096 1382 1151 1439 sibi
1175 1380 1242 1438 dedi
1263 1383 1368 1439 frustra
1391 1391 1494 1457 postu-

141 1462 241 1523 lasset.
287 1464 411 1539 Judaei,
436 1467 509 1526 duce
533 1468 660 1544 quodam
683 1471 843 1529 sacerdotis
867 1469 942 1541 lilio,
966 1470 1109 1543 abrogant
1132 1467 1329 1525 Romanorum
1353 1467 1494 1527 sacrificia

141 1559 300 1628 vetantque
323 1554 469 1613 sacrificos
493 1554 544 1613 illa
559 1560 699 1632 recipere,
716 1558 877 1633 rejecerunt
899 1558 988 1632 igitur
1011 1559 1097 1614 etiam
1121 1555 1182 1628 illa,
1199 1573 1273 1630 quae
1289 1572 1342 1630 pro
1359 1556 1493 1614 Caesaris

140 1639 340 1699 incolumitate
364 1642 567 1705 offerebantur.
599 1644 734 1719 Denique
757 1644 860 1703 seditio
884 1644 1038 1702 manifesta
1062 1644 1157 1718 erupit
1180 1652 1280 1701 contra
1304 1645 1383 1718 ipsos
1406 1645 1493 1702 etiam

141 1728 297 1800 optimates
313 1727 504 1805 Judaeorum,
524 1731 629 1807 quibus
654 1749 718 1790 cum
743 1749 761 1789 a
783 1731 923 1789 Romanis
945 1730 1056 1788 auxilia
1078 1733 1269 1801 mitterentur,
1287 1730 1339 1788 illa
1361 1729 1493 1788 seditiosi

141 1813 321 1889 deleverunt,
345 1817 486 1894 templum
517 1821 604 1877 etiam
628 1835 681 1878 cerr
706 1826 801 1877 castra
824 1817 990 1877 insederunt
1021 1819 1187 1892 mutuisque
1212 1817 1352 1876 caedibus
1375 1817 1492 1893 pollue-

139 1909 206 1959 runt
229 1909 257 1960 et
279 1905 322 1961 sic
344 1906 458 1963 initium
482 1905 551 1965 belli
572 1907 711 1965 iecerunt.
750 1906 842 1964 Nemo
866 1915 925 1963 tum
948 1907 1002 1962 nisi
1028 1907 1154 1981 ipsarum
1171 1907 1297 1980 partium
1320 1904 1492 1963 sacrificium

140 1987 204 2046 Deo
229 1989 329 2049 offerre
351 1999 486 2067 poterat,
511 1995 579 2068 quin
603 1993 769 2052 sacerdotes
793 1992 829 2051 ad
853 2011 932 2050 aram
956 1995 1166 2050 mactabantur.

244 2075 352 2136 Secuta
381 2088 425 2137 est
456 2080 556 2138 eodem
580 2097 657 2138 anno
680 2078 930 2157 ierosolymorum
954 2079 1068 2138 obsidio
1091 2098 1110 2137 a
1133 2078 1232 2137 Cestio
1256 2077 1360 2152 Gallo,
1390 2078 1492 2156 Syriae

139 2161 291 2237 praeside,
326 2166 376 2240 qui
409 2174 505 2226 tamen
537 2184 643 2242 magna
671 2184 789 2225 suorum
822 2166 903 2225 clade
933 2168 970 2225 ab
1000 2185 1035 2224 eu
1065 2166 1204 2241 depulsus
1232 2174 1285 2224 est.
1332 2166 1390 2225 Sed
1414 2166 1492 2241 quod

141 2248 273 2307 Christus
295 2250 366 2309 Luc.
392 2258 442 2316 21.
466 2253 624 2330 praedixit,
649 2271 748 2312 verum
771 2255 841 2324 luit,
866 2254 944 2328 quod
967 2254 1004 2310 ab
1029 2270 1063 2311 eo
1095 2264 1223 2327 tempore
1247 2261 1328 2311 tanta
1350 2253 1491 2311 malcrum

140 2335 237 2395 clades
260 2338 421 2412 ingruitura
444 2343 490 2413 sit,
515 2350 547 2400 ut
570 2341 733 2399 consultum
757 2341 891 2398 omnibus
915 2339 997 2412 velit,
1022 2349 1199 2398 momentum
1222 2341 1250 2395 in
1274 2341 1345 2398 urbe
1367 2358 1404 2399 ne
1427 2357 1492 2397 mo·

139 2432 245 2482 rentur.
291 2425 367 2483 Nam
390 2427 472 2486 liberi
494 2427 578 2487 hoste
602 2446 632 2487 sc
655 2437 757 2486 mutuo
781 2427 982 2498 conficiebant,
1008 2445 1072 2484 cum
1093 2425 1224 2485 seditiosi
1247 2434 1348 2486 sarreia
1371 2435 1490 2485 sancto-

140 2528 202 2569 rnm
224 2513 355 2587 ingressi,
380 2514 457 2588 quod
480 2513 551 2574 solis
573 2514 680 2575 licebat
696 2514 892 2590 pontificibus,
910 2531 1006 2573 arcem
1029 2513 1098 2573 belli
1122 2516 1149 2570 in
1175 2515 1209 2571 iis
1232 2514 1288 2572 sibi
1311 2516 1491 2587 statuissent,

140 2605 168 2655 et
191 2597 336 2657 bominem
369 2602 522 2661 obscurum
554 2619 606 2661 nec
629 2602 722 2661 tribus
747 2602 818 2660 Levi
851 2604 880 2659 iu
913 2603 1017 2662 sunrmi
1048 2599 1208 2660 sacerdotis
1239 2618 1353 2659 sacrum
1377 2600 1490 2660 culmen

140 2688 306 2744 erexissent
329 2697 428 2748 contra
450 2689 542 2766 leges.

226 2773 312 2833 Anno
337 2778 409 2834 604.
434 2784 547 2836 cometa
570 2774 660 2850 gladii
683 2777 778 2851 speeie
803 2792 855 2851 per
876 2777 1019 2849 integrum
1043 2791 1150 2832 annum
1174 2775 1237 2833 urbi
1261 2776 1414 2835 imminens
1435 2772 1491 2851 ap·

139 2860 270 2934 parebat.
317 2862 354 2920 Et
383 2866 515 2939 sequenti
546 2869 625 2934 606,
663 2865 712 2937 qui
737 2871 781 2921 est
810 2881 828 2921 a
857 2866 993 2938 passione
1017 2862 1123 2920 Christi
1156 2867 1205 2920 88.
1232 2879 1363 2941 currens,
1396 2863 1491 2921 cincta

139 2944 327 3024 Jerosolyma
349 2950 500 3010 obsidione
524 2957 552 3009 et
576 2949 701 3025 denique
724 2967 788 3008 eum
812 2949 921 3026 templo
939 2959 1114 3025 expugnata,
1131 2951 1258 3017 incensa,
1275 2949 1338 3006 solo
1362 2959 1490 3025 aequata

140 3033 248 3093 a'lito
271 3035 455 3113 Vespasiano
487 3046 515 3097 01
538 3037 687 3097 Romania.
733 3037 840 3097 Judaei
870 3037 906 3096 ad
933 3044 1080 3097 1100000
1110 3039 1220 3113 periere
1249 3036 1371 3095 diversis
1394 3036 1488 3109 malis,

139 3117 243 3196 reliqui
259 3121 401 3182 vilissimo
423 3127 516 3202 pretio
542 3125 665 3196 venditi,
682 3128 786 3199 partim
810 3126 985 3200 spectaculis
1009 3124 1145 3194 absumti,
1170 3125 1342 3198 conquisitis
1359 3132 1387 3183 01
1403 3142 1490 3183 enec-

140 3208 176 3265 tis
199 3210 343 3283 omnibns,
368 3202 416 3287 q'ui
440 3221 537 3272 essent
560 3211 595 3271 dc
619 3214 707 3287 stirpe
730 3212 864 3286 Davidis,
881 3213 1055 3272 sacerdotali
1079 3215 1168 3273 etiam
1190 3214 1278 3286 stirpe
1300 3228 1374 3286 pene
1398 3214 1489 3271 inter·

139 3297 259 3357 necione
283 3296 387 3357 deleta.

242 3383 387 3445 Vixerunt
415 3389 502 3461 igitur
524 3385 631 3445 Judaei
662 3386 716 3444 sub
747 3387 863 3461 regibus
888 3386 1038 3445 Persarum
1068 3387 1150 3442 annis
1175 3391 1247 3457 206,
1272 3403 1330 3461 quo
1359 3392 1489 3462 tempore

101 3533 108 3550 ‚
139 3470 288 3545 praesides
311 3474 382 3548 ipsis
405 3471 550 3532 dabantur
571 3474 706 3548 gentilitii
729 3476 902 3532 auctoritate
924 3474 1022 3550 regia,
1043 3481 1111 3548 post
1133 3488 1206 3547 quos
1226 3472 1381 3548 plurimum
1404 3482 1489 3549 pote·

141 3566 204 3615 rant
227 3563 331 3617 summi
353 3561 526 3636 pontifices,
556 3562 664 3619 tributa
688 3579 804 3636 quoque
826 3563 944 3636 saepius
967 3563 1037 3635 ipsis
1058 3561 1188 3620 remissa.
1233 3560 1305 3618 Inde
1331 3563 1399 3617 0001
1427 3563 1488 3619 293

140 3643 330 3720 colliguntur,
355 3649 461 3723 quibus
485 3665 598 3706 summa
628 3649 796 3724 pontificum
820 3656 880 3707 erat
903 3650 1080 3723 auctoritas,
1104 3664 1225 3721 quorum
1249 3649 1360 3723 priores
1385 3650 1444 3706 161
1469 3666 1489 3707 0

139 3733 282 3793 1110001010
313 3734 466 3793 Persarum
500 3737 621 3810 imperio
658 3734 695 3793 ad
735 3742 932 3810 recuperatam
966 3752 1017 3810 per
1045 3731 1154 3792 Judarn
1189 3734 1350 3793 libertatem
1387 3752 1488 3810 regum

139 3819 241 3896 Syriae
271 3829 300 3880 et
328 3823 453 3899 Aegypti
484 3822 531 3881 vel
560 3824 645 3881 amici
677 3821 723 3879 vel
753 3823 895 3880 tributarii
927 3822 1023 3894 fuere3
1048 3823 1097 3897 qui
1126 3833 1287 3897 sequuntur
1318 3824 1385 3881 anui
1418 3825 1486 3894 126,

138 3907 346 3968 Macchabaeis
369 3918 436 3968 sunt
459 3909 612 3982 tribuendi,
637 3911 686 3984 qui
710 3926 814 3984 genere
838 3908 1011 3968 sacerdotali
1035 3911 1098 3981 orti,
1123 3909 1290 3967 tortitudine
1306 3918 1335 3968 et
1350 3916 1488 3967 constan·

139 3997 180 4053 tia
201 4005 316 4070 gentem
340 4016 358 4056 a
381 3998 545 4056 tristissima
572 3999 711 4055 servitute
741 3998 770 4053 in
800 3995 963 4054 libertatem
993 4013 1158 4070 asseruere,
1183 3997 1288 4071 quibus
1317 3995 1345 4053 id
1369 3995 1487 4055 honoris

137 4080 270 4143 habitum
301 4084 355 4142 iuit
384 4101 402 4142 a
432 4082 571 4157 Judaeis,
603 4091 635 4141 ut
656 4084 849 4160 principatum
882 4100 947 4142 cum
982 4083 1151 4159 pontificatu
1190 4083 1405 4158 conjungerent.
1450 4083 1488 4142 Et

138 4175 272 4244 quamvis
296 4188 363 4231 vere
392 4178 560 4246 regnarent,
590 4188 641 4246 per
671 4188 762 4229 annos
790 4180 885 4229 tamen
917 4176 953 4228 61
980 4173 1044 4229 sive
1073 4170 1216 4228 modestia
1243 4187 1294 4228 000
1318 4170 1354 4229 00
1378 4187 1487 4229 caven·

138 4255 205 4316 dam
225 4258 365 4318 invidiam
381 4255 545 4317 diademate
561 4259 773 4317 abstinuerunt.
818 4257 958 4315 Romanis
981 4265 1095 4326 autem,
1117 4274 1191 4332 quos
1211 4260 1306 4315 socios
1329 4257 1485 4329 trabebant,

138 4362 220 4403 arma
248 4348 275 4403 in
306 4345 420 4424 Syriam
451 4354 480 4405 et
503 4347 671 4422 Aegyptum
700 4344 911 4421 proferentibus
940 4352 969 4402 et
999 4343 1157 4403 debilitatis
1188 4346 1306 4416 vicinis,
1336 4361 1400 4402 curn
1431 4347 1487 4420 ipsi

139 4431 363 4507 convaluissent,
390 4450 442 4510 per
465 4433 593 4508 reliquos
618 4438 657 4492 60
674 4448 765 4490 011000
780 4448 886 4490 nomen
908 4433 1018 4505 regium
1050 4432 1105 4490 sibi
1129 4439 1307 4505 arrogarunt.
1339 4432 1385 4489 Ab
1409 4446 1485 4489 anno

139 4528 239 4579 autem
263 4524 312 4579 26.
336 4529 404 4581 ante
428 4537 544 4580 caesum
568 4518 700 4578 ultimum
723 4536 829 4593 regem,
854 4535 912 4594 quo
930 4518 1088 4597 Pompejus
1103 4517 1304 4595 ierosolymae
1327 4520 1412 4593 oepit,
1435 4536 1487 4593 per

140 4611 200 4667 132
225 4622 318 4667 00000
340 4608 481 4685 paulatim
505 4608 645 4668 Romanis
669 4623 791 4676 cessere,
807 4608 858 4681 qui
879 4607 1003 4681 primurn
1026 4615 1149 4664 tutorem
1166 4608 1259 4680 genti,
1276 4615 1377 4680 postea
1393 4622 1485 4680 reges,

138 4691 263 4770 denique
291 4695 450 4755 tetrarchas
482 4704 511 4755 et
539 4692 688 4771 praesides
718 4691 803 4750 simul
835 4691 953 4754 dabant.
999 4694 1125 4768 Fuitque
1155 4695 1195 4750 rel
1226 4691 1342 4767 quidem
1371 4709 1487 4752 summa

138 4784 223 4842 aunis
248 4788 307 4843 100
341 4798 431 4859 pcues
452 4781 579 4842 Herodis
600 4783 690 4842 exteri
713 4779 831 4841 domum
860 4789 890 4840 et
911 4779 1071 4855 praesides,
1095 4778 1281 4856 pontificatus
1305 4796 1374 4839 vero
1395 4796 1486 4857 penes

213 4901 308 4954 mrsu
321 4899 404 4953 00010.
432 4899 484 4943 vn.
1244 4878 1277 4932 52
