3284 5520
198 294 264 362 214
690 289 827 361 heltonis
845 288 1057 363 Hyperaspistes

199 472 291 531 verba
320 471 468 547 magistri;
502 472 552 547 qui
576 477 608 528 ut
631 486 719 544 ores,
751 467 901 546 stupidum
923 486 1032 546 pecus,
1056 468 1160 530 ducem
1182 476 1353 545 sequuntur,
1378 471 1472 531 etiam
1493 488 1559 532 cnm

200 559 236 619 de
259 576 330 634 rupe
353 560 378 617 is
401 575 432 617 sc
456 560 485 615 in
508 574 649 634 praeceps
673 560 749 632 agit;
775 560 906 632 quinon
929 574 961 616 se
985 560 1065 634 ipsos
1087 565 1202 616 tantum
1224 556 1282 617 boc
1303 559 1405 634 inepto
1426 560 1559 636 magistri

199 645 297 706 studio
321 643 478 720 decipiunt,
502 645 554 704 sed
577 662 614 704 ne
637 642 712 704 alios
735 643 862 720 quidem,
887 647 911 702 si
931 645 982 720 jus
1003 643 1114 704 babent
1137 643 1293 704 cathedrae
1316 661 1367 723 per
1381 645 1559 721 academias,

200 736 351 811 patiuntur
374 732 496 791 eluctari
519 749 554 790 cx
578 733 744 808 ignorantia
766 733 931 805 eommuni;
955 734 1016 807 qui,
1040 739 1073 790 ut
1096 731 1312 791 claramonttus
1335 735 1400 807 iste,
1417 734 1558 810 quicquid

201 820 289 880 altius
312 818 424 893 aliquid
449 828 536 895 captu
567 836 621 878 sno
649 822 741 896 sapit,
775 821 799 877 si
829 820 993 879 rationibus
1015 836 1073 878 non
1096 825 1238 897 possunt,
1273 818 1378 879 saltam
1402 821 1560 881 verborum

199 909 313 985 probris
335 905 491 982 protelant.

306 996 334 1052 9.
369 992 547 1069 Hujusmodi
572 993 701 1052 moribus
724 993 874 1051 hominum
890 991 1003 1069 Tycho,
1027 993 1159 1051 veritatis
1182 1009 1271 1067 quam
1293 995 1479 1055 auctoritatis
1503 997 1561 1056 ob-

199 1083 380 1153 servantior,
412 1081 542 1140 intensus
573 1096 631 1138 non
654 1082 757 1138 mirum
782 1080 807 1137 si
831 1094 896 1137 cour
919 1088 1033 1157 aetate,
1064 1080 1261 1139 crescentibus
1289 1083 1436 1158 negotiis,
1469 1082 1560 1161 paulo

200 1171 295 1229 evasit
317 1168 468 1240 morosior,
492 1169 518 1225 si
540 1166 648 1226 fiducie
670 1170 741 1226 artis
764 1182 836 1225 snae
850 1167 946 1239 nixus,
969 1165 1081 1225 tardius
1096 1164 1232 1227 cedentes
1255 1167 1370 1246 impulit
1384 1178 1559 1244 commotus,

199 1256 385 1333 pertinaciter
415 1254 607 1329 obloquentes
638 1256 781 1330 increpuit
810 1254 1019 1329 importunius,
1053 1253 1158 1312 laetum
1183 1254 1364 1330 quorundam
1386 1259 1561 1334 vadumque

200 1344 272 1402 artis
297 1342 472 1417 jactantiam
496 1344 551 1400 sub
575 1342 730 1401 vorborum
761 1342 899 1399 comitate
932 1340 1096 1399 latitantem
1125 1339 1235 1401 retudit
1264 1341 1391 1403 liberiori
1416 1346 1559 1418 oratione,

200 1430 326 1505 denique
350 1432 374 1486 si
398 1431 536 1503 magister
559 1428 715 1505 supercilio
747 1444 816 1487 usus
840 1436 885 1487 eat
908 1428 1000 1487 veluti
1022 1430 1052 1484 in
1076 1426 1245 1504 discipulos.
1292 1429 1399 1490 lulelix
1421 1432 1560 1508 equidem

196 1517 356 1593 juventus,
381 1533 458 1591 quae
482 1518 620 1574 vitiorum
643 1517 737 1592 magia
761 1518 790 1573 in
814 1513 983 1575 doctoribus
1006 1532 1095 1591 quarn
1119 1514 1270 1576 doctrinae
1292 1533 1404 1577 memor
1424 1526 1486 1588 eat,
1511 1520 1559 1577 in-

198 1612 293 1681 grata,
317 1620 393 1679 quae
417 1602 559 1663 beneficia
582 1603 713 1680 prolecta
735 1601 936 1663 avolantibus
950 1600 1084 1680 rependit
1106 1602 1330 1679 exprobratione
1345 1620 1455 1680 aerum,
1480 1622 1560 1683 quae

198 1689 368 1752 exciderunt
389 1690 567 1749 nolentibus.

308 1779 356 1836 10.
379 1776 478 1836 Tertio
501 1777 567 1836 loco
589 1782 831 1835 commemoratur
852 1775 993 1835 mudena
1015 1779 1045 1833 iu
1061 1775 1202 1854 Tycbone
1220 1779 1408 1851 positionum
1426 1796 1561 1839 scemam

198 1881 288 1924 amor
310 1872 338 1922 et
361 1881 431 1922 acre
452 1865 588 1924 studium
611 1863 741 1922 tuendae
762 1865 927 1922 sententiae
949 1863 985 1922 dc
1007 1864 1122 1923 coelati
1144 1870 1276 1923 cometae
1298 1865 1370 1925 loco.

312 1952 361 2010 ll.
396 1951 488 2026 Atqui
510 1952 618 2027 positio
641 1967 699 2008 non
723 1958 768 2011 eat
795 1949 891 2022 nuda,
922 1968 999 2026 quae
1028 1951 1325 2010 demonstrationibus
1356 1959 1401 2012 est
1427 1951 1560 2026 suffulta,

198 2053 276 2113 quae
298 2054 364 2096 cum
387 2039 424 2096 ob
448 2038 480 2097 id
502 2057 521 2097 a
543 2040 674 2097 raritatis
696 2044 754 2096 stet
776 2038 923 2112 partibus,
954 2037 1052 2096 nullus
1076 2036 1212 2114 equidem
1241 2039 1305 2115 ejus
1327 2056 1417 2099 amor
1438 2039 1560 2099 modum

199 2123 326 2199 mettin
357 2124 438 2183 nulla
463 2127 526 2185 viro
549 2124 616 2183 lorti
647 2126 789 2201 probrosa
818 2132 862 2185 est
892 2128 923 2183 in
951 2125 1066 2184 tuenda
1088 2143 1125 2184 ec
1148 2128 1322 2184 constantia.
1360 2126 1418 2186 Hic
1440 2134 1485 2185 est
1509 2125 1561 2187 ille

197 2210 356 2271 laudabilis
381 2212 514 2290 affamur,
539 2214 588 2287 qui
613 2222 696 2288 urget
719 2229 828 2285 omnes,
853 2229 928 2287 quos
952 2212 1087 2271 coelestis
1111 2213 1236 2288 sospitat
1258 2215 1378 2289 genius,
1402 2221 1452 2286 ut,
1475 2213 1559 2289 qnod

198 2301 255 2376 ipsi
286 2298 464 2368 didicerunt,
493 2301 563 2359 otiis
589 2299 744 2358 venditent
774 2307 803 2358 et
833 2301 875 2358 sic
903 2301 932 2356 in
956 2301 1102 2358 communi
1125 2301 1254 2376 prosint,
1286 2299 1328 2358 cd
1353 2299 1556 2374 miscendum,

198 2385 278 2462 quod
302 2396 333 2445 tu
357 2385 455 2459 addis,
485 2394 514 2445 et
535 2385 823 2446 comminiscendum
848 2387 1004 2463 quicquam
1026 2404 1168 2462 pronum
1196 2403 1255 2445 non
1283 2387 1391 2449 reddit.
1437 2387 1560 2447 Veritas

198 2491 230 2533 aa
253 2476 319 2550 ipsa
341 2480 404 2532 tuta
429 2480 489 2547 est,
520 2478 695 2533 commentia
716 2490 776 2532 non
807 2473 930 2549 indiget.
977 2471 1016 2533 Ut
1038 2477 1088 2550 qui
1112 2472 1259 2533 dulciariis
1283 2476 1412 2534 vescitur
1438 2473 1483 2533 sal
1506 2476 1557 2533 in·

197 2562 281 2621 terim
304 2563 428 2638 respuit,
461 2562 520 2634 sie,
551 2564 576 2619 si
600 2561 683 2637 cujus
706 2563 820 2620 animus
843 2563 972 2621 assuevit
995 2577 1082 2635 vero,
1107 2563 1133 2620 ei
1156 2559 1237 2620 nulla
1260 2577 1389 2639 unquam
1417 2578 1452 2622 er
1476 2560 1557 2622 salsa

197 2649 358 2708 assertione
380 2652 483 2708 scienti
508 2650 587 2707 venit
609 2649 757 2724 voluptas.

308 2737 356 2793 lt.
387 2734 471 2810 Quae
486 2736 588 2813 Tyclm
612 2736 660 2796 rel
683 2743 869 2796 commentas
890 2736 937 2807 sit,
962 2741 994 2794 ut
1016 2741 1057 2808 tu,
1082 2733 1128 2793 vel
1151 2734 1310 2795 scientifice
1333 2744 1560 2808 commentatus,

198 2827 231 2879 ut
252 2837 319 2898 ego,
343 2821 381 2881 ad
405 2822 617 2882 defendendum
640 2822 697 2883 hoc
720 2839 873 2882 commuue
892 2822 955 2898 jam
978 2819 1183 2899 philosophiae
1207 2820 1323 2897 dogma,
1341 2823 1402 2881 dari
1425 2824 1455 2880 in
1471 2821 1560 2883 coelo

196 2924 276 2968 nova
291 2926 429 2986 corpora:
454 2927 512 2970 non
536 2928 662 2986 aequum
686 2919 730 2970 est
752 2911 876 2970 lectores
901 2926 936 2968 ex
961 2912 1018 2968 tuis
1044 2908 1223 2985 vaniloquiis
1239 2908 1361 2984 discere,
1384 2926 1441 2969 non
1461 2912 1557 2970 etiam

197 3013 271 3071 opus
304 3005 349 3056 est
380 2999 471 3070 meis,
503 2999 528 3055 si
552 3000 616 3072 qnia
640 2997 773 3070 dubitat,
803 3002 919 3055 tuorum
948 2996 1190 3068 refutationibus,
1221 2996 1381 3072 loquantur
1410 2999 1477 3074 ipsa
1502 3014 1562 3074 pro

198 3092 318 3142 auctore
342 3100 397 3142 auo
421 3101 519 3159 opera,
544 3083 680 3144 cohibeat
703 3101 773 3142 vero
797 3099 830 3142 os
851 3082 1067 3143 Claramontius
1087 3082 1289 3160 iudiciumque
1311 3082 1469 3144 lectoribus
1490 3100 1562 3145 sese

199 3171 451 3230 exercitatioribus
474 3173 631 3247 permittat

310 3259 359 3316 13.
397 3258 432 3315 lit
455 3265 553 3317 tamen
576 3260 620 3317 vir
643 3259 779 3334 egregius
802 3256 1019 3317 Claramontins
1042 3257 1098 3316 hoo
1116 3258 1179 3333 jam
1202 3258 1306 3334 capitis
1329 3257 1480 3318 exordium
1501 3256 1558 3338 (dii

201 3343 271 3403 boni
295 3362 383 3421 qnam
406 3346 644 3405 mathematicum
655 3348 677 3419 1)
700 3343 827 3403 traducit
848 3345 886 3403 ad
915 3363 1033 3404 cansam
1057 3346 1319 3405 observationum:
1347 3348 1471 3421 primum
1494 3348 1560 3405 sci-⁴

197 3429 267 3490 licet
291 3442 494 3508 argumentum
518 3433 600 3506 dixit,
625 3451 675 3492 cur
698 3431 859 3504 credamus,
883 3431 1052 3509 Tycbouem
1076 3433 1256 3490 comminisci
1280 3431 1501 3492 observationes
1523 3436 1559 3491 in

200 3516 278 3577 hunc
302 3519 397 3591 finem,
422 3523 654 3597 dipositionem
676 3516 823 3591 delendat,
848 3520 979 3594 quiade
1006 3523 1053 3579 13.
1078 3528 1108 3578 et
1132 3521 1183 3577 24.
1199 3518 1373 3579 Novembris
1398 3522 1535 3580 11111111.

305 3608 353 3663 14.
389 3607 429 3665 At
460 3624 530 3666 vero
561 3624 706 3666 summum
736 3605 794 3664 hoc
823 3608 887 3681 ipso
920 3609 948 3663 in
976 3607 1042 3666 loco
1065 3605 1215 3683 Tycbonia
1237 3605 1393 3666 candorem
1427 3609 1455 3665 in
1479 3608 1562 3668 rele-

198 3688 296 3750 reudis
321 3701 350 3751 et
372 3692 570 3753 discernendis
594 3697 655 3754 suis
680 3693 935 3752 observationibus
958 3693 1127 3753 foedissima
1142 3693 1290 3752 calumnia
1306 3691 1450 3770 denigrari
1466 3712 1560 3772 supra

197 3777 395 3838 demonstrari
428 3780 465 3838 ad
496 3789 585 3858 capnt
616 3784 663 3840 13.
689 3783 788 3858 primis
815 3784 852 3837 12
881 3783 1017 3840 numeris.
1069 3779 1226 3840 Revertere
1258 3778 1360 3840 codem
1392 3781 1492 3858 Scipio
1525 3791 1560 3842 et

198 3866 315 3941 quoties
339 3866 515 3926 calumniam
547 3869 622 3928 hanc
654 3877 686 3928 ut
717 3869 853 3927 cramben
881 3874 984 3944 terque
1015 3875 1177 3944 quaterque
1208 3876 1353 3927 recoctam
1382 3870 1558 3945 ingeminas,

195 3955 282 4013 toties
305 3954 453 4014 erubesce.

303 4042 351 4099 15.
383 4041 448 4100 Non
472 4058 556 4118 nego,
573 4041 743 4119 Tychonem
766 4043 863 4117 ipsum
887 4044 960 4100 inter
983 4059 1053 4100 snas
1076 4043 1169 4117 ipsius
1192 4040 1323 4116 ejusdem
1346 4043 1387 4100 rei
1411 4042 1558 4104 observa-

195 4130 290 4187 tiouea
314 4128 459 4187 interdum
482 4128 603 4204 aliquod
626 4132 756 4190 tenuisse
772 4129 925 4187 discrimen
949 4131 1038 4205 inque
1058 4146 1117 4187 una
1137 4131 1322 4205 potissimum
1337 4128 1555 4205 observatione,

195 4212 354 4274 lectoribus
378 4215 628 4291 commendanda,
649 4216 762 4292 judicio
787 4233 888 4289 usum3
919 4215 972 4274 sed
994 4232 1049 4275 nec
1072 4215 1128 4274 hoc
1150 4231 1236 4291 nego,
1260 4217 1392 4291 potuisse
1415 4217 1499 4275 illum
1522 4220 1556 4277 iu

194 4299 251 4360 boc
271 4301 402 4376 judicio,
428 4303 507 4378 quod
530 4306 606 4363 circa
629 4305 750 4362 minima
772 4302 985 4380 occupabatur,
1009 4301 1087 4375 falli,
1111 4305 1282 4378 praesertim
1305 4305 1331 4361 ai
1354 4302 1554 4364 studiosorum

194 4387 361 4463 aliquorum
386 4407 475 4465 opera
499 4397 576 4450 esset
598 4409 679 4452 usus.
726 4392 766 4447 At
788 4389 927 4466 quicquid
950 4389 1039 4465 hujus
1063 4390 1126 4464 tuit,
1150 4407 1185 4449 ox
1209 4406 1289 4449 moro
1312 4389 1447 4463 madore,
1472 4408 1554 4451 mern

194 4477 328 4534 veritatis
352 4477 450 4536 studio
472 4478 633 4555 proiectum
664 4478 736 4550 luit3
770 4477 868 4535 studio
905 4494 975 4536 vero
1007 4485 1095 4536 etex
1119 4480 1269 4553 proposito
1304 4476 1386 4535 illurn
1421 4476 1553 4557 voluisse

195 4561 327 4639 decipere
349 4564 505 4633 lectorem,
539 4572 572 4624 ut
594 4582 648 4624 sua
671 4564 780 4642 placita
801 4564 954 4636 stabiliret,
986 4563 1015 4622 id
1039 4581 1108 4623 vcro
1132 4581 1199 4623 rere
1231 4563 1379 4640 piaculum
1409 4564 1481 4624 milri
1505 4575 1554 4626 est

195 4650 354 4711 concedere
377 4655 525 4730 cuiquam.
571 4652 634 4712 Nec
661 4655 737 4711 enim
767 4654 924 4728 quicquam
952 4650 995 4709 illi
1018 4651 1128 4728 placuit
1151 4669 1296 4729 unquam,
1327 4653 1358 4709 in
1386 4651 1465 4729 quod
1499 4654 1550 4714 vel

193 4738 343 4799 minimam
373 4740 511 4802 falsitatis
541 4741 737 4817 suspicionem
776 4739 967 4817 conjecisset,
1005 4755 1059 4800 nec
1091 4739 1115 4798 si
1151 4738 1269 4821 qnando
1298 4738 1405 4799 lalsum
1436 4738 1551 4818 aliquid
