3284 5520
148 337 213 407 244
645 332 781 405 Tyebonir
798 332 1009 404 Hyperaspintes

150 519 201 593 qui
223 516 322 575 suteris
345 514 429 587 ultro,
454 512 594 573 Gemmae
616 513 684 574 loca
704 512 838 591 ecliptica
853 512 1031 590 quandoque
1047 515 1223 574 scunarium
1238 514 1384 592 parellaxi
1399 516 1505 592 iecere,

150 621 244 682 eoque
267 601 318 662 illa
339 601 405 661 loca
426 600 549 677 rejicis?

253 694 281 750 5.
320 689 463 749 Nimirum
485 689 526 748 sic
550 695 684 747 constant
707 688 969 748 demonstrationes
991 689 1193 763 geomanticue
1217 697 1247 749 et
1267 689 1428 768 pleraeque
1450 708 1505 768 ge-

149 777 313 838 nethliaeac
336 778 372 837 de
387 794 494 854 magno
509 792 630 834 numero
646 776 894 854 praedictionum
917 791 1109 852 quaecunque
1125 778 1275 850 eveniunt,
1299 794 1352 838 eae
1368 781 1398 835 iu
1413 795 1505 855 argu·

148 874 278 926 mentum
292 865 444 924 trabuntur
459 881 545 924 verae
561 866 640 938 artis,
657 872 842 934 annotantur,
866 863 1060 939 celebrantur,
1084 873 1313 940 exaggerantur,
1336 883 1416 943 quae
1433 883 1505 927 vero

149 953 262 1026 fallunt,
286 954 410 1030 plurima
433 951 544 1011 scilicet
567 969 643 1028 pars,
668 968 769 1010 earum
791 950 990 1010 obliviscimur
1012 967 1066 1009 nec
1088 959 1121 1010 ut
1136 961 1310 1028 argumenta
1324 952 1418 1013 falsae
1434 957 1506 1013 artis

147 1043 312 1119 recipimus,
337 1043 408 1116 quia
428 1039 540 1098 scilicet
564 1056 662 1097 veram
686 1056 750 1098 esse
774 1040 922 1115 cupimus,
947 1046 979 1096 ut
1001 1038 1089 1096 etiarn
1113 1037 1328 1099 claromontius
1351 1049 1382 1100 et
1404 1056 1505 1100 come·

149 1138 194 1188 tas
217 1128 272 1187 sub
295 1128 379 1186 Luna
403 1144 466 1187 esse
489 1135 518 1186 et
540 1125 684 1185 deiectum
707 1126 763 1185 sibi
788 1125 986 1185 adversarium
1010 1127 1118 1183 victum
1143 1134 1171 1185 et
1194 1131 1347 1205 protritum
1371 1131 1463 1206 cupit.

73 1281 75 1287 ,
254 1222 282 1274 6.
323 1213 417 1274 Valde
440 1216 484 1273 ais
507 1212 718 1287 admirandum,
744 1213 817 1273 duos
839 1213 894 1271 hos
919 1215 995 1272 viros
1018 1213 1047 1268 in
1070 1230 1106 1272 eo
1129 1215 1204 1272 inter
1225 1232 1258 1274 se
1280 1210 1326 1297 (et
1349 1231 1417 1275 cum
1440 1214 1505 1293 'l'y-

149 1298 258 1382 ebone)
282 1304 475 1380 conspirasse,
497 1310 529 1359 ut
551 1311 694 1360 cometam
718 1300 799 1359 illum
823 1299 952 1359 dicerent
973 1298 1139 1359 coelestem.

253 1394 280 1448 i.
312 1390 349 1448 Et
371 1390 455 1448 nobis
477 1391 580 1447 ceteris
594 1390 808 1448 mathematicis
823 1389 953 1446 vicissim
970 1387 1055 1446 valde
1070 1389 1174 1446 mirum
1189 1388 1305 1463 accidit,
1330 1400 1371 1465 te,
1393 1406 1505 1451 novum

148 1476 259 1537 scilicet
279 1476 445 1549 Herculem,
470 1475 612 1535 adversus
632 1494 689 1535 nou
704 1476 778 1535 duos
792 1473 900 1553 solunq
921 1473 974 1535 sed
988 1473 1077 1550 plane
1092 1483 1150 1535 tres
1166 1475 1349 1550 contendere,
1372 1487 1506 1538 cometas

147 1565 203 1624 sub
227 1564 312 1624 Luna
335 1582 408 1635 esse,
431 1562 595 1639 falsamque
618 1581 717 1623 eornm
740 1561 910 1627 methodum
933 1580 1065 1638 arguere,
1088 1579 1177 1638 quam
1192 1563 1293 1641 Tycbo
1315 1573 1345 1625 et
1361 1567 1427 1642 ipse
1442 1568 1506 1640 ivit,

147 1658 175 1712 et
198 1655 364 1723 irretetis,
388 1653 524 1728 quamvis
546 1650 741 1726 rigidissimus
764 1650 879 1710 illorum
902 1666 1018 1720 censor,
1044 1651 1207 1727 improbare
1230 1668 1287 1710 non
1311 1655 1419 1729 potuit.
1529 1660 1532 1665 '

253 1746 281 1799 8.
319 1740 422 1814 Neque
453 1738 495 1796 iili
527 1755 558 1797 se
589 1737 780 1798 consederunt
808 1747 911 1814 suopte
942 1737 1057 1813 gladio,
1088 1742 1259 1816 quantisper
1281 1740 1507 1801 observationes

148 1827 361 1898 distantiarum,
385 1828 554 1903 praesertim
569 1843 588 1884 a
603 1826 667 1884 liris
691 1824 849 1884 admodum
873 1827 986 1898 vicinis,
1010 1825 1158 1903 ptulerunt
1180 1827 1275 1902 iisque
1291 1828 1365 1887 inter
1380 1827 1508 1887 demon-

146 1913 297 1973 strandum
326 1920 454 1972 utuntur.
500 1911 576 1971 Nam
605 1912 686 1989 quod
707 1920 811 1991 postea
832 1911 968 1972 differunt
990 1914 1020 1970 in
1044 1912 1116 1973 locis
1139 1912 1295 1991 eclipticis,
1325 1915 1357 1974 id
1379 1915 1507 1977 demon-

147 2003 303 2062 stratimes
326 2016 425 2061 eorum
449 2000 554 2059 attinet
575 1999 656 2058 nibil.

623 2135 1020 2218 uwmmm

251 2261 346 2339 Quam
369 2263 459 2322 breve
482 2262 673 2335 verbis,‘tsm
696 2260 810 2336 probris
833 2277 998 2338 praegnans
1014 2268 1059 2320 est
1073 2261 1129 2321 boc
1143 2265 1248 2340 caputi
1271 2262 1412 2323 Maximis
1428 2267 1508 2325 enirn

149 2349 264 2411 Rb'slini
285 2349 526 2423 aberrationibus,
551 2350 761 2410 conuariarum
784 2347 901 2423 quidem
925 2347 1109 2425 qualitatum,
1133 2350 1264 2427 prolatis,
1287 2353 1330 2410 sic
1345 2359 1378 2410 ut
1392 2351 1506 2413 aliem

147 2437 312 2518 parallaxiu
335 2438 471 2498 inferrent
493 2439 665 2516 immanem,
697 2434 826 2512 reliquae
848 2435 1032 2495 manifestem
1057 2438 1337 2515 impossibilitatem,
1361 2439 1507 2517 parallaxi

146 2528 336 2600 contrariam,
367 2523 514 2585 concludit
536 2527 593 2585 sic:
624 2542 660 2583 ea
688 2523 798 2600 quibus
826 2522 1003 2600 differentiis
1024 2542 1113 2586 nemo
1135 2543 1201 2584 non
1222 2526 1317 2600 videt,
1348 2534 1507 2603 pruritum

147 2614 234 2691 infra
260 2612 382 2673 Lunam
403 2613 501 2690 suerit
522 2619 647 2671 cometa.
685 2611 728 2669 Ex
752 2610 868 2687 quibus,
892 2613 1011 2687 inquam
1026 2629 1090 2687 ego,
1114 2629 1199 2673 nemo
1216 2629 1273 2671 non
1290 2612 1380 2689 videt,
1405 2632 1504 2691 quan-

145 2715 208 2760 tum
232 2700 430 2761 claramontio
453 2699 528 2759 inira
550 2700 673 2759 frontem
695 2698 849 2759 secesserit
871 2697 973 2775 pudor,
997 2698 1071 2759 inira
1093 2701 1243 2761 cerebrum
1265 2717 1356 2761 mene.

624 2867 1020 2953 mmmmm&

249 3015 393 3076 Peculiari
417 3015 554 3074 lemmate
577 3014 681 3090 capitis
705 3012 878 3072 ostentanda
901 3013 955 3071 init
978 3030 1092 3074 summa
1115 3017 1168 3073 viri
1193 3017 1325 3088 vanitas,
1356 3019 1407 3094 qui
1430 3014 1505 3076 nihii

146 3107 175 3161 in
197 3104 253 3163 hoc
276 3106 388 3180 capite,
413 3109 614 3178 praeterquam
638 3099 712 3159 baec
735 3098 808 3157 duo:
838 3101 962 3177 primum
986 3101 1149 3176 concludit,
1174 3111 1245 3180 puto
1268 3111 1372 3164 ventos
1396 3107 1451 3164 reti
1475 3112 1505 3163 et

145 3209 254 3269 aquam
277 3191 386 3263 cribr0;
417 3187 521 3248 deinde
549 3189 700 3265 proponit,
732 3195 824 3246 turres
852 3187 964 3247 scilicet
987 3190 1014 3245 in
1039 3192 1114 3252 edre.
1161 3190 1241 3249 Satis
1262 3207 1411 3267 superque
1433 3207 1505 3270 pro·

142 3279 322 3359 'positionum
354 3276 408 3395 ipit
441 3284 503 3335 toto
535 3276 609 3334 libro
640 3283 668 3334 et
694 3275 757 3350 jam
785 3274 872 3332 modo
900 3273 957 3334 fine
984 3277 1087 3353 capitis
1116 3280 1164 3337 10.
1195 3276 1231 3339 de
1253 3280 1432 3355 portentosis
1456 3296 1505 3339 re·

145 3367 342 3426 tractionibus.
360 3360 374 3398 ²
391 3360 402 3442 )

186 3507 1455 3592 mmmmmmuffimmustmmuffifflm

252 3660 277 3715 l.
312 3653 398 3730 Quod
421 3657 509 3716 ruodo
531 3659 586 3717 sub
610 3658 697 3719 finem
720 3661 891 3737 capitis10.
915 3660 1032 3734 dictum,
1056 3660 1086 3719 id
1105 3659 1167 3734 jam
1191 3660 1220 3716 in
1244 3657 1347 3717 borum
1369 3662 1502 3738 capitum

145 3746 267 3803 materia
295 3752 417 3821 apparet
448 3747 647 3805 verissimum:
679 3755 707 3806 et
734 3748 857 3807 frontem
888 3746 1087 3807 claramontis
1117 3748 1252 3824 periisse,
1282 3753 1311 3804 et
1339 3748 1501 3807 cerebrum.

143 3832 280 3891 Frontem
303 3833 334 3887 in
357 3848 402 3904 eo,
427 3832 505 3906 quod
521 3832 622 3893 harum
639 3851 733 3893 rerum
750 3836 981 3911 imperitissimus
997 3834 1086 3895 audet
1102 3834 1222 3910 obloqui
1238 3830 1382 3909 Tychom,
1405 3837 1502 3910 perito

144 3918 262 3991 artifici,
287 3916 425 3995 quodque
449 3918 493 3992 id,
526 3920 603 3996 quod
627 3931 671 3981 tot
693 3924 870 3998 argumentis
894 3925 1076 3981 convincitur
1098 3940 1132 3981 ex
1157 3924 1228 3979 vitio
1252 3917 1420 3981 alterutrius
1445 3923 1503 3983 ob-

143 4008 318 4066 servationis
342 4023 415 4080 esse,
440 4006 528 4066 audet
551 4011 613 4086 ipse
636 4008 716 4067 nuda
738 4011 957 4069 asseveratione
979 4012 1042 4070 sine
1065 4017 1235 4086 argumento
1258 4007 1425 4068 refraenent
1447 4012 1501 4069 tri·

143 4095 250 4167 buere,
274 4110 383 4168 susque
408 4092 502 4170 deque
522 4094 623 4155 habita
646 4095 795 4173 Tycbonis
820 4095 986 4172 diligentie,
1012 4102 1040 4155 2.
1065 4098 1166 4173 quiin
1190 4099 1253 4173 ipso
1276 4092 1428 4156 horizonte
1451 4115 1501 4157 re-

142 4183 313 4242 tractionem
336 4196 394 4239 non
418 4180 559 4255 majorem
583 4186 694 4243 invenit
717 4186 758 4242 34
781 4185 909 4256 minutis,
935 4184 1056 4260 largitus
1078 4185 1134 4243 boc
1157 4186 1274 4260 insuper
1296 4180 1500 4264 Rotbmanno,

143 4271 171 4326 in
195 4269 331 4346 penitiori
355 4266 529 4329 Germaniae
553 4272 736 4344 continente,
768 4279 839 4348 puta
862 4270 1018 4345 Casseliis,
1050 4274 1209 4331 etiamnum
1232 4271 1349 4332 evenire
1372 4273 1500 4333 minores

142 4356 218 4431 illas,
242 4373 319 4432 quae
342 4355 494 4432 paululum
516 4375 605 4435 supra
629 4357 811 4418 horizontem
830 4356 982 4419 elevantur
1004 4357 1138 4435 adeoque
1160 4359 1202 4418 ibt
1224 4361 1309 4419 citius
1332 4360 1420 4419 etiam
1444 4359 1500 4421 de·

141 4446 236 4504 sinere
260 4460 324 4502 esse
346 4442 510 4516 sensibiles,
535 4462 624 4521 quam
646 4444 742 4506 sidera
765 4445 803 4506 ad
827 4442 883 4505 20⁰
905 4444 1068 4505 altitudinis
1092 4449 1272 4524 perveniant.

247 4533 273 4591 3.
306 4529 379 4590 Cum
404 4548 420 4591 e
443 4539 544 4590 contra
567 4532 733 4610 praeclarus
756 4536 811 4593 iste
835 4535 948 4610 opticus
972 4533 1196 4608 Claramontius,
1220 4543 1252 4593 ut
1273 4530 1313 4607 id,
1337 4531 1416 4608 quod
1441 4534 1500 4595 ob·

142 4620 316 4678 servationis
346 4634 424 4677 error
452 4629 512 4692 est,
547 4619 655 4680 audeat
676 4621 705 4677 in
730 4620 898 4698 despectum
921 4619 1069 4699 Tycbmis
1092 4623 1297 4681 nansscribere
1320 4620 1499 4698 retractioui,

142 4701 207 4779 plus
231 4723 318 4781 quam
338 4703 392 4762 11¹·
415 4705 614 4781 magnitudine
638 4725 703 4768 eum
726 4707 835 4768 inducit
858 4716 888 4769 et
909 4725 961 4783 per
984 4708 1219 4784 conjunctionem
1241 4704 1425 4785 pneumam
1449 4727 1500 4770 re-

141 4792 312 4854 tractionem
332 4808 407 4869 pene
431 4790 496 4851 20⁰.
