3284 5520
558 357 613 413 Seu
632 357 667 413 dc
685 359 753 414 Nive
772 359 930 429 sexangula.
1360 366 1426 435 721

55 520 104 609 if·
170 533 241 595 dam
264 537 289 596 si
313 534 350 596 ad
373 541 548 595 structuram
571 535 731 596 solidorum
754 554 842 613 quam
866 544 964 614 potest
989 538 1050 600 fleri
1080 542 1272 604 arctissimam
1303 563 1426 624 progre-

130 623 155 681 's
178 623 354 700 ordinesque
377 623 528 682 ordinibus
551 640 741 700 superponas,
769 628 798 681 in
821 624 910 701 plano
933 628 1014 704 prius
1037 637 1200 707 coaptatos,
1225 641 1276 693 aut
1297 634 1318 692 li
1342 643 1427 696 erunt

7 714 46 761 -·‘.
64 708 200 784 quadrati
223 709 274 790 (Α)
297 718 348 769 aut
370 712 504 787 trigonici
526 708 590 790 (B);
624 715 650 770 sl
673 710 824 788 quadrati,
849 720 901 771 ant

7 786 11 793 ’
61 796 173 872 singuli
195 797 276 873 globi
300 797 409 857 ordinis
431 800 588 874 superioris
611 799 734 875 singulis
749 807 900 875 supersta-
1139 786 1194 847 lig.
1216 792 1240 841 1.

62 882 137 941 bunt
160 883 269 945 ordinis
291 885 451 959 inferioris,
475 893 528 944 aut
550 893 662 958 contra,
686 887 795 963 singuli
819 885 900 943 ordi·

61 971 108 1028 nis
140 975 296 1047 superioris
325 973 469 1032 sedebunt
497 975 571 1032 inter
600 981 758 1049 quaternos
790 973 899 1032 ordinis

62 1057 216 1118 interioris.
261 1060 354 1119 Priori
384 1059 471 1119 modo
494 1062 625 1136 tangitur
647 1061 770 1137 quilibet
792 1060 898 1138 globus

61 1158 82 1203 a
104 1153 232 1220 quatuor
261 1149 514 1207 circumstantibus
544 1148 572 1204 in
596 1147 700 1208 eodem
721 1149 830 1225 plano,
860 1148 899 1207 ab

60 1247 122 1290 uno
146 1250 233 1310 supra
255 1251 288 1295 se
311 1243 340 1294 et
363 1236 401 1294 ab
424 1252 483 1294 uuo
507 1234 580 1294 intra
603 1248 644 1307 sq
667 1244 696 1294 et
719 1239 762 1294 sic
786 1239 814 1294 in
831 1236 899 1292 urri-

63 1336 180 1378 rersum
203 1340 222 1380 a
243 1339 294 1382 sex
311 1322 387 1395 aliis,
409 1325 522 1398 eritque
537 1322 608 1381 ordo
625 1323 756 1396 cubicus,
773 1331 802 1382 ct
817 1338 899 1382 com-

61 1408 212 1482 pressione
240 1411 318 1469 lacta
347 1410 418 1470 liant
447 1411 532 1482 cubi;
562 1408 613 1469 scd
639 1427 695 1468 non
720 1412 774 1469 erit
796 1411 900 1469 arctis·

60 1495 137 1552 sima
170 1500 328 1572 coaptatio.
382 1497 540 1556 Posteriori
575 1496 662 1555 modo
696 1505 899 1573 praeterquam

61 1580 140 1656 quod
172 1583 296 1660 quilibet
323 1585 472 1662 globusa
497 1591 622 1661 quatuor
645 1585 899 1643 circumstantibus

60 1669 91 1726 in
115 1669 218 1729 eodem
240 1671 330 1748 plano
354 1675 497 1749 tangitur,
525 1673 614 1730 etiam
637 1690 655 1731 a
679 1680 804 1748 quatuor
827 1671 901 1728 insra

59 1772 93 1814 sa
116 1764 145 1814 et
167 1775 186 1817 a
209 1768 335 1835 quatuor
357 1777 446 1836 supra
469 1776 517 1832 sc,
548 1767 578 1817 et
606 1761 649 1818 sic
678 1762 707 1817 iu
731 1761 900 1818 universum

60 1861 78 1901 a
103 1842 258 1904 duodecim
281 1854 432 1924 tangatur,
456 1846 585 1921 lienique
608 1849 823 1922 compressione
847 1864 882 1904 ex
906 1841 1038 1917 globosis
1060 1840 1220 1898 rhombica.
1268 1837 1347 1898 Ordo
1376 1839 1424 1899 bic

58 1933 154 2006 magis
177 1934 387 1994 assimilabitur
410 1935 547 1994 octa'e'dro
572 1942 600 1992 et
624 1933 778 2010 pyramidi.
824 1932 981 2007 Coaptatio
1004 1927 1055 1987 fiet
1077 1928 1255 2000 arctissima,
1288 1934 1321 1986 ut
1342 1926 1424 1985 nullo

58 2028 211 2093 praeterea
234 2020 334 2081 ordine
356 2022 454 2098 plures
477 2019 591 2095 globuli
614 2023 642 2078 in
667 2021 743 2079 idem
766 2038 820 2079 vas
844 2018 990 2093 compingi
1014 2024 1133 2091 queant.
1176 2013 1303 2073 Rursum
1327 2017 1351 2072 si
1376 2031 1424 2073 or·

59 2104 143 2164 dines
166 2108 194 2164 in
217 2108 308 2183 plano
331 2112 432 2169 suncti
456 2108 561 2167 iruerint
585 2111 735 2182 trigonici,
768 2119 837 2166 tunc
860 2110 889 2165 in
913 2105 1100 2180 coaptatione
1124 2101 1218 2161 solida
1241 2111 1293 2161 aut
1316 2102 1425 2177 singuli

57 2190 141 2266 globi
165 2193 273 2254 ordinis
295 2199 453 2273 superioris
476 2204 643 2272 superstant
661 2194 784 2271 singulis
801 2197 848 2250 in-

58 2279 186 2351 terioris,
210 2285 397 2358 coaptatione
419 2301 531 2343 rursum
556 2280 641 2354 laxa,
666 2291 718 2341 aut
740 2280 847 2356 singuli

57 2368 217 2442 superioris
240 2370 342 2430 sedent
363 2373 438 2432 inter
453 2379 550 2431 ternos
567 2370 718 2428 interioris.
754 2369 847 2426 Priori

58 2453 148 2513 modo
175 2459 304 2532 tangitur
331 2459 455 2535 quilibet
477 2459 584 2535 globus
607 2475 625 2516 a
647 2475 698 2517 sex
722 2458 848 2514 circum·

58 2543 206 2601 stantibus
234 2547 263 2602 iu
293 2544 395 2605 eodem
424 2545 531 2622 plano,
563 2543 601 2601 ab
625 2561 682 2601 uno
706 2560 795 2620 supra
818 2549 847 2602 et

59 2629 98 2687 ab
122 2645 180 2687 uno
203 2631 278 2690 inira
301 2650 341 2705 se,
365 2641 395 2692 et
417 2636 459 2692 sic
483 2636 510 2691 in
535 2631 702 2691 universum
724 2632 761 2689 ab
780 2637 846 2688 octo

58 2715 136 2778 allis.
184 2715 262 2777 Ordo
292 2720 492 2779 assmilabitur
521 2719 668 2796 prisciaci,
705 2726 734 2776 ct
764 2734 847 2775 com·

57 2806 210 2880 pressione
243 2807 321 2865 lacta
351 2807 421 2867 fient
450 2825 502 2884 pro
533 2803 662 2883 globulis
693 2805 847 2864 columnae

57 2909 161 2950 serrum
176 2891 300 2951 laterum
317 2895 582 2971 quadrangulorum
599 2892 780 2967 duarumque
793 2892 846 2949 ba·

58 2981 135 3036 sium
151 2981 386 3056 sexangularum.
416 2980 575 3041 Posteriori
592 2980 679 3038 modo
696 2979 745 3038 fiet
760 2977 846 3050 idem,

58 3064 139 3141 quod
168 3070 249 3143 prius
279 3071 430 3146 posteriori
461 3070 549 3129 modo
577 3070 604 3124 in
634 3067 847 3143 quadrilateris.

1110 2257 1165 2317 urg.
1188 2261 1214 2312 ἓ.

59 3153 131 3211 listo
155 3157 232 3213 euim
255 3155 280 3213 B
305 3157 411 3233 copula
435 3160 521 3217 trium
537 3154 701 3232 globorum.
739 3154 773 3211 Ei
796 3171 848 3210 su-

58 3243 232 3317 perponerl
256 3260 345 3302 unum
368 3261 420 3320 pro
445 3248 546 3321 apice;
577 3252 639 3299 esto
663 3251 692 3300 et
715 3239 772 3299 alia
796 3256 848 3298 co-

58 3327 130 3404 pula
153 3346 255 3389 senum
279 3331 447 3405 globorum,
472 3333 511 3405 C,
541 3338 569 3390 et
598 3328 656 3386 alta
679 3329 785 3387 denum
811 3327 847 3400 D,

58 3422 89 3474 et
118 3414 177 3475 alia
208 3418 386 3493 quindenum
411 3420 443 3477 E.
497 3419 618 3494 Impone
652 3433 765 3492 sempor
793 3432 847 3471 an·

58 3506 218 3578 gustiorem
252 3505 362 3579 latiori,
400 3515 432 3564 ut
465 3506 515 3565 fiat
552 3507 645 3581 ligura
678 3501 848 3580 pyramidis.

59 3590 123 3648 Etsi
162 3593 252 3666 igitur
288 3611 340 3668 pcr
376 3594 451 3653 hanc
491 3594 706 3669 impositionem
741 3588 848 3664 singuli

59 3679 225 3754 superiores
248 3679 385 3740 sederunt
407 3685 481 3740 inter
504 3685 594 3741 trinos
619 3679 778 3749 interiores,
802 3690 850 3733 ra-

60 3782 127 3823 ruen
147 3765 210 3841 jarn
234 3784 319 3826 versa
341 3767 444 3843 figura,
468 3777 500 3826 ut
520 3786 577 3826 non
598 3783 672 3841 apex
698 3764 749 3824 sed
772 3765 849 3821 intc-

59 3868 143 3928 grum
168 3853 245 3912 latus
267 3855 428 3932 pyramidis
452 3859 491 3914 sit
514 3856 579 3914 loco
599 3854 749 3928 superiori,
775 3867 850 3925 quo·

60 3942 117 3999 ties
132 3956 221 3998 unum
237 3940 389 4016 globulum
407 3942 573 4019 degluberia
590 3959 605 3999 c
621 3941 751 4010 summis,
777 3938 849 3994 intra
888 3940 895 3949 '

61 4028 183 4086 stabunt
206 4036 331 4103 quatuor
354 4030 454 4089 ordine
478 4030 630 4106 quadrato.
677 4028 713 4083 lit
738 4042 850 4081 rursum

60 4122 199 4190 tangetur
214 4133 289 4174 unns
305 4117 412 4191 globus
429 4126 460 4175 rrt
475 4121 556 4194 prius
572 4136 589 4174 a
606 4113 758 4172 duodecim
777 4112 850 4181 aliis,

61 4220 153 4261 asex
177 4220 281 4279 nempe
305 4207 560 4263 circumstantibus
584 4206 612 4260 iu
633 4199 850 4274 cadempleno,

61 4291 155 4348 tribus
178 4308 267 4367 supra
289 4301 319 4350 et
342 4294 434 4350 tribus
458 4293 539 4350 inira.
564 4292 610 4349 lta
634 4291 661 4344 in
684 4287 779 4345 solida
801 4303 852 4344 co-

913 4294 917 4331 l

62 4379 215 4454 aptatione
230 4379 392 4438 arctissima
408 4396 466 4437 non
482 4388 660 4455 potestesse
675 4373 745 4432 ordo
761 4376 852 4431 trian-
913 4334 917 4454 ξ

61 4464 174 4541 gularis
188 4467 250 4525 sinc
266 4466 502 4543 quadrangulari,
526 4482 579 4525 uec
594 4465 733 4522 vicissim.
767 4461 853 4518 l'atet
914 4454 918 4523 i

61 4553 162 4627 igitur,
187 4557 285 4612 acinos
300 4557 398 4628 punici
413 4554 492 4626 mali,
517 4551 660 4611 materiali
677 4549 852 4608 necessitate
1132 4612 1135 4621 ,

62 4649 252 4700 concurrente
276 4658 341 4700 curn
364 4643 528 4701 rationibus
552 4639 720 4699 incrementi
745 4638 908 4708 acinorum,
944 4635 1065 4710 exprimi
1090 4634 1117 4688 in
1143 4632 1263 4693 lisinam
1287 4628 1429 4685 rhombici

63 4729 207 4804 corporis,
239 4746 304 4786 curn
333 4745 390 4787 non
420 4730 533 4788 infestis
563 4727 705 4787 frontibus
734 4725 920 4800 pertinaciter
949 4725 1077 4780 nitantur
1106 4717 1221 4777 rotundi
1246 4736 1281 4775 ex
1305 4715 1429 4779 adverso

63 4817 152 4890 acini,
175 4813 227 4876 sed
246 4815 353 4876 cedant
368 4816 483 4894 expulsi
500 4818 530 4875 in
546 4817 644 4892 spatia
658 4815 731 4871 inter
744 4820 843 4871 ternos
860 4811 907 4871 rel
924 4818 1082 4887 quaternos
1099 4808 1252 4883 oppositos
1268 4803 1430 4878 interjecta.

143 4933 238 4988 maror
252 4933 336 4988 opm.
363 4935 415 4978 vm
1176 4917 1215 4972 46
