3284 5520
461 332 504 386 Ad
524 332 620 387 librum
640 332 674 386 ll.
695 332 909 403 Anti-Tychonis
928 348 988 403 cap.
1007 336 1034 389 4.
1363 333 1426 401 173

179 514 233 574 20.
270 509 340 572 dam
364 508 417 569 illa
437 506 561 570 ridicula
584 527 653 571 cura
676 518 721 571 est
743 510 851 586 videre,
874 513 968 572 unius
990 529 1026 573 ex
1050 510 1165 572 duobus
1187 513 1261 572 inter
1283 529 1314 573 se
1337 511 1426 589 plane

66 602 260 660 vicinissimis
283 596 399 661 circulis
420 600 518 674 portio
540 599 578 656 sit
601 597 640 672 id,
663 597 742 675 quod
766 617 801 659 ex
825 601 901 659 binis
921 601 1176 660 observationibus
1193 598 1315 673 elicitur,
1335 600 1427 659 dum·

66 688 158 748 modo
181 694 313 759 constet,
337 692 449 762 quanta
471 702 507 744 ea
529 687 568 743 sit
591 688 681 746 totius
704 686 803 745 circuli
826 690 872 746 sui
895 689 1005 764 portio,
1038 695 1152 747 utnon
1175 696 1320 763 repetam,
1345 688 1426 765 quod

66 775 156 835 modo
186 775 297 837 dictum
325 780 386 846 est,
418 771 454 832 de
484 772 579 830 diurni
600 782 698 833 motus
720 773 861 852 parallelo
884 774 932 833 hic
954 791 1012 834 nou
1036 792 1101 834 esse
1124 773 1331 851 cogitandum
1362 783 1425 834 esto

66 865 174 936 etiam,
208 862 243 923 de
273 862 391 938 proprio
421 867 517 918 motus
545 861 653 919 circulo
683 862 738 921 sub
765 861 831 922 fixis
858 865 999 921 incertam
1021 864 1059 921 sit
1081 862 1181 934 initio,
1212 861 1376 937 cujusmodi
1400 865 1425 920 is

67 953 187 1010 omniuo
211 951 259 1023 sit,
281 957 314 1007 st
334 946 406 1005 nibil
422 946 479 1006 hoc
494 946 624 1024 impedit,
647 947 754 1008 sufficit
768 948 815 1008 vel
832 953 962 1025 cogitatu
986 966 1036 1027 per
1061 950 1299 1009 observationum
1315 957 1424 1027 puncta

67 1038 229 1116 perlectum
251 1036 410 1095 maximnm
433 1033 552 1109 ducere,
577 1034 684 1094 suflicit
706 1038 794 1110 scire,
826 1044 938 1113 quanta
960 1037 1024 1112 ejus
1046 1038 1142 1113 portio
1166 1036 1252 1096 cadat
1275 1038 1350 1097 inter
1372 1037 1424 1096 illa

69 1125 127 1186 duo
150 1132 278 1203 puncta3
301 1121 382 1199 quod
405 1120 547 1197 reliquum
571 1130 624 1195 est,
646 1123 706 1198 jam
729 1140 765 1182 ex
787 1123 833 1183 bis
857 1125 983 1184 arcubus
1005 1124 1082 1182 ultro
1105 1122 1236 1182 discitur.

172 1215 225 1271 21.
263 1209 349 1269 Nune
372 1209 423 1268 illa
444 1211 653 1288 propositione,
675 1210 713 1269 ad
736 1227 825 1286 quam
839 1229 894 1270 nos
908 1211 1248 1288 disputator-remiserat,
1272 1212 1315 1269 sic
1331 1211 1424 1270 obitcr

72 1315 209 1371 excussa,
232 1295 411 1358 redeundum
435 1296 539 1356 estad
562 1297 746 1373 subjunctam
770 1301 983 1374 expositionem
1006 1301 1126 1357 rationis
1150 1297 1309 1375 Tyclronis,
1334 1315 1424 1357 aruir

68 1385 288 1445 distantiarum
311 1387 391 1442 iuter
412 1384 478 1444 loco
500 1387 575 1456 uisu,
598 1402 686 1459 opere
709 1386 939 1460 triangulorum
960 1394 1086 1459 sumtos,
1115 1389 1149 1443 in
1172 1385 1251 1444 idem
1271 1394 1424 1461 puuctum

68 1473 223 1549 eclipticas
245 1472 421 1546 collinam,
445 1471 520 1532 baec
542 1473 633 1532 verba
656 1473 757 1531 tribuit
778 1471 922 1549 Tyeboui.

170 1560 311 1620 Nominat
339 1560 427 1636 igitur
449 1558 552 1636 Tycbo
583 1576 666 1618 arcus
696 1559 1079 1631 distantiarumdistantias
1103 1557 1226 1618 duorum
1248 1565 1423 1635 punctorum

67 1649 139 1707 inter
160 1647 254 1721 lixas,
277 1648 372 1707 omnis
395 1648 573 1705 astronomia
596 1654 695 1706 ecnset
718 1664 784 1708 esse
807 1665 890 1706 arcus
915 1648 1015 1708 circuli
1037 1648 1170 1721 maximi,
1193 1664 1245 1723 per
1269 1656 1422 1724 utrumque

67 1744 206 1813 punctum
229 1734 319 1810 ducti,
343 1733 484 1792 mundum
505 1736 548 1793 sie
570 1735 599 1790 in
623 1741 721 1793 centro
743 1737 880 1794 secantis.
921 1735 1025 1812 Apage
1040 1737 1129 1811 igitur
1145 1734 1269 1793 circulos
1284 1737 1421 1797 minores.

69 1824 160 1882 Arcus
189 1839 247 1899 ope
273 1821 486 1898 triangulorum
514 1822 601 1880 sumti
628 1820 698 1897 qnid
727 1822 819 1880 sunt‘t
847 1821 1027 1899 Intelligisne
1057 1832 1104 1894 tu,
1136 1822 1207 1898 quid
1237 1821 1284 1880 bic
1313 1821 1420 1881 dicas?

68 1909 244 1984 dubitarem,
267 1910 324 1968 nisi
347 1915 436 1985 eaput
458 1915 540 1968 tuum
565 1909 592 1966 6.
616 1909 853 1984 pervolitassem,
879 1909 1025 1970 dubitabit
1048 1925 1116 1970 varo
1139 1909 1245 1983 lector,
1268 1911 1320 1984 qui
1342 1925 1419 1968 non-

69 1996 134 2057 dum
157 2013 195 2057 eo
217 2013 312 2073 usqua
334 2012 505 2074 progressus
528 2004 582 2055 est.

170 2083 334 2171 Explicabo
356 2085 444 2160 igitur
466 2085 495 2140 in
517 2082 595 2142 hunc
618 2090 765 2156 eventum,
789 2083 859 2159 quid
881 2084 997 2152 dixeris.
1022 2084 1119 2144 verbis
1134 2083 1313 2143 clarioribus.
1354 2084 1420 2144 Duo

69 2178 198 2232 cometae
220 2172 287 2231 loca
310 2170 425 2230 duabus
448 2170 703 2230 observationibus
724 2170 885 2248 explorata,
909 2171 1061 2247 quodlibet
1077 2188 1129 2248 per
1143 2189 1225 2229 suam
1242 2172 1270 2228 in
1286 2172 1424 2248 ecliptica

69 2257 279 2335 longitudinem
301 2275 377 2333 aque
400 2274 436 2317 sa
458 2256 651 2330 latitudinem,
674 2257 748 2317 baec
772 2261 890 2335 iuquam
911 2268 979 2318 sunt
994 2259 1045 2317 illa
1061 2259 1120 2317 duo
1137 2266 1252 2336 puncta,
1276 2276 1327 2334 per
1344 2276 1421 2336 quae

70 2344 204 2421 fingimus
227 2344 340 2405 traduci
364 2362 463 2404 arcum
487 2344 584 2405 circuli
608 2347 719 2421 magni,
751 2354 820 2405 tunc
848 2364 884 2406 ex
906 2346 951 2406 lris
975 2346 1051 2406 datis
1075 2363 1125 2423 per
1147 2354 1304 2422 praecepta
1327 2349 1421 2405 trian-

73 2433 203 2508 gulorum
227 2432 358 2492 elicimus
381 2449 480 2491 arcum
503 2433 656 2508 eclipticas
679 2434 753 2491 inter
775 2433 841 2492 loca
863 2434 999 2511 ecliptica
1021 2433 1144 2492 duorum
1168 2433 1271 2491 lrorum
1288 2441 1420 2493 cometae

71 2522 174 2578 situum
197 2527 226 2581 st
248 2522 323 2578 inter
345 2521 504 2580 sectionem
527 2519 615 2595 liujus
637 2522 735 2595 magni
758 2521 859 2579 circuli
883 2539 949 2580 cum
965 2520 1108 2598 ecliptica.
1147 2519 1212 2580 Hoc
1228 2521 1317 2596 igitur
1331 2530 1420 2598 pacto

71 2624 149 2667 arcus
172 2607 297 2683 quilibet
321 2606 477 2666 distantiae
501 2606 623 2666 duorum
648 2607 786 2679 locorum,
811 2608 839 2665 id
864 2617 908 2668 est
930 2609 1055 2668 circulus
1077 2624 1200 2683 maguus
1223 2624 1275 2683 per
1294 2607 1345 2667 illa
1362 2608 1420 2667 duo

71 2693 131 2754 loca
153 2694 316 2767 traductus,
340 2696 489 2767 collineot,
514 2695 542 2752 id
567 2704 611 2754 est
634 2697 820 2754 continuatur
841 2695 879 2754 ad
903 2696 1053 2774 eclipticae
1076 2703 1186 2754 certum
1209 2702 1358 2772 punctum,
1382 2695 1419 2754 ad

71 2789 195 2842 mutuam
218 2783 354 2841 nimirum
377 2784 546 2841 sectionem.
593 2781 703 2840 Partim
726 2784 814 2858 igitur
836 2784 942 2844 latetur
965 2787 1027 2861 ipse
1051 2791 1165 2855 auctor,
1190 2782 1361 2859 Tycbonem
1383 2783 1420 2842 de

45 2944 48 2949 ι
72 2869 180 2928 circulis
202 2870 337 2929 maximis
362 2869 459 2944 loqui,
484 2871 588 2946 partim
611 2872 707 2945 ipsum
730 2870 870 2929 latentem
892 2872 963 2944 lroc,
993 2870 1046 2930 sed
1062 2866 1298 2929 'balbutientibus
1322 2869 1419 2943 labiis,

72 2973 120 3034 ego
142 2955 256 3032 adjuvi.
302 2957 423 3015 Frustra
446 2973 515 3033 ergo
538 2956 588 3017 lol.
615 2958 685 3016 118.
712 2957 817 3015 vulnus
841 2958 944 3017 inflixit
968 2959 1175 3019 existimationi
1198 2956 1362 3034 Tycbonis,
1386 2964 1420 3016 ut

72 3044 182 3122 inipso
204 3044 331 3121 vestigio
352 3061 456 3103 sanare
480 3045 583 3104 iterum
607 3053 722 3120 possets
746 3047 949 3121 praestitisset,
974 3049 1001 3103 in
1025 3045 1075 3104 illo
1094 3046 1260 3122 pepercisse
1274 3043 1418 3123 Tycboui,

72 3132 95 3189 in
115 3130 172 3192 hoe
193 3148 266 3192 suae
288 3148 405 3207 operae.

168 3217 228 3278 Sed
250 3221 371 3278 nimium
393 3220 509 3296 proprie
532 3235 666 3278 reversus
690 3237 754 3277 sum
777 3219 814 3278 ad
838 3218 888 3278 iol.
916 3220 985 3278 118.
1010 3220 1122 3279 Rursus
1146 3236 1192 3278 me
1214 3218 1293 3279 linea
1315 3218 1419 3280 ultima

70 3304 154 3380 rejicit
177 3304 215 3365 ad
238 3306 437 3380 lolium1053
460 3306 532 3364 dicit
553 3307 592 3365 ibi
616 3324 648 3368 ss
670 3306 759 3366 aliam
782 3307 925 3366 indicasse
951 3309 1129 3381 instantiam,
1154 3325 1205 3366 cur
1226 3323 1285 3366 uon
1308 3324 1417 3382 sequa·

71 3400 122 3467 tar,
147 3400 181 3452 ut
203 3410 288 3452 arcus
313 3393 441 3452 distincti
464 3410 565 3452 cursus
588 3396 720 3455 cometlei
743 3403 898 3472 propterea
921 3394 1146 3454 subordinentur
1168 3393 1276 3453 circulo
1299 3410 1416 3470 magno,

70 3482 131 3554 quia
162 3479 201 3539 ad
234 3481 313 3540 idem
346 3480 499 3559 eclipticas
533 3488 672 3557 puuctum
704 3498 804 3541 ornnes
835 3481 1000 3545 collineant
1044 3480 1235 3560 Regredimur
1263 3483 1351 3557 igitur
1379 3479 1417 3541 ad

69 3565 109 3626 lol.
136 3567 216 3642 105,
246 3575 279 3628 ut
311 3570 405 3627 omnis
436 3567 488 3627 illa
515 3570 660 3644 expositio
688 3571 810 3629 rationis
833 3569 1020 3647 'l'ycbonicae
1048 3564 1245 3644 examinetur,
1277 3571 1417 3628 instantia

69 3653 226 3732 repellatur.

165 3742 253 3803 Initio
277 3743 410 3802 mirabile
433 3742 566 3818 Tycboni
590 3742 726 3803 dilemma
749 3744 850 3802 tribuit
871 3751 982 3803 auctor.
1028 3743 1059 3804 Si
1083 3743 1141 3803 duo
1164 3760 1250 3802 arcus
1272 3742 1339 3816 ΕΒ,
1370 3742 1417 3803 LS

68 3827 92 3885 in
115 3827 197 3889 idem
221 3828 380 3891 collineant
401 3831 553 3908 eclipticas
575 3839 724 3907 punctum,
748 3839 817 3891 tune
840 3838 936 3890 motus
958 3830 1032 3891 ELS
1054 3838 1099 3892 est
1122 3847 1207 3891 arcus
1230 3830 1330 3890 circuli
1352 3848 1417 3891 ma·

67 3916 137 3974 rimi.
184 3915 269 3977 Haec
291 3917 365 3977 bene
389 3917 514 3990 babent,
534 3918 597 3992 Jam
620 3935 705 3996 porro
729 3921 821 3995 arrige
844 3935 937 3978 aures.

66 3999 200 4063 disfacit
222 4004 391 4082 Tycbonem
414 4011 600 4081 pergentem:
631 4009 656 4064 si
686 4009 762 4065 enim
786 4005 857 4066 ELS
880 4023 938 4065 non

66 4097 103 4148 tst
131 4107 218 4151 arcus
249 4092 349 4152 circuli
371 4095 506 4166 maximi,
539 4110 608 4170 ergo
631 4093 695 4167 EL,
724 4093 771 4152 LS
801 4093 849 4152 rel
872 4102 941 4152 sunt

66 4175 182 4237 drumm
213 4178 393 4239 diversorum
424 4178 595 4239 circulorum
624 4183 817 4240 manimomm
844 4197 938 4255 arcus,
983 4166 1001 4213 ⁰

65 4264 104 4324 rel
127 4268 216 4326 unius
238 4274 268 4326 et
290 4266 431 4344 ejusdem.
475 4267 581 4327 Nullus
611 4286 739 4343 unquam
769 4266 939 4328 dialectico·

64 4368 129 4427 rom,
153 4362 288 4432 porrecta
307 4354 475 4414 adversario
491 4372 545 4414 sua
559 4358 716 4432 negatione
732 4364 761 4416 et
776 4358 818 4414 sic
831 4358 938 4433 posito,

66 4439 138 4515 quod
160 4441 212 4501 ille
235 4441 299 4500 rult
320 4449 353 4501 ut
375 4442 413 4502 ad
436 4443 617 4520 impossibile
641 4443 741 4518 ducat,
772 4440 870 4502 nullus
893 4444 939 4501 in·

66 4542 147 4601 quam
166 4529 231 4603 luit,
256 4531 305 4606 qui
322 4548 358 4590 ex
373 4547 418 4605 eo,
442 4530 521 4606 quod
537 4533 579 4590 sic
595 4531 723 4606 largitur,
746 4533 844 4590 statim
859 4528 939 4590 nullo

66 4614 118 4674 rlio
149 4617 321 4692 interposito
350 4620 540 4694 consequenti
567 4618 671 4678 inierat
692 4619 756 4694 ejus
779 4617 858 4695 quod
880 4617 940 4677 lar-

66 4703 194 4775 giebatur
223 4704 476 4765 contradictorium
505 4705 586 4766 velut
617 4705 796 4780 consessum,
832 4708 940 4783 quippe

68 4789 140 4865 quod
162 4790 230 4853 idco
252 4794 453 4854 remittebatur
475 4791 657 4868 adversario,
689 4795 760 4870 quia
789 4795 852 4855 sine
873 4792 940 4854 lon·

981 4319 1002 4364 P
