3284 5520
667 340 709 395 De
727 340 855 396 Cornelis.
1394 340 1436 408 11

92 531 165 579 supra
184 518 341 565 horizontem
361 515 410 568 1o⁰
426 516 467 565 ed
484 516 534 568 20⁰
551 516 583 582 c.)
602 520 628 567 lu
647 533 697 567 una
714 524 782 568 reeta
800 518 878 579 linea,
901 519 937 566 lta
955 522 1050 581 umen,
1073 523 1101 566 nt
1119 518 1222 566 australi
1241 519 1317 566 haerit
1333 519 1440 567 vicinior

91 602 161 651 quam
182 588 287 649 boreali,
307 601 362 636 eum
382 586 461 635 cauda
479 589 541 636 satis
560 587 644 652 longa,
663 589 706 637 sed
725 590 774 636 rarl
792 590 904 640 luminis.
935 586 1011 636 Plura
1029 589 1060 636 de
1077 590 1125 637 hac
1141 603 1168 636 re
1186 600 1252 652 quae
1270 591 1376 636 scribam
1388 601 1439 637 non

92 659 171 705 haheo.
210 657 352 706 Monachus
375 657 517 719 praedictus
543 660 631 708 sociem
654 667 764 708 cometae
783 660 845 707 mihi
864 659 995 719 descripsit
1014 672 1063 706 uon
1083 659 1192 707 lucidam
1211 664 1236 705 et
1253 656 1439 721 scintillantem,

91 728 164 788 qualis
191 729 253 775 mihi
276 732 418 776 monstrata
440 727 502 792 init,
528 729 572 776 sed
596 729 719 790 pallidam
744 735 769 776 et
794 730 990 792 subobscuram3
1015 727 1098 789 qualis
1117 728 1182 790 apud
1201 743 1245 775 ros
1264 729 1352 791 tuerit,
1376 729 1440 777 scire

90 811 155 845 areo.
194 798 258 845 Nam
278 812 323 858 ego
342 797 466 845 hamerina
483 798 545 846 mihi
563 801 690 859 persuasi,
713 797 823 846 alienum
843 813 895 847 esse
914 805 1035 846 enatura
1055 806 1218 858 cometarum,
1244 803 1273 845 ut
1290 797 1441 860 splendeant

91 875 111 913 et
125 865 281 915 scintillent:
302 869 324 915 si
343 868 465 932 decipior,
484 876 511 916 tu
530 883 625 932 quaeso
644 882 683 918 me
700 883 782 918 mone.
813 868 890 917 Plura
907 882 973 917 nunc
992 883 1042 916 non
1061 868 1161 931 addam,
1179 882 1211 916 ne
1229 868 1277 915 tlbl
1295 869 1342 915 sim
1360 870 1440 930 inlpe-

91 937 204 1000 dimento,
225 952 282 985 cnm
301 939 385 999 potins
406 944 489 999 optem
507 938 669 1000 coadjuvare
688 944 714 986 et
730 946 834 988 conatus
850 946 915 999 tuos,
933 940 956 986 si
975 953 1025 1001 qua
1043 941 1141 987 ratione
1158 952 1266 1002 possem,
1285 951 1438 1000 promovere.

189 1024 346 1087 lieplerus
365 1025 495 1086 respondit
513 1026 537 1077 d.
558 1028 600 1077 30.
619 1026 683 1077 Nov.
702 1027 783 1076 1607:

190 1110 250 1186 Qui
279 1114 357 1189 prior
384 1113 529 1173 monacho
557 1123 608 1175 tuo
631 1123 773 1175 cometam
798 1113 918 1187 viderit,
949 1131 1007 1173 non
1032 1113 1130 1172 audio.
1176 1112 1375 1184 sustineo,
1409 1119 1440 1170 ut

91 1201 274 1275 appetentias
298 1201 389 1276 ipsius
413 1218 449 1259 ex
471 1210 551 1262 recta
572 1201 651 1263 linea
666 1203 833 1279 trejectoria
846 1211 988 1276 motuque
1004 1200 1130 1259 Telluris
1143 1200 1267 1261 salvem.
1308 1198 1440 1258 Pallidus

93 1286 205 1345 omnino
229 1287 285 1346 luit
309 1294 338 1345 et
360 1287 472 1348 candae
495 1285 622 1366 ἀμορος,
651 1290 703 1348 sed
726 1292 775 1365 qui
800 1297 897 1348 tamen
917 1288 1098 1364 jaculatione
1120 1291 1274 1366 utebatur,
1296 1294 1329 1346 nt
1352 1286 1441 1346 chas-

92 1384 180 1447 neta3
205 1373 275 1432 hino
296 1379 426 1433 nascitur
449 1392 527 1435 nova
549 1377 722 1457 hypothesis
744 1376 878 1454 physica.

190 1459 231 1507 hd
250 1460 312 1509 haec
330 1461 543 1526 Breuggerus,
562 1464 697 1526 respiciens
716 1464 800 1511 literas
820 1462 921 1524 Kepleri
941 1456 1119 1526 (deperditas),
1139 1461 1230 1522 quibus
1250 1458 1372 1522 Keplerns
1391 1458 1438 1508 atl-

90 1535 203 1591 junxerat
228 1529 342 1578 libellum
367 1546 440 1579 sunm
462 1536 605 1592 germanica
627 1531 715 1593 lingna
740 1535 859 1593 scriptum
879 1532 909 1579 de
928 1536 1023 1579 cometa
1041 1531 1099 1578 anni
1120 1531 1200 1592 1607,
1227 1531 1369 1593 praemissis
1387 1530 1440 1578 die·

91 1600 267 1662 quisitioulbus
286 1603 376 1662 opticis
396 1603 452 1652 teir.
473 1604 520 1651 vol.
540 1604 570 1654 ll.
591 1618 615 1666 p.
636 1605 669 1651 60
687 1602 730 1664 ss.)
749 1604 785 1651 sic
804 1601 947 1663 rospondit:
967 1638 974 1651 .
995 1637 1001 1650 .
1022 1639 1027 1651 .
1053 1600 1205 1661 Scripseram
1230 1603 1291 1649 haec
1313 1603 1364 1661 lam
1391 1600 1439 1648 du-

92 1672 157 1730 dum,
188 1684 275 1718 verum
298 1674 330 1719 ob
354 1673 472 1719 continua
494 1675 615 1737 quaedam
633 1674 767 1721 multorum
786 1672 882 1720 dierum
899 1673 992 1720 itinera
1010 1668 1140 1732 epistolam
1159 1671 1288 1718 absolvere
1306 1676 1331 1717 et
1348 1669 1382 1717 ad
1403 1669 1438 1717 Te

92 1741 201 1799 ablegare
226 1741 337 1800 neglexi.
372 1743 473 1790 Interim
497 1745 547 1791 alia
565 1759 581 1792 a
599 1745 634 1792 Te
657 1744 719 1791 mihi
741 1744 844 1791 atlertnr
868 1755 920 1790 utra
944 1756 1000 1789 cnm
1018 1745 1124 1788 tractatu
1143 1741 1197 1788 Tuo
1216 1741 1246 1789 de
1265 1744 1361 1788 cometa
1379 1739 1440 1800 anni

92 1811 222 1873 praeteriti,
242 1810 272 1857 de
290 1826 341 1874 qno
357 1811 481 1872 judicium
500 1828 581 1862 meum
601 1815 714 1874 requiris.
753 1813 804 1872 Ego
817 1827 883 1874 raro,
903 1813 937 1859 mi
952 1811 1083 1872 llepplere,
1103 1813 1211 1871 optarim
1230 1812 1299 1872 prius
1319 1810 1441 1871 scriptum

92 1890 154 1929 tuum
173 1878 284 1927 latinum
304 1881 334 1929 de
353 1882 400 1929 bac
418 1884 525 1930 materia
544 1882 680 1947 perlegere,
704 1885 730 1930 in
757 1898 805 1944 quo
829 1890 923 1929 motum
949 1884 1002 1942 elus
1024 1881 1195 1940 trajectorinm
1215 1880 1397 1943 descriptorum
1417 1886 1441 1927 te

93 1951 224 2013 polliceris,
244 1952 288 1998 ubl
305 1951 392 2014 procul
411 1951 488 2000 dubio
507 1954 619 2009 schema,
638 1953 704 2015 qnod
722 1955 862 2013 germanico
881 1950 967 1999 libello
986 1950 1138 2014 praefixisti,
1158 1950 1311 2011 explicabis;
1330 1954 1440 1997 attamen

93 2029 116 2069 ut
131 2023 181 2069 tibi
199 2034 314 2080 paream,
338 2035 419 2083 panca
442 2023 566 2085 quaedam
584 2025 727 2083 subliciam.
764 2022 839 2082 Qtrod
858 2023 954 2071 coelum
973 2021 1075 2069 cometis
1094 2033 1143 2067 uon
1163 2034 1234 2068 secus
1252 2033 1281 2066 ae
1299 2032 1367 2066 mare
1385 2021 1439 2080 pis·

94 2090 159 2143 cibus
178 2091 296 2139 refertum
314 2093 417 2154 scribis,
442 2094 464 2140 si
486 2094 534 2141 tibi
553 2108 634 2142 sermo
651 2098 688 2142 est
707 2093 738 2141 de
757 2094 860 2141 cometis
876 2095 930 2153 jam
948 2092 1079 2148 termetis,
1104 2104 1153 2138 non
1172 2091 1300 2152 assentlo;
1326 2089 1442 2137 namsia

94 2168 113 2208 et
132 2162 285 2224 crebriores,
309 2162 360 2208 imo
384 2159 434 2209 iere
460 2176 557 2224 semper
582 2171 606 2211 et
630 2161 713 2225 plnres
732 2161 808 2210 simul
826 2176 876 2210 uon
896 2176 949 2210 raro
968 2168 1124 2223 apparerent.
1160 2160 1188 2209 Si
1205 2175 1264 2208 vero
1285 2159 1315 2207 de
1334 2160 1441 2207 materia

94 2238 241 2278 cometarum
260 2244 303 2292 per
322 2229 419 2278 coelum
438 2232 529 2280 diflusa
547 2238 571 2280 et
589 2248 675 2295 sparsa
692 2231 817 2296 loqueris,
840 2246 905 2296 qnae
930 2231 1020 2279 deinde
1039 2229 1076 2276 rel
1097 2244 1155 2277 casu
1174 2227 1213 2277 vel
1233 2227 1382 2278 naturaliter
1401 2226 1442 2277 vel

95 2301 240 2348 miraculose
258 2301 398 2350 coacervari
417 2307 442 2348 et
459 2302 485 2349 ln
505 2310 627 2350 cometam
647 2303 792 2363 conglobari
809 2304 905 2366 possit,
932 2308 1013 2349 merim
1032 2300 1104 2347 iaclo.
1141 2298 1275 2359 Vulgarem
1295 2299 1441 2360 peripateti·

95 2383 171 2418 corum
190 2369 336 2430 opinionem
356 2370 387 2418 de
405 2384 489 2419 eorum
507 2374 621 2432 materia,
640 2388 654 2420 e
671 2374 776 2421 terrenis
789 2370 993 2420 exhalationibus
1008 2370 1128 2423 desumta¹
1148 2369 1242 2417 dudum
1256 2368 1442 2430 explodendam

95 2440 292 2500 straliciendam
311 2449 393 2488 tecum
411 2446 503 2489 statuo.
540 2442 613 2502 Quod
636 2447 720 2491 autem
744 2445 770 2490 in
796 2443 866 2490 coelo
891 2456 988 2502 semper
1006 2453 1072 2488 nova
1089 2447 1252 2499 generentur,
1275 2438 1444 2488 necessarlum

94 2525 139 2558 esse
165 2523 216 2557 non
241 2518 318 2572 puto,
342 2511 466 2574 siquidem
491 2519 601 2561 cometae
624 2528 674 2561 non
692 2514 858 2561 absumuntur
876 2518 920 2561 aut
938 2513 964 2558 in
982 2512 1089 2559 nihilum
1109 2509 1267 2569 rediguntur,
1292 2509 1334 2556 sed
1354 2507 1444 2555 saltem

95 2581 258 2642 dissipantur,
286 2582 388 2627 materia
414 2595 498 2630 eornm
524 2585 657 2643 superstite
680 2588 811 2644 manente,
838 2596 904 2646 quae
927 2583 953 2629 in
976 2578 1045 2628 coelo
1065 2579 1123 2625 binc
1142 2579 1201 2627 inde
1219 2579 1273 2626 sina
1293 2577 1379 2626 ordine
1398 2581 1444 2625 aut

94 2651 174 2710 regula
187 2655 339 2708 rogaturae
351 2650 462 2713 tandem,
481 2650 520 2700 rel
540 2657 626 2699 natura
646 2655 767 2712 exigente,
788 2649 826 2700 vel
839 2652 892 2700 Deo
908 2652 1020 2711 lubente,
1040 2649 1121 2697 denuo
1137 2647 1265 2709 colligitur
1283 2655 1307 2695 et
1319 2648 1345 2694 in
1359 2660 1442 2696 come-

94 2728 139 2767 tam
159 2719 328 2769 condensatur
346 2721 420 2768 modo
438 2724 564 2784 majorem,
584 2723 658 2770 niodo
675 2723 803 2787 minorem,
822 2736 867 2784 pro
885 2722 982 2768 ratione
1002 2720 1087 2780 coplae
1106 2724 1151 2766 aut
1168 2719 1306 2780 paucitatis
1325 2717 1444 2764 materiae

95 2792 228 2838 cometicae
247 2789 396 2839 confluentis
414 2796 460 2839 aut
477 2797 616 2852 congestae.
653 2793 679 2841 Sl
700 2799 783 2840 sutem
801 2791 953 2849 dixerimus,
979 2803 1069 2838 noram
1088 2788 1194 2836 subinde
1214 2790 1343 2838 materiam
1361 2800 1444 2835 come·

95 2862 164 2908 ticam
184 2859 292 2921 produci
310 2866 335 2909 et
351 2862 471 2926 generari,
491 2875 546 2909 eum
565 2864 756 2924 praeteritorum
775 2868 927 2910 cometarum
940 2861 1051 2908 nondum
1064 2859 1177 2906 absumis
1191 2864 1236 2906 aut
1247 2873 1261 2905 e
1274 2856 1343 2907 carelo
1357 2857 1444 2903 detur-

94 2931 147 2978 bata
171 2931 217 2992 alt,
247 2930 453 2987 tandemtotum
477 2932 575 2980 coelum
599 2933 723 2981 oblusoari
747 2939 772 2980 et
793 2945 862 2979 suam
887 2931 1096 2993 diophaneitatem
1122 2929 1235 2977 amittere
1254 2941 1354 2975 necesse
1372 2928 1444 2976 soret.

95 3001 177 3062 Taceo,
197 3000 266 3063 quod
286 2999 391 3049 dlltleile
410 3006 448 3049 est
465 3003 598 3066 assignare,
617 3003 684 3052 unde
703 3003 806 3050 materia
825 3002 869 3049 illa
888 3009 912 3048 st
929 3016 943 3048 a
962 3014 1012 3064 qno
1031 2998 1195 3061 producatur;
1216 3011 1275 3045 nam
1288 2994 1445 3058 planetarum

94 3071 171 3129 globis
190 3070 308 3117 humores
326 3076 351 3117 et
368 3069 540 3118 exhalationes
559 3086 601 3119 seu
620 3073 724 3121 sudores
742 3072 883 3119 adscribere
902 3071 977 3131 plane
995 3065 1095 3120 ἄτοπον
1113 3070 1226 3119 arbitror.
1263 3068 1330 3131 lmo,
1355 3079 1445 3130 quem·

96 3140 230 3189 admodum
255 3137 425 3189 exhalationes
450 3146 561 3189 terrenae
585 3143 650 3190 circa
668 3144 770 3203 globum
789 3143 879 3190 Terrae
898 3142 1007 3188 resident
1025 3141 1098 3203 elque
1116 3138 1264 3199 adhaerent,
1291 3142 1319 3183 ut
1337 3134 1445 3184 elemen-

95 3217 168 3258 tarem
196 3211 322 3269 regionem
346 3224 396 3257 non
421 3211 622 3275 transscendaut,
647 3214 683 3259 ita
701 3209 872 3260 exhalationes
891 3209 1046 3272 pllerretarum
1066 3207 1097 3273 (sl
1116 3222 1181 3272 qnae
1200 3209 1252 3256 illis
1271 3207 1446 3263 concedantur)

95 3293 205 3343 quasque
225 3280 290 3328 circa
307 3277 396 3339 globos
414 3294 473 3328 suos
491 3281 592 3329 haerere
611 3287 636 3330 et
654 3295 814 3347 nequaqnam
833 3282 863 3328 ab
883 3282 934 3328 illis
953 3281 1025 3327 avelli
1044 3284 1087 3326 aut
1099 3280 1124 3327 in
1138 3276 1201 3325 coeli
1214 3278 1325 3339 spatium
1338 3274 1448 3325 diiiundl

95 3348 228 3397 verisimile
246 3355 290 3397 est.

196 3418 270 3478 Quod
297 3425 392 3467 motum
415 3424 567 3469 caimetarum
592 3421 737 3469 circularem
762 3436 815 3470 esse
839 3434 914 3480 negas
938 3432 1046 3481 eumque
1069 3422 1162 3465 rectum
1186 3417 1354 3477 trajectorium
1373 3413 1446 3473 lacis,

95 3485 251 3552 hice'na1rar
269 3491 350 3545 malo,
369 3503 444 3553 quam
462 3491 598 3555 quicquam
618 3498 709 3539 temere
728 3493 840 3556 eitutire,
868 3491 946 3538 donee
965 3489 1187 3537 demonstrationes
1205 3485 1245 3534 vel
1263 3487 1352 3534 saltem
1372 3498 1447 3544 argu·

96 3567 174 3607 menta
192 3566 236 3606 tua
254 3559 349 3609 videro.
382 3559 478 3607 Novum
498 3561 545 3609 hoo
564 3566 601 3608 est
619 3566 643 3608 et
662 3563 803 3623 anemius,
823 3561 893 3625 qnod
910 3562 994 3623 sciam,
1015 3561 1135 3606 hactenus
1153 3556 1282 3606 traditum.
1314 3556 1344 3604 ld
1361 3565 1446 3603 tamen

96 3631 191 3677 laaliins
216 3628 310 3677 salvari
334 3643 406 3692 posse
428 3631 459 3678 ab
483 3645 527 3693 eo,
553 3631 597 3694 qul
615 3631 714 3679 Terram
739 3633 764 3679 in
788 3638 872 3680 centro
897 3630 982 3677 mundi
1009 3629 1114 3677 collocat
1132 3640 1237 3688 eumque
1255 3626 1445 3675 convertibilem

96 3699 160 3763 iacit,
179 3706 208 3746 nt
226 3699 364 3760 liemarus
382 3700 468 3760 Ursus,
483 3713 559 3764 quam
579 3702 623 3763 qni
640 3699 711 3750 illam
731 3702 756 3749 ln
775 3702 898 3748 aetherem
916 3700 1003 3755 elevat,
1023 3706 1050 3745 ut
1069 3695 1228 3760 Gopernicns,
1248 3709 1345 3746 censeo.

195 3769 271 3830 Quod
293 3769 359 3818 radii
377 3770 471 3818 solares
494 3771 647 3818 transeundo
670 3784 714 3832 per
737 3771 839 3831 globum
863 3773 974 3818 comeus
1000 3768 1095 3831 aliquid
1115 3768 1145 3814 de
1163 3768 1271 3815 materia
1290 3769 1343 3825 eius
1363 3778 1446 3814 secum

98 3841 193 3902 rapiant
212 3842 239 3887 in
257 3845 354 3901 partem
373 3841 514 3903 oppositam
532 3845 557 3887 et
575 3842 612 3889 lta
630 3842 771 3899 absumant,
789 3838 937 3888 diitlcultate
956 3853 1004 3886 nou
1021 3844 1095 3886 caret.
1128 3835 1177 3885 Gur
1190 3838 1255 3885 enlm
1270 3837 1304 3884 uil
1318 3834 1367 3883 tale
1380 3835 1447 3896 epod

97 3923 137 3958 nos
160 3911 319 3971 esperimus?
346 3909 468 3958 Videmus
486 3910 601 3974 quidem,
625 3910 693 3974 quod
712 3909 755 3959 Sol
774 3909 892 3970 nebulas,
917 3911 996 3958 nubes
1015 3914 1040 3955 et
1057 3907 1168 3971 liquores
1187 3908 1321 3972 absumat,
1346 3905 1372 3953 id
1390 3920 1448 3952 rerer

98 3993 142 4027 nou
161 3980 224 4026 lacit
241 3980 410 4040 protrudendo
429 3986 453 4026 et
472 3980 589 4041 rapiendo
608 3994 693 4029 eorum
712 3981 878 4027 substantiam
897 3981 923 4027 in
942 3983 1036 4040 partem
1050 3991 1163 4025 aversam
1179 3990 1222 4026 seu
1236 3978 1385 4038 oppositam,
1403 3974 1447 4023 sed

99 4048 243 4097 attrahendo
261 4056 286 4095 et
303 4048 425 4097 eliciendo
444 4064 547 4111 vapores
566 4064 596 4098 ex
616 4058 684 4111 parte
703 4052 752 4098 sihi
770 4052 881 4098 obversa.
905 4050 937 4096 Et
955 4062 1011 4096 cum
1030 4048 1094 4095 radii
1109 4045 1175 4096 Solis
1193 4047 1244 4094 sint
1262 4042 1448 4104 immateriales,

99 4133 142 4167 non
160 4119 251 4182 rideo,
276 4120 400 4181 quomodo
420 4125 505 4182 raptus
523 4119 566 4167 ille
584 4122 701 4168 materiae
719 4125 831 4167 cometae
848 4121 875 4167 ln
895 4120 1037 4180 oppositum
1056 4118 1108 4165 neri
1127 4119 1214 4178 possit.
1252 4116 1341 4175 Putas,
1359 4127 1448 4178 quem-

100 4189 229 4237 admodum
251 4189 385 4238 linteorum
403 4187 513 4238 maculae
531 4204 546 4237 a
564 4190 622 4238 Sole
640 4191 806 4252 dissipantur,
829 4191 866 4238 ita
884 4191 938 4251 ipsa
957 4190 998 4236 illa
1017 4202 1116 4250 quoqne
1134 4201 1218 4235 eornm
1238 4184 1408 4246 absumenda,
1427 4184 1448 4231 ai

100 4261 144 4307 sint
162 4259 298 4321 pellucido.
335 4260 384 4309 Sed
402 4273 480 4325 erras3
500 4260 579 4308 multa
596 4263 662 4309 enim
681 4274 787 4322 corpora
804 4266 864 4308 strnt
882 4260 1020 4322 diophane,
1038 4272 1103 4321 quae
1117 4263 1199 4305 nmen
1212 4270 1261 4304 uon
1274 4257 1449 4305 absumuntur.

100 4331 130 4376 sic
147 4330 240 4392 etiam,
266 4330 315 4377 nisi
339 4327 381 4376 tila
403 4329 454 4376 sint
478 4324 610 4393 liquabilia
635 4336 660 4379 et
684 4331 710 4378 in
729 4328 822 4377 halitus
840 4327 1001 4389 resolubilis,
1025 4341 1153 4391 uunquam
1170 4341 1184 4373 s
1202 4325 1260 4374 Sole
1278 4327 1449 4374 absumentur.

101 4397 204 4446 h'ebnlas
222 4413 280 4446 rere
299 4399 443 4461 depascitur
460 4398 503 4447 Sol
523 4398 617 4466 calore,
636 4400 695 4448 darm
713 4398 880 4448 calefaciendo
899 4412 940 4446 eas
958 4403 1083 4460 attenuat,
1103 4396 1254 4444 attenuando
1273 4394 1368 4450 dilatat,
1386 4391 1449 4440 dila·

100 4470 171 4516 tando
190 4469 307 4534 dissipat,
326 4468 471 4530 dissipando
489 4470 613 4527 absumit,
632 4484 681 4519 nora
701 4471 802 4534 quidem
820 4471 847 4517 tn
865 4471 972 4518 nibilum
991 4482 1032 4515 eas
1050 4467 1196 4526 redigendo,
1220 4465 1262 4512 sed
1282 4464 1448 4512 convertendo

102 4540 122 4585 io
140 4541 271 4587 materiam
290 4540 352 4587 adeo
370 4540 496 4598 subtilem,
515 4546 543 4588 ut
560 4553 647 4589 sensus
665 4543 768 4601 effugiat
785 4546 810 4587 et
827 4553 892 4602 quae
910 4537 1021 4588 exhalet.

199 4608 328 4657 Praeclare
347 4616 371 4657 ot
389 4623 445 4657 vare
462 4611 566 4669 scribis,
586 4618 699 4671 oportere
717 4617 745 4659 ut
763 4616 846 4658 motus
864 4615 973 4658 cometae
992 4606 1148 4666 troJectoriue
1166 4606 1198 4652 ab
1217 4605 1385 4664 intelligentia
1402 4605 1449 4652 ad·

100 4680 195 4727 modum
215 4679 321 4741 provida
338 4685 364 4727 et
381 4680 467 4739 sagaci
485 4680 693 4742 praedisponatnr
711 4687 735 4729 et
754 4680 883 4741 dirigatur,
904 4685 931 4726 nt
944 4694 988 4726 suo
1006 4677 1088 4739 positu
1103 4689 1155 4723 sese
1168 4675 1339 4723 accommodet
1351 4676 1450 4738 Terrae,

101 4764 147 4813 qno
169 4753 242 4809 justa
266 4749 362 4808 regulas
386 4749 564 4810 astrologorum
589 4749 619 4797 de
644 4751 733 4798 tuturis
757 4751 887 4797 eventibus
909 4749 1032 4810 judicium
1057 4746 1120 4793 sumi
1145 4744 1231 4806 possit.
1271 4740 1326 4794 Imo
1350 4746 1371 4792 sl
1394 4758 1450 4792 cum

101 4818 234 4883 Gopsrnleo
252 4820 375 4881 ungamus
393 4820 493 4869 Terram
510 4820 576 4869 inter
594 4824 664 4868 astra
681 4822 778 4885 vagari,
803 4834 844 4870 res
867 4820 927 4868 baec
949 4819 1048 4869 ridetur
1070 4815 1120 4865 iere
1143 4815 1309 4876 impossibilis
1326 4813 1366 4864 rel
1385 4821 1451 4863 certe
