3284 5520
587 355 801 412 commentarius
819 355 942 424 Kspieri.
1197 396 1203 415 .
1372 349 1436 424 7Ἷὸ

78 548 133 589 son
151 537 207 604 20,
232 532 277 591 Eli
294 540 349 607 40,
372 533 492 595 Samuel
509 539 563 608 40,
587 533 687 594 David
703 537 760 609 40,
785 533 959 594 Salomone
984 532 1022 594 sd
1045 536 1160 594 initium
1184 533 1299 611 tempii:
1323 548 1437 595 summa

78 622 210 678 omnium
232 629 279 680 est
301 628 374 683 480.

183 732 412 795 Sheidanns:
438 735 520 795 Nino
542 743 664 796 mormo
684 737 827 810 scanavit
841 736 907 808 cisse
919 750 1001 795 usos
1017 732 1205 808 Santrams‘s,
1229 750 1308 810 quae
1323 733 1438 794 diuitiis

77 826 107 877 et
127 822 261 880 maesto
282 831 310 881 ct
331 824 495 899 triumphis
515 823 596 882 nulli
611 825 792 882 mortalium
805 825 896 881 cessit.
937 822 1123 898 Babylonem
1140 821 1288 896 oppidum
1304 821 1439 881 solsadii

76 913 107 964 et
129 911 225 966 variis
246 913 371 969 ornauit
392 910 534 986 aediliciis
555 927 705 986 musaque
727 913 830 971 oncis.
870 908 949 981 Eius
968 910 1050 985 illins
1068 909 1198 980 Zamcis,
1221 912 1347 984 quintus
1370 924 1436 988 sex,

76 992 155 1052 nibil
175 998 373 1056 memorabile
393 1000 518 1074 perfecit
524 1019 535 1071 ;
557 997 610 1057 sed
626 1000 790 1072 proximus
810 996 850 1056 ab
873 1014 906 1056 co
930 998 1025 1055 Arias
1047 994 1234 1054 Bactrianos
1256 1002 1284 1054 et
1310 994 1437 1071 Caspios

75 1084 205 1158 imperio
225 1099 282 1143 esso
303 1087 473 1158 conjuncte.
510 1084 1074 1144 Ninusmortunsannomnndi1959.
1107 1081 1291 1142 Semiramidi
1307 1086 1375 1140 enni
1393 1089 1433 1144 42

76 1170 244 1228 tribuuntur
266 1189 285 1230 a
305 1170 436 1231 dostino.
482 1172 554 1248 Ejus
576 1172 727 1231 historiam
750 1169 888 1230 Justinus
912 1172 1023 1230 recitat.
1066 1169 1182 1229 Dicitur
1204 1168 1320 1229 Zameis
1344 1171 1435 1247 (anno

78 1254 177 1334 2001)
198 1257 303 1317 Ninias
325 1260 364 1318 ab
387 1258 534 1330 Eusebio,
558 1261 609 1335 qni
632 1261 660 1319 ei
683 1260 723 1318 38
746 1275 839 1318 annos
863 1258 980 1332 tribuit3
1003 1257 1141 1317 Justinus
1163 1256 1272 1316 Ninum
1296 1257 1435 1335 appellat.

77 1343 200 1419 Inccpit,
224 1362 290 1404 cum
305 1345 402 1405 There
425 1345 610 1422 egrederetur
632 1363 667 1405 ex
684 1343 726 1405 Ur
740 1344 963 1405 Chaldaeorum.
1002 1343 1132 1404 (ielebris
1148 1351 1194 1403 est
1209 1345 1288 1420 apud
1305 1343 1436 1405 Graecos

76 1432 198 1505 ignavia
219 1449 283 1494 sus.
322 1432 398 1493 Vide
421 1432 598 1510 Philippum.
645 1432 800 1492 Amrachel
823 1448 872 1493 rex
895 1432 1126 1511 Babyloniacas
1146 1431 1250 1490 Ninias
1272 1432 1433 1508 Bantingo.

76 1517 135 1576 Hic
156 1535 228 1577 vero
244 1520 341 1594 Arius,
365 1520 482 1593 erioch,
507 1537 557 1580 rex
573 1519 690 1580 Eiasser
712 1521 760 1581 sel
781 1519 899 1580 divinae
923 1521 1072 1597 Assyriae,
1096 1535 1184 1594 quem
1206 1527 1292 1595 putat
1313 1522 1435 1579 missum

76 1623 113 1664 ex
129 1605 283 1684 Babylone
305 1610 335 1665 in
357 1609 538 1684 provinciam
554 1607 705 1686 Assyriam
728 1625 747 1666 a
769 1616 860 1682 patre·
899 1606 1009 1667 Contra
1031 1606 1109 1665 hunc
1124 1608 1269 1682 pugnavit
1284 1606 1435 1666 Abraham

77 1709 143 1750 cnm
171 1697 289 1768 paucis,
320 1712 378 1755 non
407 1696 462 1753 iuit
485 1697 573 1772 igitur
595 1703 699 1770 potens
722 1695 893 1765 monarcha,
926 1696 1110 1766 tumetium,
1142 1694 1212 1768 qnia
1234 1695 1322 1753 sociis
1346 1696 1434 1753 armis

77 1789 199 1857 pugnat,
214 1784 271 1840 nisi
285 1784 343 1843 sint
358 1781 509 1861 praesides
523 1785 739 1858 provinciarum
755 1781 798 1840 ilii
814 1783 938 1858 eanecti
955 1790 983 1840 et
999 1781 1088 1840 duces
1102 1783 1265 1855 copiarum.
1289 1781 1433 1856 (Ariocho

76 1867 205 1927 Elassari
236 1870 372 1929 tribuitur
399 1887 519 1948 campus
547 1886 671 1946 magnus
698 1869 803 1946 Ragau
832 1871 907 1929 inter
933 1869 1050 1945 Tigrin,
1082 1867 1260 1943 Euphratem
1288 1877 1317 1928 et
1346 1867 1434 1945 Hyd-

75 1972 176 2031 aspen.
199 1954 314 2016 Judith.
339 1964 368 2033 1,
386 1961 430 2032 6.)

57 2096 59 2100 ψ
180 2061 292 2119 Arica.-
315 2077 393 2120 anno
416 2053 515 2119 muudi
529 2066 624 2135 2339,
647 2061 794 2120 Eusebius
817 2062 844 2120 ei
869 2066 908 2119 70
926 2077 1018 2120 annos
1042 2060 1152 2120 tribuit.
1194 2059 1304 2119 Suidae
1319 2059 1435 2120 'l‘huras

75 2144 192 2219 dicitnr,
212 2154 286 2207 teste
301 2147 473 2209 Mercatore.
515 2150 566 2208 Est
590 2155 689 2207 antem
705 2148 795 2207 Arius
817 2164 924 2224 graeca
948 2165 1014 2221 vox,
1039 2147 1137 2207 latinis
1153 2146 1278 2206 Martius
1294 2164 1313 2206 a
1329 2146 1433 2222 Marte,

33 2270 41 2291 .
75 2233 206 2310 Assyriis
239 2243 269 2294 et
290 2234 488 2295 Phoenicibus
511 2244 540 2296 ct
562 2233 672 2296 Poenis
695 2244 739 2293 est
761 2234 850 2307 Baai,
880 2237 930 2310 qui
954 2238 1047 2293 virum
1071 2234 1230 2310 signifieat,
1261 2243 1290 2294 et
1313 2234 1433 2309 idolum,

75 2321 154 2396 quod
178 2330 358 2399 augurantur
380 2322 505 2383 Martem
529 2325 628 2382 inisse.
668 2323 704 2380 Et
718 2324 761 2383 sic
776 2325 893 2394 scimus,
917 2323 1051 2398 quisnam
1066 2323 1153 2381 inerit
1167 2320 1217 2380 ilie
1233 2320 1322 2395 Mars,
1346 2338 1435 2397 quem

77 2408 187 2468 ethnici
209 2417 277 2484 post
297 2412 329 2467 in
352 2411 467 2469 coelum
489 2410 677 2470 sustulerunt.
720 2409 796 2468 Nam
819 2409 897 2486 qnod
922 2409 995 2468 Baal
1019 2417 1049 2469 et
1070 2409 1150 2468 Mers
1173 2407 1251 2467 idem
1272 2410 1320 2480 sit,
1344 2410 1434 2468 etiam

79 2495 146 2556 inde
177 2505 268 2573 potet.
314 2497 386 2558 Tres
418 2497 524 2556 dantur
554 2498 750 2557 derivationes
778 2497 860 2557 vorbi
884 2494 981 2556 biars:
1015 2495 1061 2556 vei
1088 2504 1121 2555 ut
1142 2503 1249 2573 poetae
1272 2494 1435 2557 Marassa

78 2600 187 2659 magna
209 2585 360 2656 vertendo,
385 2585 433 2644 vel
456 2589 540 2661 qnasi
555 2576 692 2657 Mamdrs,
717 2583 795 2660 quod
818 2601 924 2643 nomen
947 2586 1004 2660 ipsi
1026 2584 1081 2642 luit
1103 2582 1182 2660 apud
1197 2583 1333 2655 Sabinos,
1358 2582 1434 2645 unde

77 2679 216 2749 acceptus
239 2682 284 2731 est
306 2680 336 2732 et
358 2674 386 2729 in
410 2674 512 2733 orbem
535 2679 668 2749 receptus
687 2670 897 2732 consuetudine
912 2671 1128 2747 Romanorum
1153 2670 1200 2730 vel
1215 2669 1295 2730 Mars
1311 2672 1434 2731 amari-

78 2759 142 2828 hus,
167 2758 275 2833 quihus
297 2767 428 2835 praeest3
453 2770 484 2820 at
500 2759 574 2819 ilasi
597 2776 714 2831 marem,
738 2762 872 2818 meritum
896 2767 926 2817 et
948 2758 1097 2818 dominnm
1121 2756 1275 2834 significat.
1314 2756 1434 2818 Genea·

77 2845 159 2920 logia
173 2845 277 2904 Martis
300 2846 368 2905 talis
390 2857 436 2906 est
458 2846 537 2922 apud
553 2845 730 2907 Hesiodum:
755 2846 862 2918 Chaos,
886 2846 953 2906 hinc
967 2855 1053 2918 terra,
1077 2845 1145 2905 hinc
1167 2844 1299 2918 coelum,
1324 2847 1434 2904 utrius·

79 2949 137 3008 que
159 2932 243 2992 liberi
266 2932 410 2994 Saturnus
433 2942 462 2994 et
484 2935 583 3008 tihea,
608 2951 644 2994 ex
667 2942 791 3010 utroque
813 2933 931 3011 tupiter
954 2940 984 2992 et
1004 2932 1103 3002 Jnno,
1136 2949 1172 2991 ex
1195 2940 1319 3007 utroque
1341 2931 1432 2995 Mars.

78 3019 128 3078 Sic
151 3019 195 3078 ilii
218 3020 366 3080 deducunt
388 3029 492 3100 postea
514 3039 615 3097 regum
636 3024 858 3099 praecipuorum
881 3021 1070 3098 genealogias
1086 3037 1104 3079 a
1119 3020 1195 3093 Diis,
1219 3018 1297 3094 qnod
1320 3036 1433 3079 rursum

80 3116 125 3165 est
148 3117 337 3183 argumento,
362 3108 443 3169 Deos
466 3107 533 3167 illos
555 3110 645 3167 inisse
668 3109 817 3180 homines,
847 3107 1013 3168 conditores
1035 3108 1156 3166 humani
1177 3107 1308 3183 generis,
1338 3107 1433 3167 Nosm

79 3195 202 3270 ejusque
224 3204 366 3270 posteros.
412 3195 449 3254 Et
471 3196 528 3255 hcc
550 3197 694 3256 consentit
715 3197 929 3271 superioribus,
953 3195 1003 3255 ubi
1026 3194 1209 3268 audivimus,
1240 3192 1320 3270 quod
1344 3193 1433 3254 Belus

78 3281 164 3340 tuerit
187 3283 343 3356 Satnmus,
374 3283 466 3342 Ninus
490 3283 538 3342 vel
561 3283 681 3342 Nimrod
704 3282 830 3360 Jupiter.
878 3282 953 3357 Ergo
976 3282 1064 3341 inerit
1085 3281 1149 3358 ejus
1171 3298 1245 3341 uxor
1265 3280 1434 3342 Semiramis

79 3368 160 3428 June
183 3369 257 3430 Dea.
294 3370 369 3429 Nam
391 3373 417 3429 si
439 3373 519 3429 viros
542 3377 659 3448 propter
681 3373 842 3447 potentiam
867 3372 896 3425 in
912 3370 1041 3430 Deorum
1063 3372 1233 3428 societatem
1256 3371 1433 3444 asciverunt,

79 3473 130 3515 cur
151 3473 210 3514 non
235 3465 264 3516 et
285 3457 418 3529 seminas,
443 3474 565 3533 quarum
588 3460 683 3534 magis
705 3460 809 3517 mirum
831 3457 1006 3533 imperinm?
1037 3456 1115 3533 Ergo
1137 3455 1269 3515 Nimrodi
1293 3466 1322 3515 et
1337 3455 1434 3516 Semi-

79 3543 198 3603 ramidis
220 3561 312 3620 nepos
336 3554 380 3605 est
402 3548 490 3604 Arius
514 3545 592 3623 apud
609 3546 768 3606 Eusebium
791 3563 825 3603 cx
849 3544 911 3603 filio
933 3544 1030 3602 Ninia.
1067 3543 1169 3603 Poetis
1193 3558 1262 3602 vero
1284 3542 1365 3601 Mars
1388 3550 1435 3603 est

80 3631 157 3689 fliius
180 3629 268 3691 boris
291 3639 322 3691 et
342 3631 484 3704 Junonis,
515 3650 591 3708 qnae
618 3650 677 3691 non
704 3632 862 3692 admodum
885 3631 1059 3708 discrepant
1104 3630 1155 3690 Sic
1176 3629 1320 3690 Satnmm
1342 3629 1434 3692 chal-

80 3717 162 3777 daeis
185 3727 231 3778 est
253 3717 381 3794 Molocb,
405 3726 479 3779 teste
502 3718 567 3780 Jos.
591 3719 757 3797 Scaligsrc,
781 3719 897 3796 Jupiter
918 3717 1081 3797 Remphan.
1127 3715 1234 3776 Omnia
1255 3715 1332 3783 haec
1354 3717 1435 3778 idaia

78 3805 160 3866 inere
184 3806 409 3881 Chaldaeorum,
433 3824 508 3884 quos
530 3808 636 3866 imitati
658 3817 727 3866 sunt
748 3807 868 3868 Jndeei.

184 3917 377 3979 Bactrianos.
422 3920 571 3993 Bactrius,
604 3918 755 3978 Herodoto
779 3926 854 3980 teste
876 3917 985 3977 fluvius
1008 3916 1147 3994 Scythiae
1172 3918 1335 3990 Asiaticae,
1367 3916 1435 3979 hino

78 4005 187 4064 Bactra
208 4008 290 4082 regio
314 4006 453 4086 Scythiae
476 4009 628 4084 provincia
650 4005 727 4065 nitra
751 4008 912 4083 Assyriam.
958 4005 994 4063 Et
1016 4005 1124 4064 Bactra
1146 4005 1214 4064 urbs
1237 4003 1307 4062 oiim
1329 4003 1434 4064 Zaria-
1521 4054 1524 4059 .

78 4099 148 4164 stes,
173 4092 251 4168 iong.
272 4090 358 4167 116⁰,
381 4093 432 4154 lat.
450 4092 506 4154 41⁰
522 4096 583 4155 20².
621 4094 687 4153 Hoc
703 4093 822 4153 Frisios.
860 4093 1042 4152 Bactriani.-
1065 4090 1152 4151 hodic
1169 4092 1326 4164 Cornssan,
1342 4092 1434 4151 ditio·

79 4181 124 4238 nis
140 4178 272 4240 Persicae
296 4189 348 4239 ant
363 4181 491 4241 Sinanae
514 4190 566 4240 ant
589 4190 665 4241 certe
687 4183 838 4259 propriam
862 4187 1016 4240 tenuerunt
1039 4195 1075 4238 ea
1097 4186 1271 4257 tempestate
1294 4177 1433 4258 Scythae,

80 4268 130 4343 qui
146 4267 315 4327 Parthicum
334 4277 362 4327 et
379 4270 567 4328 Bactrianum
583 4272 736 4345 imperium
753 4268 953 4339 condierunt,
976 4263 1094 4326 Jnsiino
1110 4273 1185 4325 teste
1199 4264 1261 4345 (lib.
1280 4271 1309 4325 2.
1324 4265 1375 4326 ici.
1394 4272 1432 4326 li

78 4364 109 4413 et
131 4357 197 4433 to).
241 4354 385 4430 Quamvis
408 4356 518 4418 bellum
540 4356 597 4416 hoc
619 4372 684 4417 com
708 4356 825 4433 Scythis
848 4354 986 4415 lustinus
1009 4352 1143 4413 rideatur
1165 4354 1324 4414 attribuere
1346 4354 1433 4427 Nino,

79 4444 155 4503 forte
177 4443 291 4517 Niniae,
316 4443 517 4503 Semiramidis
541 4443 610 4517 iiiia,
635 4447 685 4519 qni
707 4453 791 4521 pater
813 4443 881 4502 huic
905 4442 976 4501 Ario
998 4442 1063 4499 init.

188 4544 320 4620 Caspios.
365 4547 472 4623 Popnii
498 4549 586 4607 haiae
610 4546 647 4605 ad
670 4550 765 4606 sinum
789 4547 943 4624 Caspium,
975 4547 1025 4621 qui
1049 4548 1078 4602 in
1102 4544 1206 4604 eodem
1229 4542 1345 4603 climate
1368 4558 1434 4602 com

80 4632 176 4691 Ponto
194 4632 327 4707 Euxino,
352 4643 516 4694 esttamen
542 4632 720 4694 crientaiior.
759 4635 874 4693 Dicitur
896 4632 983 4692 hodie
1006 4647 1085 4691 mare
1107 4631 1226 4703 salsam,
1250 4648 1316 4690 cnm
1335 4639 1434 4691 mmen

81 4719 216 4778 videatur
238 4723 356 4781 minime
378 4721 498 4795 salsum,
522 4736 558 4780 ec
582 4720 661 4797 quod
684 4722 780 4780 solum
803 4720 860 4779 hoc
881 4736 962 4780 mare
978 4719 1105 4779 divisum
1120 4726 1166 4778 est
1179 4719 1218 4778 ab
1233 4730 1355 4791 oceano,
1379 4732 1435 4779 neo

79 4808 206 4867 navibus
236 4810 291 4868 iter
319 4808 387 4870 inde
415 4813 444 4868 in
474 4809 565 4871 aliud.
610 4808 717 4889 Populi
740 4808 851 4869 Atheni
874 4807 1009 4870 dicontur
1030 4813 1062 4869 ct
1082 4805 1173 4869 hodie
1194 4818 1303 4884 magno
1325 4805 1434 4870 suss-
1525 4856 1528 4865 .
1612 4824 1616 4833 ·
