3284 5520
139 345 207 415 380
633 343 711 402 chili
724 343 785 399 udis
803 344 1039 415 Supplerutntum.

248 518 409 588 Quantitsie
426 518 545 590 partium
562 521 686 591 inventa,
707 521 765 591 jorn
787 521 890 592 duplici
911 523 954 576 siu
971 526 1065 591 potest
1081 522 1168 578 secari
1185 522 1214 578 in
1230 522 1282 580 baa
1297 527 1395 594 partes
1412 521 1470 593 pris

141 599 298 669 proportio:
318 605 366 653 eut
383 598 454 655 enim
473 606 504 653 ιιι
522 614 586 668 pers
603 598 690 667 major
708 606 764 655 stet
782 615 799 653 e
816 600 897 670 pinge
915 598 1020 654 termini
1039 600 1164 669 mej0ris:

503 700 585 762 Igitur
606 700 706 748 termini
723 702 827 761 majoris
844 700 1006 761 Logarithmo
1043 700 1129 749 63488

505 768 568 817 adde
586 775 684 833 partem
702 773 821 833 majorem
863 808 871 823 .
908 808 916 823 .
954 808 961 824 .
999 808 1006 822 .
1043 770 1130 820 stetu

903 840 1159 910 Summa-effi?

242 961 318 1017 Haec
336 964 368 1014 ut
385 959 577 1028 Logarithmus
596 958 718 1014 ostendit
735 957 894 1016 absolutum
913 961 1001 1016 41000
1019 958 1084 1014 iere.
1121 958 1196 1029 Ergo
1213 966 1244 1016 ui
1256 975 1286 1016 se
1298 960 1384 1018 hebet
1397 963 1414 1017 5
1428 960 1462 1017 ad

139 1038 179 1095 sic
197 1055 227 1095 se
245 1039 348 1096 hebere
367 1040 481 1095 tecimus
498 1038 701 1108 proportionem
719 1038 791 1093 iuter
809 1040 842 1094 53
862 1044 890 1092 ιι
907 1039 939 1094 41
960 1038 995 1093 ed
1013 1037 1217 1108 proportionem
1233 1038 1306 1094 inter
1323 1040 1356 1095 41
1377 1049 1406 1097 ιι
1423 1040 1462 1097 07.

242 1120 299 1176 Aut
317 1128 347 1175 nt
364 1135 429 1189 pers
447 1118 536 1174 minor
554 1125 644 1174 sectae
664 1126 718 1174 stet
736 1135 753 1174 a
771 1118 854 1191 plage
870 1119 977 1175 termini
995 1118 1118 1188 majoris:

454 1218 543 1269 Eidem
568 1234 626 1279 ergo
644 1220 745 1267 termini
762 1221 864 1282 majoris
882 1220 1043 1282 Logaritbmo
1079 1220 1166 1270 00488

453 1288 520 1339 adde
539 1295 634 1352 partem
654 1290 774 1339 minorem
811 1328 1043 1345 ......
1081 1291 1167 1341 10268

939 1360 1207 1432 SummaW

243 1468 319 1525 Haec
341 1476 372 1526 nt
389 1468 582 1540 Logarithmns
606 1469 726 1526 ostendit
742 1470 831 1527 47830
854 1469 968 1526 circiter.
1004 1470 1079 1540 Ergo
1103 1475 1135 1525 ut
1152 1487 1182 1527 se
1201 1470 1285 1527 habet
1304 1470 1322 1526 2
1343 1469 1379 1525 ud
1401 1472 1433 1540 5,
1459 1486 1471 1525 ι

138 1545 251 1683 {camus
275 1562 305 1603 se
324 1546 424 1603 habere
444 1549 649 1618 proportionem
670 1549 742 1604 iuter
763 1552 798 1607 50
820 1557 848 1605 et
872 1548 985 1622 ⁴⁷⁸³!100
1009 1549 1044 1604 ad
1069 1552 1272 1621 proportionem
1295 1552 1368 1606 iuter
1388 1548 1470 1621 wls

242 1706 319 1762 Idem
337 1705 486 1763 efficiemus
504 1706 585 1762 etiam
610 1722 660 1778 per
679 1708 884 1778 hogerithmnm
902 1709 1010 1763 termini
1027 1709 1146 1777 minoris,
1166 1707 1358 1791 subtrahentes
1377 1709 1414 1765 ab
1431 1723 1470 1765 co.

243 1821 347 1877 Aliud
367 1820 563 1890 exemplum
582 1828 616 1875 et
633 1820 750 1877 nobile
768 1821 914 1891 quidem.
950 1822 1039 1877 Dutur
1056 1822 1197 1893 proportio
1215 1823 1286 1877 inter
1304 1823 1362 1878 dies
1382 1822 1436 1879 687
1452 1839 1471 1893 p

139 1903 209 1959 rIodi
226 1904 323 1960 Martis
347 1909 375 1958 et
393 1901 479 1972 stirp
506 1902 610 1973 periodi
631 1901 702 1956 Solis
722 1903 830 1969 (Terrae
848 1902 1018 1970 Cupernico).
1057 1903 1098 1957 Sit
1124 1900 1192 1956 haec
1216 1899 1357 1970 proportio
1381 1916 1470 1957 secam

138 1981 167 2036 in
185 1988 278 2052 peries
296 1982 381 2048 dues,
401 1981 440 2035 sic
458 1988 489 2035 ut
510 1981 596 2050 major
614 1980 648 2036 cd
667 1981 796 2035 minorem
815 1994 845 2034 se
865 1979 964 2034 haheat
983 1987 1014 2035 ut
1031 1981 1048 2035 2
1066 1980 1101 2035 ed
1122 1984 1133 2035 1
1154 1986 1183 2036 et
1200 1988 1231 2036 nt
1248 1981 1336 2049 major
1353 1997 1420 2050 pers
1436 1998 1471 2052 pr

139 2059 270 2129 portionis
295 2058 397 2113 divisae
424 2064 478 2113 stet
495 2075 512 2113 a
530 2060 613 2131 plaga
635 2057 741 2114 termini
764 2056 889 2127 minoris,
914 2065 945 2112 ut
967 2059 1006 2114 ito
1028 2057 1168 2128 proportio
1193 2066 1253 2113 tote
1275 2060 1312 2115 sit
1335 2059 1397 2127 qius
1414 2066 1470 2129 pari

139 2136 250 2207 majoris
268 2136 457 2206 sesquialtera.

509 2230 573 2288 Ergo
591 2229 692 2276 termini
711 2229 813 2288 majoris
831 2228 919 2278 68700
937 2229 999 2287 Lug.
1037 2231 1123 2279 37542

508 2297 621 2347 Termini
639 2300 743 2346 minoris
786 2336 793 2349 .
831 2299 917 2347 06525
936 2299 997 2359 Log.
1020 2300 1124 2349 100740

599 2386 731 2446 Quantitas
750 2400 808 2446 ergo
826 2370 1155 2450 proportionis—duffii.—

243 2497 430 2566 Proportionis
448 2513 514 2551 sero
534 2497 677 2553 divisoriae
696 2497 803 2552 termini
817 2497 841 2565 2,
862 2501 873 2552 i
895 2496 1000 2552 fuciunt
1017 2496 1042 2559 3,
1062 2513 1116 2567 qna
1134 2510 1240 2553 summe
1258 2495 1343 2551 divisa
1360 2501 1470 2569 quantit

139 2575 323 2648 proportionis
341 2576 407 2630 iacit
424 2575 483 2645 ejus
506 2577 632 2632 trientem
651 2576 736 2633 21066
755 2584 782 2630 et
801 2576 870 2631 dnos
887 2575 1000 2631 trientes
1013 2577 1109 2634 42132.
1139 2576 1197 2630 Hos
1209 2574 1470 2646 snieralrogam‘thr

139 2655 225 2726 partis
242 2653 353 2709 minoris
374 2653 491 2721 100740,
517 2659 603 2709 restet
621 2654 716 2711 58000.
753 2655 813 2709 Hoc
835 2662 866 2708 ut
884 2653 1078 2722 Logarithmus
1097 2653 1215 2709 ostendit
1233 2670 1375 2711 nnmerum
1393 2658 1470 2715 absol

139 2744 198 2789 tum
216 2735 312 2791 55650.
348 2732 423 2800 Ergo
442 2739 473 2787 nt
494 2735 507 2789 1
529 2732 564 2787 ed
581 2733 612 2801 2,
632 2733 672 2788 sic
689 2733 801 2789 fecimus
820 2732 1022 2803 proportionem
1039 2730 1111 2786 inter
1128 2732 1215 2789 08700
1232 2740 1261 2787 et
1278 2733 1367 2791 58608
1385 2734 1422 2791 ed
1439 2753 1470 2807 pr

139 2813 291 2883 portionem
308 2811 380 2864 inter
397 2811 485 2867 58608
504 2817 533 2865 ιι
551 2812 646 2868 30525.

245 2890 349 2959 Quodsi
365 2905 400 2946 er
417 2890 532 2946 termino
551 2891 648 2946 minori
665 2892 752 2948 00525
770 2892 819 2946 fiet
832 2891 944 2957 100000,
962 2890 1091 2944 distantia
1107 2890 1252 2947 mediocris
1264 2892 1336 2948 Solis
1349 2901 1379 2949 et
1390 2895 1470 2951 Terre

139 2978 204 3026 tunc
222 2986 257 3024 ex
275 2969 327 3024 hoc
345 2970 453 3025 invento
472 2970 587 3026 termino
605 2969 702 3038 mojori
720 2970 931 3037 50000166660)
949 2969 998 3023 fiet
1018 2968 1123 3024 152400
1140 2967 1213 3023 iere:
1232 2969 1363 3025 distantia
1381 2972 1456 3027 Solia

140 3050 236 3106 Martis
249 3049 405 3106 mediocris.
430 3051 467 3104 Ει
479 3048 512 3103 fit
523 3049 704 3118 manifestum,
723 3047 795 3115 quod
813 3046 954 3117 proportio
973 3046 1170 3115 periodicornm
1183 3055 1336 3117 temporum
1348 3050 1387 3104 sit
1400 3064 1470 3121 sesqr

140 3129 226 3185 alteru
248 3127 436 3198 proportionis
456 3126 658 3183 intervallorum
680 3124 869 3194 mediocrium,
897 3128 928 3179 nt
952 3122 1068 3179 indicavi
1093 3123 1121 3177 in
1145 3124 1287 3194 Epitomes
1309 3127 1470 3185 Asuonomi

141 3207 343 3277 Cupernicenee
362 3205 431 3260 libro
450 3204 497 3261 IV.

603 3416 605 3422 ¹
637 3337 908 3400 rnuncnrnuu
931 3338 1002 3397 xv.

140 3459 290 3536 Repetam
310 3458 552 3533 proportionum
574 3472 626 3514 eeu
648 3454 725 3513 deiri
748 3454 899 3514 absoluere
919 3470 975 3527 per
990 3451 1210 3528 Loporuimos,
1234 3469 1286 3512 seu
1307 3456 1374 3514 eine
1394 3456 1470 3515 muli

621 3542 785 3617 plicatione
807 3549 835 3601 ct
856 3541 1013 3600 diuisione.

157 3729 160 3735 .
247 3684 399 3743 Positis'in
422 3682 524 3760 regule
540 3683 631 3741 tribus
655 3679 731 3739 datis
749 3683 886 3753 numeris,
909 3682 939 3737 in
955 3679 1088 3739 Chilisde
1112 3679 1337 3756 comprehensis,
1361 3688 1396 3741 ut
1418 3680 1470 3744 doe

144 3772 272 3849 vulgaris
303 3771 502 3843 arithmetice,
536 3771 617 3829 snicr
639 3768 862 3843 Logaritlsmum
892 3768 1028 3826 sinistimi
1053 3787 1070 3827 e
1093 3766 1283 3844 Logarithmo
1313 3769 1421 3842 medii,
1455 3788 1470 3828 ι

141 3860 219 3920 hunc
242 3858 279 3918 ab
304 3858 369 3932 iiio,
405 3857 596 3917 differentiam
620 3856 809 3931 Logariihmo
833 3855 951 3915 dertimi
974 3854 1050 3913 udde
1074 3857 1102 3912 iu
1125 3857 1219 3931 primo
1241 3872 1329 3929 ιιιιι,
1361 3857 1470 3918 subtrai

142 3951 171 4005 iu
200 3944 343 4020 secundo,
375 3948 400 4003 si
430 3952 543 4021 potest:
578 3960 692 4003 summe
714 3942 774 4002 illic
798 3941 844 4002 vel
868 3941 915 4001 hic
937 3942 1084 4001 residuum
1107 3950 1151 4002 est
1174 3942 1382 4019 Logarithmus
1406 3962 1470 4021 quai

142 4035 267 4111 quaesiti
290 4050 342 4093 seu
366 4034 526 4109 quotieniis
549 4033 704 4108 positivus.

245 4120 372 4180 Rursum
388 4129 487 4180 eutem
503 4121 527 4177 si
543 4118 749 4194 hogerithmus
765 4117 841 4175 tertii
857 4117 942 4176 inerit
958 4118 1050 4175 minor
1065 4115 1191 4189 residuo,
1216 4117 1355 4177 subtrahe
1372 4120 1470 4179 viciosi

141 4210 224 4269 iilum
252 4209 290 4268 ab
321 4207 377 4267 hoc
406 4208 625 4282 remanebitque
648 4207 812 4281 privativus
836 4203 1057 4280 Logarithmus‚
1093 4207 1206 4264 numeri
1234 4205 1345 4265 scilicet
1374 4205 1470 4267 absolu

142 4316 193 4359 seu
218 4297 387 4375 quotientis‚
410 4296 574 4372 superantis
596 4296 754 4351 marimum
777 4290 928 4351 chiliadis.

248 4432 446 4502 Exemplum
464 4428 567 4503 primi
585 4444 696 4484 cneus.
732 4432 818 4482 iilud
838 4429 880 4478 dat
898 4431 993 4491 tutuo,
1011 4430 1074 4496 quid
1093 4433 1196 4482 subdor

816 4501 1070 4651 &gg-{Quum

727 4640 862 4708 Residuum
900 4662 986 4710 07105

768 4729 859 4789 hoger.
914 4731 982 4780 7706
1001 4729 1067 4778 adde

689 4801 1002 4879 11οι031οωΠοοἶ
1006 4818 1145 4887 quotientis
1162 4816 1252 4870 00000
1267 4815 1335 4882 plna.
