3284 5520
136 332 202 403 196
648 335 973 404 0000000001οω

137 519 274 572 mentum.
326 507 359 595 4)
380 511 496 573 Mecum
529 516 590 587 cst,
622 512 701 590 quod
729 512 869 587 Galatas,
904 514 1026 589 Gallos,
1057 512 1157 575 Celtas
1189 512 1325 573 Cimbris
1353 513 1487 574 attribuit

140 594 176 680 5)
200 599 315 660 Mecum
337 610 390 674 est,
415 598 493 676 quod
508 599 634 677 Scythas
657 605 731 661 inter
745 601 902 678 Japctidas
925 612 1032 663 censet.
1072 602 1111 661 At
1133 600 1267 679 Scythae
1292 616 1356 661 nco
1379 602 1410 658 iu
1424 599 1492 659 Asia

136 690 256 757 minore,
279 687 330 747 sed
354 690 382 745 in
405 688 631 764 septentrionale
653 696 736 767 parte
753 692 842 749 Asiae
865 708 998 767 magnae.
1037 686 1067 769 6)
1089 689 1208 767 Scythis
1223 705 1337 748 nomen
1353 708 1371 747 a
1388 687 1492 765 Magog

138 791 201 834 ease
232 773 311 834 dicit.
356 774 390 833 Id
421 775 566 835 discamus
594 783 623 836 et
651 795 797 836 cessemus
827 777 893 836 illos
923 780 1076 837 universos
1105 779 1143 837 ab
1167 778 1321 835 Anamitis
1345 774 1492 836 deducere.

138 860 249 937 Quodsi
273 870 351 922 certo
375 872 496 935 constet,
521 861 636 923 Gothos
660 864 707 923 vel
731 863 822 924 Getas
845 868 962 924 0011000
984 882 1048 923 0000
1064 864 1200 942 Scythas,
1222 881 1261 922 ne
1287 862 1409 922 Gothos
1430 865 1493 939 001-

138 949 203 1008 deur
226 948 313 1009 Semo
336 950 572 1025 relinqueremus.
611 950 642 1027 7)
666 951 782 1011 Mecum
805 961 858 1023 cst,
882 952 960 1029 quod
975 951 1079 1013 Medos
1103 951 1265 1010 sMadaeo
1284 950 1377 1012 ducit.
1416 950 1491 1010 Medi

137 1038 166 1094 in
191 1037 365 1113 Asia„ergo
381 1036 562 1114 Japetidac?
600 1042 637 1106 lt.
661 1039 781 1117 Eruptio
804 1040 881 1098 lacta
905 1039 1019 1099 videtur
1041 1038 1203 1116 eScythia,
1227 1037 1281 1097 sed
1308 1048 1409 1098 tamen
1432 1039 1495 1096 hinc

138 1123 282 1185 1110001000
305 1123 425 1201 aliquid.
464 1122 659 1185 Emendemus
683 1144 735 1185 nos
759 1129 786 1184 in
809 1129 933 1202 gratiam
952 1125 1087 1204 Josephi,
1111 1125 1315 1202 relinquamus
1338 1123 1447 1185 Medos
1468 1128 1493 1183 iu

139 1213 211 1271 Asia
235 1215 277 1271 cis
299 1211 477 1271 Hircaniam.
520 1207 556 1295 8)
579 1212 695 1273 Mecum
717 1222 770 1287 est,
795 1214 872 1289 quod
895 1213 988 1273 Jonas
1012 1227 1041 1273 et
1064 1214 1193 1273 Graecos
1216 1231 1235 1271 a
1257 1212 1387 1272 Javano
1410 1211 1493 1283 ducit,

138 1298 189 1358 aed
214 1309 417 1375 argumentum
441 1309 469 1358 et
492 1300 587 1377 ipsum
609 1301 679 1358 mihi
703 1303 851 1376 negotium
876 1302 1000 1361 lacessit.
1040 1302 1126 1361 Certo
1150 1302 1228 1360 enim
1251 1310 1284 1359 ct
1300 1303 1412 1360 rationi
1427 1316 1493 1359 cou-

138 1394 310 1447 sentaneum
333 1396 363 1447 et
385 1387 590 1446 traditionibus
604 1388 632 1466 (e
648 1388 812 1466 contrario),
835 1387 929 1448 Jonea
951 1390 1074 1465 primum
1097 1390 1125 1445 10
1149 1389 1322 1449 0001100010
1345 1389 1492 1447 habitasse

140 1477 243 1543 Asiae,
278 1473 344 1533 iude
367 1476 395 1532 in
419 1475 572 1534 Graeciam
597 1475 754 1551 trajecisse.
800 1473 831 1553 9)
855 1476 881 1535 A
904 1476 1038 1536 Thubale
1061 1475 1242 1535 Thebellnoa
1264 1476 1393 1545 format,
1425 1492 1493 1549 quos

139 1565 181 1620 ait
202 1561 304 1621 Iberos
336 1580 408 1621 esse.
455 1560 570 1639 Duplex
601 1571 646 1620 est
668 1562 777 1635 Iberia,
808 1562 846 1622 ad
869 1562 1038 1623 Colchideur
1070 1572 1099 1623 et
1123 1567 1150 1621 in
1171 1560 1332 1640 Hispania
1380 1564 1493 1639 Anceps

141 1652 229 1709 etiam
252 1667 341 1707 causa
364 1649 510 1725 allegatae
532 1650 618 1724 hujus
640 1653 744 1725 gentis,
768 1667 805 1708 arr
822 1659 853 1709 ut
867 1650 1022 1727 ,lapctidas
1045 1651 1148 1727 probet
1162 1667 1227 1709 0000
1244 1649 1391 1721 Αο10000,
1414 1666 1451 1709 aa
1466 1657 1494 1707 ut

138 1736 318 1814 Europaeos.
364 1736 395 1796 Si
419 1736 606 1812 Europaeos,
635 1755 693 1797 non
722 1740 793 1796 satis
820 1746 864 1796 est
892 1738 1073 1809 verisimilis,
1106 1739 1175 1813 qnia
1201 1739 1292 1795 nimis
1316 1746 1433 1797 remota
1453 1746 1493 1796 est

138 1823 295 1902 Hispania,
320 1827 453 1899 quamvis
477 1823 550 1882 alias
573 1825 629 1883 hoc
651 1826 809 1884 secundnm
825 1843 870 1884 mc
885 1827 932 1897 sit,
956 1826 1005 1900 001
1023 1823 1233 1884 mediterranea
1249 1823 1418 1884 occidentis
1433 1823 1493 1883 dedi

139 1911 277 1970 Thubali.
323 1910 381 1970 Sed
404 1911 539 1970 Ezechiel
563 1913 706 1971 acclamat
728 1912 851 1987 Magog‚
882 1917 1016 1988 princeps
1039 1913 1144 1988 capitis
1164 1910 1292 1970 Mosoch
1315 1920 1346 1971 et
1369 1911 1492 1971 Thubal.

141 1998 178 2056 at
203 2000 303 2057 nescio
333 2000 398 2074 0010
422 1998 568 2074 Europam
600 2002 698 2075 primia
723 2000 1187 2071 3000000101010000000010,
1219 2006 1293 2073 puto
1320 2000 1492 2060 Aventinus.

139 2083 289 2161 Additque
304 2084 474 2145 Cimmerios
490 2085 634 2157 Ezechiel,
660 2089 759 2162 itaque
778 2105 813 2145 er
829 2086 946 2146 Cimbro
962 2087 1089 2159 Thubal,
1113 2084 1246 2155 Mosoch,
1270 2084 1398 2163 Magog,
1423 2086 1492 2163 Sey-

139 2172 204 2232 tbaa
227 2173 304 2246 iacit,
329 2176 400 2249 quia
421 2172 479 2231 illis
503 2174 604 2232 tribuit
626 2172 718 2233 latera
740 2174 896 2249 aquilonis,
920 2173 1000 2233 Medi
1024 2190 1094 2233 vero
1110 2181 1143 2231 nt
1156 2176 1348 2248 cognatione,
1372 2178 1417 2233 sic
1433 2174 1491 2232 loco

139 2260 326 2319 0101010001.
371 2259 476 2337 Itaque
499 2260 570 2318 nihil
594 2258 674 2320 aliud
698 2279 812 2335 censeo,
836 2279 924 2337 quam
948 2278 1048 2319 ornnes
1073 2268 1091 2320 4
1114 2263 1240 2337 primos,
1264 2262 1327 2320 imo
1351 2270 1381 2319 et
1405 2261 1490 2320 Taras

138 2346 281 2407 Isthmum
304 2350 452 2408 transiisse
476 2357 505 2407 et
528 2351 571 2406 sic
593 2351 677 2424 quasi
700 2351 729 2406 in
753 2347 863 2409 insulas
885 2350 1034 2424 migrasse.
1072 2347 1171 2407 Javan
1192 2365 1263 2407 vero
1279 2347 1418 2409 similiter
1432 2367 1491 2407 curn

138 2437 241 2495 ceteris
264 2442 412 2494 extrusum
436 2436 465 2492 in
482 2435 620 2512 Cyprum,
645 2454 722 2512 quae
743 2453 778 2495 ex
795 2436 907 2509 Cilicia,
930 2443 1100 2511 ceterasque
1115 2434 1236 2509 insulas,
1261 2452 1341 2511 quae
1356 2452 1395 2496 ex
1410 2437 1491 2494 Asiae

138 2522 232 2581 fronte
255 2525 382 2599 conspici
406 2532 537 2598 possunt.
583 2523 668 2583 Noah
694 2525 770 2583 enirn
794 2524 897 2583 calluit
918 2530 1010 2583 artem
1032 2521 1199 2598 navigandi.
1245 2522 1297 2582 Sic
1320 2523 1443 2583 Tharais
1464 2526 1490 2580 in

140 2608 237 2686 Cypro
261 2618 290 2668 et
305 2628 321 2669 0
337 2613 455 2685 regione
479 2612 579 2669 urbem
601 2620 703 2687 posset
725 2611 857 2670 condere.
895 2611 1042 2670 Fortassis
1057 2608 1095 2668 ad
1111 2608 1234 2669 eundem
1252 2610 1376 2669 nrodnm
1393 2610 1491 2669 Thiras

139 2699 272 2773 trajicere
291 2697 393 2772 jussus
415 2704 460 2756 eet
482 2701 510 2754 10
534 2697 703 2771 Thraciam,
734 2715 810 2773 quae
837 2707 938 2756 contra
960 2696 1129 2774 Bithyniam
1153 2714 1187 2755 er
1211 2698 1304 2756 Asiae
1328 2701 1490 2758 continents

139 2785 217 2844 cerni
241 2794 346 2861 potest.
392 2783 442 2845 Sic
465 2784 585 2844 cuilibet
607 2802 670 2844 sors
693 2803 747 2844 sna
770 2787 896 2860 obtingit
920 2793 948 2843 et
971 2785 1090 2861 Europa
1111 2792 1191 2843 caret
1213 2783 1397 2857 cultoribus,
1421 2802 1491 2862 quae

141 2873 239 2931 omnia
267 2890 319 2948 per
348 2890 380 2931 se
408 2889 480 2932 vera
506 2880 583 2932 sunt.
629 2872 667 2930 Et
695 2874 817 2931 sortasse
840 2875 883 2932 sic
907 2882 935 2932 et
959 2870 1067 2932 Gomer
1090 2873 1119 2929 in
1142 2871 1300 2931 Tauricam
1324 2864 1442 2948 trajecit
1461 2890 1492 2932 er

140 2958 281 3020 Colchida
303 2968 421 3036 propter
444 2962 592 3030 viciniam,
617 2976 682 3018 cum
706 2959 860 3019 Tauricam
884 2960 1005 3019 haberet
1027 2977 1079 3036 pro
1102 2959 1206 3017 insula.
1248 2954 1306 3040 10)
1331 2961 1359 3018 Α
1374 2959 1492 3019 Moscho

140 3045 308 3106 Meschinoa
332 3047 419 3119 ducit,
444 3064 532 3122 quam
556 3045 626 3105 dicit
649 3064 714 3108 osse
738 3047 964 3123 Cappadociam,
988 3056 1159 3123 argumento
1183 3045 1240 3105 loci
1255 3046 1394 3118 Menace,
1420 3046 1491 3124 quod

140 3143 241 3193 contra
264 3152 309 3193 rue
333 3144 384 3206 est,
409 3138 459 3210 001
475 3134 628 3194 Moschum
652 3135 773 3193 extrudo
797 3139 825 3192 in
849 3135 1091 3210 Septentrionem,
1114 3134 1203 3192 fretus
1226 3138 1408 3195 auctoritate
1424 3137 1493 3194 Eac-

140 3221 240 3281 chielis
264 3218 406 3302 (Moschii
437 3231 549 3280 montes
578 3223 614 3279 ab
643 3239 748 3281 occasu
779 3231 807 3281 et
835 3226 1031 3297 septentrione
1061 3224 1182 3297 cingunt
1205 3221 1377 3282 Armeniam
1407 3240 1493 3298 00000

141 3307 178 3367 ad
201 3327 281 3368 mare
303 3308 486 3385 Hyrcanum3
512 3327 602 3385 quere
625 3319 692 3368 aunt
716 3311 743 3367 in
767 3309 913 3368 vestibulo
936 3305 1062 3390 isthmi).
1100 3308 1158 3368 Sed
1182 3318 1391 3384 argumentum
1407 3309 1493 3369 ι1000-

142 3396 200 3474 phi,
225 3405 257 3455 ut
279 3396 372 3469 vides,
397 3397 536 3455 infirmius
559 3396 648 3473 paulo
672 3406 725 3455 eat,
772 3397 875 3455 Potius
897 3416 916 3455 a
938 3397 1002 3455 Mes
1025 3397 1103 3454 dicta
1127 3395 1217 3454 videri
1240 3406 1350 3473 potest.
1399 3397 1494 3456 Habet

140 3494 237 3543 100100
261 3486 359 3543 omnia
380 3484 532 3543 elementa.
579 3482 718 3553 Occurrit,
742 3502 760 3542 a
782 3483 922 3562 Mesocho
946 3501 1010 3543 esse
1034 3484 1217 3558 Massagetas
1241 3484 1406 3558 (Marassa),
1431 3503 1493 3542 nam

141 3575 170 3628 in
193 3571 324 3643 Mosoco,
349 3571 469 3647 Massog
490 3572 592 3631 eedem
617 3571 768 3630 elementa.
815 3570 957 3646 Quamvis
980 3575 1034 3629 etsi
1059 3571 1195 3629 Massace
1219 3571 1432 3648 Cappadociae
1455 3580 1494 3631 cst

143 3658 308 3717 aMosoch
337 3659 471 3730 conditu,
504 3659 572 3735 quid
602 3658 693 3717 tunel
727 3658 832 3717 Vicina
860 3661 941 3734 regio
965 3658 1071 3717 isthmo
1095 3666 1147 3717 est.
1193 3658 1422 3719 Monumentum
1446 3661 1495 3718 luit

142 3748 278 3819 nominis,
302 3755 459 3819 antequem
483 3749 538 3805 iret
561 3749 589 3803 in
611 3755 729 3815 sortem,
752 3748 829 3804 sicut
851 3746 972 3805 Tharais
995 3748 1024 3803 in
1048 3748 1119 3805 mari
1142 3745 1314 3817 Phoenicio,
1339 3756 1495 3822 antequam

142 3837 296 3908 navigaret
319 3834 346 3888 in
370 3833 507 3909 Cyprum.
556 3830 606 3908 11)
631 3835 655 3890 A
679 3833 784 3892 Thiras
815 3851 926 3893 mecum
951 3833 1080 3892 Thracas
1103 3836 1243 3894 nominat.
1290 3833 1392 3910 Hujus
1423 3834 1494 3893 aliae

143 3921 338 3996 conjecturae.
378 3920 472 3996 Tyras
489 3921 605 3991 fluvius,
630 3920 735 3979 isthmo
751 3924 909 3996 proximus,
926 3921 1080 3995 perlabens
1095 3920 1254 3994 Moesiam,
1278 3921 1376 3998 Tyres
1394 3925 1495 3981 civitas

144 4008 208 4083 ejus
232 4007 306 4079 loci,
339 4007 434 4084 Tyras
456 4007 618 4066 Sarmatiae
640 4008 748 4066 fluvius
772 4010 799 4065 in
824 4009 955 4085 Europe,
980 4008 1071 4083 vulgo
1094 4008 1233 4085 Neyster,
1258 4025 1346 4082 quem
1370 4012 1448 4068 intra
1469 4016 1495 4067 01

142 4096 310 4154 Danubium
334 4103 402 4153 0001
423 4097 556 4170 regiones
579 4095 826 4172 Transylvaniae,
854 4095 977 4163 Raseia,
1008 4095 1177 4167 Walachia,
1202 4095 1374 4170 Moldavia;
1406 4097 1494 4173 'lyras

141 4182 294 4242 Herodoto
319 4185 405 4240 etiam
430 4183 536 4241 fluvius
558 4182 697 4260 Scythiae
721 4183 826 4240 dicitur
848 4183 992 4241 secundus
1016 4191 1081 4259 post
1103 4182 1249 4241 isthmum.
1293 4182 1345 4262 11))
1369 4184 1418 4243 Ab
1439 4184 1494 4241 As·

142 4269 266 4330 ceneach
290 4269 369 4329 ducit
392 4270 582 4329 Aschanares
605 4272 667 4328 0100
690 4270 842 4345 Rhaginae
859 4269 1046 4343 Graecorum,
1070 4289 1144 4346 0000
1167 4279 1238 4347 puto
1263 4273 1290 4327 in
1316 4288 1368 4329 ora
1393 4270 1495 4330 ltaliae

141 4360 261 4417 versari.
302 4357 375 4415 Mihi
398 4358 492 4432 maj0r
515 4356 745 4430 verisimilitudo,
772 4356 837 4416 inde
861 4375 925 4417 0000
949 4375 1053 4417 nomen
1070 4359 1223 4429 Ascanius,
1248 4375 1328 4433 quae
1345 4367 1392 4417 est
1407 4361 1494 4434 regio,

141 4447 219 4516 urbs,
243 4445 351 4503 1100100
375 4454 404 4503 01
425 4445 510 4521 palus
534 4449 562 4502 in
584 4445 699 4503 Troade
721 4445 768 4504 vel
789 4444 887 4521 Mysia
904 4443 1034 4517 Aeoliae,
1059 4463 1136 4521 0000
1152 4444 1347 4520 Hellesponto
1371 4445 1495 4522 adjacet,

143 4535 207 4592 0100
229 4534 328 4609 potins
353 4535 427 4591 inter
449 4533 645 4609 Bosphorum,
669 4532 824 4592 Thraciam
847 4543 877 4591 et
899 4532 1133 4608 Hellespontum.
1179 4533 1224 4591 Ibi
1247 4535 1286 4590 011
1309 4535 1412 4609 itaque
1435 4550 1496 4592 mc·

143 4621 236 4679 moria
260 4619 452 4680 Aschanarac
479 4623 558 4697 priua
587 4638 674 4696 quarn
704 4637 768 4679 cnm
796 4620 882 4678 tratre
906 4619 1000 4696 Tyras
1029 4622 1166 4678 transivit
1193 4623 1222 4677 in
1245 4619 1405 4679 Thraciam
1435 4624 1496 4679 0100

141 4709 242 4783 potius
269 4707 434 4767 Tauricam.
482 4712 536 4783 13)
560 4708 585 4765 A
610 4706 719 4782 Riphat
741 4707 922 4783 Riphataeos
952 4706 1047 4779 ducit,
1082 4725 1156 4783 quos
1185 4706 1255 4766 dicit
1277 4707 1496 4784 Paphlagonas,

143 4794 194 4870 001
222 4803 292 4855 0001
320 4797 350 4853 10
379 4793 601 4873 septentrionali
623 4794 708 4856 litora
731 4794 820 4856 Asiae
843 4795 971 4854 minoris.
1016 4794 1089 4855 Inde
1119 4804 1148 4855 at
1177 4796 1240 4871 ipae
1269 4796 1441 4873 migraverit
1469 4798 1498 4854 in
