3284 5520
523 340 566 397 Ad
583 339 681 396 librum
699 341 734 396 11.
755 341 970 412 And-Trebonio
990 356 1049 413 cap.
1069 343 1112 398 18.
1431 341 1496 408 217

142 522 258 599 peritos,
280 530 329 581 sat
350 519 449 593 babet,
472 521 499 577 31
521 518 578 578 boc
600 520 637 578 iis
660 518 844 597 persuadeat,
868 538 927 597 quo
946 522 1022 597 jure,
1046 538 1106 598 qua
1123 522 1238 598 injuria,
1261 520 1292 580 id
1306 520 1427 597 quidam
1441 538 1496 581 uec

141 626 306 685 quenquam
330 606 523 680 deiecturum,
547 622 601 665 nec
623 608 648 665 si
671 608 738 683 quis
761 607 879 685 detegat
900 625 971 668 suos
994 609 1117 669 lectores
1140 617 1293 670 curaturos
1315 610 1456 685 speravit

241 697 295 755 28.
334 695 432 754 Prima
454 694 518 770 ejus
541 693 622 752 iraus
644 695 675 752 in
696 712 732 754 co
756 704 815 769 ast,
846 695 925 770 quod
948 714 980 756 se
1003 696 1085 756 abdit
1107 700 1136 754 iu
1160 697 1292 769 dumeta,
1316 697 1493 773 33333331-

141 786 240 843 ciatur.
286 782 390 860 Tycbo
412 784 520 861 primas
544 782 715 841 observavit
738 781 893 842 distantias
916 791 1047 843 cornetae
1070 802 1089 843 a
1110 784 1185 857 lixis,
1212 784 1262 845 iol.
1286 785 1316 853 4,
1341 801 1377 842 ex
1399 783 1444 843 his
1470 785 1497 842 ei

140 870 232 930 locum
256 873 475 947 assignaturus,
501 868 623 927 lixarum
647 870 726 945 prius
749 869 815 930 loca
837 873 958 949 exponit
980 869 1030 931 iol.
1055 877 1113 945 3ος
1137 874 1222 931 tertio
1246 869 1343 930 locum
1365 872 1497 947 assignat

142 958 185 1017 iol.
210 959 264 1018 52.
288 956 388 1034 Scipio
411 959 461 1016 via
483 959 628 1016 contraria
651 959 774 1016 assumit
795 957 862 1017 loca
884 966 1016 1019 cometae
1038 966 1067 1018 et
1088 958 1164 1019 lixae
1197 978 1249 1036 per
1272 957 1417 1018 calculum
1440 956 1496 1017 eli·

143 1047 210 1119 cite,
236 1062 334 1121 exque
356 1047 392 1103 113
414 1046 536 1104 exstruit
558 1042 727 1103 distantiam
750 1053 882 1104 cometae
905 1063 924 1105 a
945 1046 1021 1119 lixa,
1045 1063 1121 1122 quae
1144 1047 1349 1107 observatione
1372 1046 1497 1120 patescit

143 1135 209 1192 eitra
231 1131 389 1193 caleulum.
427 1131 459 1191 Si
483 1139 608 1190 errasset
624 1130 727 1208 Tycho
751 1135 779 1189 in
803 1131 926 1206 calculo,
947 1133 1010 1208 jam
1032 1132 1109 1192 hunc
1133 1151 1257 1195 errorem
1276 1132 1375 1209 Scipio
1400 1142 1495 1191 uana·

142 1222 303 1297 scripsisset
325 1219 534 1290 observationi,
558 1235 666 1294 magno
687 1221 732 1277 sui
757 1221 882 1279 instituti
897 1219 1060 1280 commodo.
1099 1218 1330 1282 Observationes
1344 1223 1421 1279 euim
1433 1220 1496 1295 jam

143 1309 218 1367 seuit
242 1315 462 1385 oppugnatum,
495 1313 525 1364 et
554 1305 615 1364 fieri
647 1312 759 1383 potest,
790 1316 823 1367 ut
845 1310 883 1366 sit
905 1306 1008 1383 aliqua
1029 1306 1191 1385 Tychouici
1215 1317 1245 1369 et
1267 1308 1497 1367 Claramontiani

142 1392 243 1455 3313311
263 1396 386 1453 minima
408 1393 581 1471 diversitas,
602 1410 692 1469 quam
714 1410 768 1453 nec
789 1394 872 1454 lubot
894 1396 1057 1472 inquirere,
1082 1411 1136 1455 nec
1158 1412 1233 1472 opus
1256 1407 1316 1470 est;
1340 1394 1378 1454 ad
1400 1396 1496 1454 mani-

142 1483 270 1542 tectiores
293 1480 412 1542 lraudes
433 1496 567 1559 propero.

243 1571 296 1629 23.
337 1568 437 1629 Altera
461 1570 548 1645 igitur
570 1575 616 1627 cst
638 1562 722 1649 (nam
738 1565 838 1643 Scipio
860 1585 907 1627 me
930 1566 1030 1628 docuit
1053 1570 1088 1641 ei,
1113 1568 1163 1643 qui
1178 1571 1209 1626 iu
1224 1585 1283 1628 uuo
1298 1567 1375 1628 lallit
1389 1569 1495 1641 aciens,

143 1658 226 1716 etiam
250 1659 280 1716 iu
304 1657 397 1717 altero
420 1672 516 1716 errore
538 1654 670 1715 fraudem
689 1653 881 1737 adscribere),
904 1655 985 1731 quod
999 1653 1097 1715 locum
1114 1664 1246 1717 cometae
1262 1657 1386 1716 assumit
1402 1654 1494 1727 illum,

142 1762 225 1819 quem
249 1746 275 1803 is
298 1744 425 1804 obtinuit
447 1743 518 1802 hora
542 1744 615 1801 inter
638 1750 764 1818 quatuor
788 1743 1010 1803 observationes
1033 1742 1218 1814 intermedia,
1250 1745 1312 1819 ipse
1342 1760 1412 1801 vero
1440 1742 1495 1801 ad-

142 1833 238 1892 sciscit
266 1838 445 1892 momcntum
475 1831 691 1890 observationis
713 1832 832 1908 primae.
878 1830 953 1889 Nam
974 1830 1077 1908 Tycho
1099 1830 1149 1889 iol.
1175 1830 1225 1888 52.
1255 1849 1292 1891 ex
1314 1830 1450 1890 omnibus
1475 1832 1495 1887 4

142 1920 397 1979 observationibus
420 1917 517 1978 locum
540 1919 663 1977 exstruit
686 1913 722 1977 30
744 1916 796 1976 310
818 1926 879 1982 m
900 1925 967 1994 post
988 1917 1090 1977 horam
1113 1927 1246 1991 sextam3
1270 1918 1342 1977 hora
1365 1919 1495 1994 praeciso

142 2014 221 2066 serta
243 2008 329 2083 ponit
349 2005 447 2066 locum
470 2000 506 2064 3⁰
520 2004 572 2065 300
593 2014 654 2068 x
675 2002 727 2064 iol.
745 2006 795 2078 86,
819 2020 888 2080 ergo
911 2006 983 2065 hora
1007 2001 1065 2086 5¹),
1088 2005 1139 2066 iol.
1162 2009 1189 2066 4.
1214 2013 1329 2065 cometa
1352 2006 1407 2065 luit
1427 2013 1495 2063 aute

143 2091 173 2153 30
194 2092 251 2153 300
287 2104 344 2163 x,
367 2092 427 2153 scil.
453 2094 482 2149 in
507 2089 543 2151 30
566 2087 661 2173 27οΙ,0
681 2101 751 2155 x.

244 2181 297 2240 30.
326 2180 426 2240 Tcrtia
449 2177 584 2255 capitalis
608 2187 637 2238 et
659 2177 811 2256 explorata
832 2178 911 2237 iraus
935 2185 979 2237 est
1001 2182 1029 2237 iu
1045 2196 1090 2251 eo,
1115 2178 1194 2254 quod
1210 2196 1277 2238 cum
1291 2181 1379 2239 sciret
1393 2177 1496 2237 Clara-

142 2268 267 2326 moutlus
290 2274 320 2327 et
340 2270 421 2343 prius
446 2270 475 2325 iu
498 2274 604 2342 quarta
626 2266 791 2341 objectione
815 2275 1072 2326 commemorasset
1095 2268 1173 2343 ipse,
1204 2265 1377 2344 Tychonam
1411 2282 1497 2324 usum

143 2370 201 2413 ease
225 2353 293 2413 loco
317 2357 375 2413 oris
398 2354 505 2430 Pegasi
529 2350 586 2413 260
610 2350 639 2411 80
671 2363 716 2416 .’.’..“
744 2370 779 2413 ex
802 2352 853 2411 sol.
877 2351 1026 2429 Tychouis
1051 2354 1109 2427 30,
1141 2356 1203 2429 ipsc
1229 2353 1292 2428 jam
1317 2356 1406 2412 utitur
1429 2352 1495 2412 loco

143 2441 201 2517 ejus
225 2440 285 2499 260
307 2442 337 2500 20
360 2458 405 2500 aa
430 2460 467 2501 ex
489 2441 539 2500 iol.
561 2441 611 2513 33,
635 2441 686 2500 ubi
709 2439 812 2517 Tycho
835 2438 953 2514 iudicat,
977 2458 1051 2516 quas
1073 2438 1271 2515 longitudines
1293 2440 1416 2500 lixarum
1439 2440 1494 2498 ad-

143 2526 239 2588 bibere
262 2526 406 2603 debuerit,
429 2545 487 2587 uon
511 2546 585 2604 quas
608 2526 784 2586 adhibuerit.
823 2526 1024 2586 Differentiam
1041 2530 1129 2603 igitur
1144 2526 1360 2602 longitudinum
1375 2526 1497 2586 adhibet

143 2614 237 2694 Scipio
263 2612 321 2674 230
339 2617 398 2688 310,
423 2625 454 2674 at
476 2614 588 2692 liquido
611 2617 708 2686 scirit,
732 2632 764 2674 se
786 2613 925 2674 adbibere
949 2615 1086 2675 debuisse
1110 2614 1302 2674 differentiam
1319 2609 1377 2673 230
1394 2611 1497 2694 40030,

145 2699 202 2785 30],
225 2702 372 2779 scrupulis
394 2703 548 2778 majorem:
582 2702 638 2761 sibi
667 2703 755 2778 igitur
778 2703 832 2776 ipsi
858 2703 996 2778 imputet,
1026 2700 1105 2778 quod
1129 2704 1217 2761 etiam
1241 2701 1409 2761 distantiam
1432 2702 1496 2761 eol·

143 2789 203 2866 ligit
226 2786 286 2849 200
302 2790 361 2863 530,
386 2808 475 2866 quam
497 2788 600 2868 'l'ycho
623 2788 793 2849 observavit
809 2783 867 2847 210
884 2790 921 2862 80,
945 2807 985 2849 33.
1011 2792 1029 2850 3
1054 2789 1155 2849 itidem
1177 2790 1322 2866 scrupulis
1344 2789 1495 2865 majorem.

145 2876 216 2952 Quid
241 2880 376 2938 meritum
400 2878 529 2937 dicamus
552 2876 630 2936 lrunc
653 2875 902 2949 calumniatorem,
926 2879 976 2952 qui
1001 2885 1033 2936 ut
1050 2876 1200 2955 Tyehonis
1223 2878 1388 2936 observatis
1410 2876 1497 2935 lidcm

144 2962 284 3039 detrabat,
308 2966 415 3024 falsum
438 2964 476 3039 id,
501 2964 580 3041 quod
603 2965 666 3039 ipse
690 2966 720 3022 iu
743 2962 931 3024 fundamenta
953 2962 1057 3025 calculi
1081 2968 1128 3023 sul
1143 2962 1298 3041 adoptavit
1311 2967 1416 3036 ueiens,
1440 2965 1497 3023 ob·

144 3053 358 3113 sectationibus
381 3051 586 3113 transscribit?

243 3142 296 3200 31.
335 3139 367 3197 13
391 3138 520 3200 3333313
536 3138 686 3217 Tychonis
710 3139 926 3211 observatione,
950 3156 985 3197 ex
1010 3139 1045 3217 113
1069 3157 1143 3215 quas
1165 3147 1256 3198 verat
1272 3137 1496 3211 claramontius,

143 3233 251 3302 quanto
280 3228 377 3287 minus
407 3245 495 3304 quam
525 3229 601 3286 cirea
631 3229 756 3304 priorem
779 3228 969 3285 committitur
990 3225 1116 3298 fraudis,
1149 3234 1232 3286 tanto
1255 3226 1349 3300 maj0r
1368 3226 1430 3301 jam
1454 3233 1498 3284 est

144 3312 303 3374 3133333311
336 3313 500 3389 petulantia
529 3315 557 3371 iu
593 3312 736 3374 turbando
773 3313 881 3373 lectore
912 3312 1061 3392 Tychonis
1084 3312 1228 3373 studioso.
1272 3312 1375 3388 Neque
1400 3324 1498 3372 tamen

142 3398 186 3460 vel
216 3400 274 3461 boe
303 3400 399 3460 solum
429 3404 458 3460 in
481 3400 651 3478 Tyehoucm
682 3403 828 3478 potuisset
849 3400 962 3476 Scipio,
992 3401 1049 3458 nisi
1071 3400 1221 3477 Tychouis
1249 3407 1363 3459 arasset
1393 3398 1496 3458 vitulo.

142 3487 182 3545 lix
205 3487 264 3547 boc
286 3490 364 3548 enim
388 3506 453 3548 cum
477 3488 627 3548 didicisset
648 3488 753 3568 (Torno
769 3488 809 3546 11.
832 3487 1056 3565 Progymnasm.
1080 3487 1131 3548 iol.
1157 3489 1225 3546 145.
1254 3489 1323 3546 156.
1349 3495 1378 3545 et
1401 3486 1496 3560 alibi),

139 3574 280 3634 brevibus
303 3578 444 3653 temporis
466 3579 621 3635 momentis
644 3593 752 3651 magna
775 3578 864 3646 verti,
894 3576 1018 3634 multum
1041 3592 1080 3636 33.
1103 3577 1132 3633 13
1156 3573 1360 3634 altitudinibus
1382 3574 1498 3651 peccari

139 3678 241 3739 posse,
265 3672 312 3735 ut,
336 3665 391 3722 nisi
416 3670 546 3741 ternpore
569 3662 824 3739 scrupulosissime
847 3662 932 3735 dato,
961 3661 1131 3723 altitudines
1155 3679 1206 3738 per
1229 3660 1374 3721 calculum
1397 3661 1497 3721 baberi

139 3750 212 3809 citra
234 3765 361 3809 errorem
382 3766 441 3811 non
466 3754 596 3828 possint:
621 3752 649 3807 in
673 3749 749 3809 hanc
772 3755 883 3828 partem
907 3752 1005 3827 potius
1027 3748 1254 3809 incumbendum
1277 3749 1333 3808 sibi
1350 3757 1394 3809 est
1408 3757 1498 3822 ratus,

138 3854 229 3913 quam
252 3854 289 3895 ex
312 3839 404 3914 ipsius
420 3838 569 3915 Tychonis
590 3836 702 3912 judicio
725 3840 864 3913 comperit
889 3854 952 3896 esse
975 3836 1210 3896 infirmissimam.
1248 3838 1294 3895 Ae
1316 3854 1381 3895 cum
1395 3836 1498 3914 Tyclro

137 3926 216 3983 inter
236 3923 427 3985 fundamenta
452 3925 732 3986 demonstrationum
755 3926 904 4000 receperit,
930 3924 976 3983 die
993 3931 1043 3987 30.
1061 3925 1236 3984 Novembris
1259 3931 1402 3984 cometam
1428 3923 1499 3981 hora

138 4018 169 4072 ὃ.
187 4011 241 4069 260
263 4012 356 4073 131333
378 4010 622 4085 311333360100,
647 4014 711 4087 ipsc
734 4012 790 4071 lroc
812 4018 944 4071 assumto
967 4011 1057 4072 lrorae
1080 4020 1228 4072 momento
1251 4018 1280 4071 et
1304 4010 1498 4070 declinatione

137 4100 374 4176 ascensioncque
398 4109 476 4161 recta
501 4108 641 4173 cornetae,
666 4107 791 4176 quantas
807 4098 910 4175 Tyclro
936 4097 1018 4165 dixit,
1042 4108 1202 4175 computat,
1226 4098 1409 4158 altitudinem
1435 4097 1499 4173 ejus

138 4201 207 4245 ease
230 4184 368 4246 debuisse
391 4204 450 4247 non
476 4186 533 4247 36⁰
557 4188 617 4259 100,
647 4185 698 4245 sed
723 4185 780 4245 36⁰
803 4187 863 4244 210.
910 4186 953 4245 ux
976 4186 1032 4246 hoc
1055 4190 1169 4263 arguit,
1194 4186 1363 4264 Tycbonem
1387 4203 1499 4245 errasse

142 4277 179 4331 il
205 4274 326 4333 minutis
350 4275 378 4330 in
403 4272 589 4334 observanda
611 4283 744 4335 cometae
766 4272 931 4333 altitudine.

248 4366 299 4421 32.
338 4360 514 4421 Dissimulat
537 4378 606 4421 vero
633 4370 660 4421 1.
677 4378 708 4421 se
731 4361 813 4431 scire,
837 4363 863 4419 si
886 4360 933 4419 vel
957 4360 1028 4420 solis
1046 4362 1086 4420 50
1110 4361 1243 4436 pulsibus
1266 4362 1398 4432 arteriae,
1422 4377 1499 4435 quae

139 4455 209 4504 sunt
232 4461 279 4507 res
302 4448 415 4509 circiter
438 4452 524 4509 unius
547 4451 650 4507 minuti
674 4449 856 4525 temporarii,
889 4448 975 4507 fuerit
1002 4449 1170 4508 observatio
1200 4450 1357 4524 posterior,
1387 4447 1500 4507 scilicet

138 4548 199 4591 non
222 4532 296 4594 hora
319 4541 347 4595 5.
366 4536 416 4595 260
433 4537 485 4613 000,
507 4534 560 4595 sed
583 4536 611 4596 b.
638 4542 665 4594 5.
690 4535 741 4595 260
759 4531 837 4594 400οι
858 4536 921 4611 J‘am
945 4538 1062 4595 omnino
1086 4536 1201 4611 prodire
1224 4533 1409 4593 altitudinem
1432 4542 1499 4594 tau·

138 4630 220 4694 tam,
248 4631 389 4699 quantam
420 4623 605 4684 observando
637 4625 748 4682 invenit
770 4623 913 4682 Braheus.
959 4623 1135 4682 Dissimulat
1157 4626 1185 4681 2.
1215 4620 1387 4698 Tychouem
1409 4623 1447 4682 ob
1471 4622 1499 4681 id

139 4710 251 4784 ipsum,
279 4710 358 4786 quod
384 4728 471 4769 arnum
494 4710 661 4787 scrupulum
686 4712 824 4787 temporis
848 4712 876 4768 in
901 4709 989 4770 dubio
1013 4721 1146 4785 poneret,
1171 4726 1321 4769 accusasse
1345 4711 1499 4770 continua·

140 4795 252 4857 tionem
275 4796 380 4859 calculi
407 4815 501 4876 usque
524 4797 563 4861 ad
584 4797 671 4860 flnem
694 4816 713 4859 a
734 4797 969 4875 Regiomoutauo
991 4797 1162 4877 praefixum.
1200 4797 1378 4859 Dissimulat
1392 4805 1423 4860 3.
1445 4799 1500 4858 uiti
