3284 5520
732 337 831 397 Liberti
849 345 916 396 ires·
1305 404 1310 415 ,
1347 358 1351 364 “
1457 299 1500 408 47

138 525 254 592 tumre,
274 510 309 577 ¹et
331 515 474 577 eoudosre
496 523 646 594 superstes
669 516 762 594 (quod
785 534 888 594 precor
910 516 1078 578 diuturnum
1102 534 1167 580 esse
1189 513 1334 599 maxime)
1357 525 1385 577 et
1408 523 1502 578 testa·

138 611 239 664 uento
262 605 390 664 moriens
413 603 586 680 relinquere,
609 606 636 663 si
658 603 740 678 velit,
762 608 867 681 possit.

245 689 335 767 Quod
364 698 500 768 superest
521 691 622 752 Sereu.
646 691 784 753 Vestram
812 689 937 770 supplex
965 708 1051 769 rogo,
1081 700 1113 752 ut
1135 709 1244 752 norum
1268 693 1404 752 clientem
1426 695 1503 753 inter

139 776 331 839 hereditatis
363 785 462 855 partes
493 779 622 855 reliquas
652 781 816 856 patrocinio
847 797 901 839 suo
933 778 1147 856 pollentissime
1179 798 1216 841 ue
1249 780 1436 857 dedignetur,
1474 767 1505 840 el

141 881 252 925 memor
283 865 397 944 gloriae
425 864 540 926 Domus
568 868 757 941 Austriseae‚
788 866 970 927 Tabularum
998 884 1017 926 a
1043 867 1258 945 liudolpho
1287 869 1389 928 Fratre
1418 867 1439 927 l.
1463 886 1520 927 m.·

142 952 397 1016 denominatarum
430 968 527 1013 euram
558 954 688 1029 aliquam
717 956 747 1011 iu
775 971 809 1016 se
838 955 966 1015 fraterna
993 957 1102 1033 pietate
1124 959 1284 1034 suscipiat,
1318 964 1413 1028 certa,
1443 972 1502 1014 uon

142 1040 231 1100 alium
262 1034 471 1121 exsequiarum
501 1041 641 1101 honorem
669 1042 937 1102 convenientiorem
967 1058 1022 1103 nee
1051 1041 1089 1102 sd
1112 1045 1315 1120 posteritatem
1338 1043 1503 1103 durabilio-

144 1145 200 1186 rem
223 1148 301 1203 esse,
325 1144 414 1209 qnam
437 1129 463 1185 si
485 1129 522 1188 de
543 1128 649 1190 studiis
672 1128 779 1189 divinis
803 1131 912 1207 optime
935 1131 1031 1189 meriti
1053 1130 1233 1191 Monarehae
1256 1147 1362 1190 nomeu
1386 1137 1415 1189 et
1437 1148 1502 1190 me·

145 1219 235 1278 noris
263 1220 371 1279 studiis
402 1216 489 1291 ipsis,
521 1208 649 1293 ut'lpso
680 1215 780 1276 udhue
809 1218 965 1293 superstite
997 1225 1028 1276 st
1053 1219 1236 1294 approbante
1263 1217 1326 1278 deri
1356 1226 1501 1295 coeptum,

148 1307 296 1366 inseratur.
342 1305 501 1369 Serenitati
524 1304 648 1363 Vestrae
670 1321 717 1364 me
741 1302 867 1364 devotus
890 1309 921 1364 ei
944 1305 1170 1364 venerabundus
1193 1303 1374 1366 commendo.

245 1448 419 1509 Soribebam
442 1444 481 1508 sd
502 1443 574 1515 Idus
597 1441 696 1521 liujus
718 1444 788 1503 anui
806 1444 900 1505 1619.
923 1416 1027 1521 Linoilp
1049 1443 1209 1527 Metropoli
1224 1446 1362 1507 Austriee
1377 1445 1503 1508 Vestrae
1563 1480 1566 1485 ·

154 1532 418 1612 snpra-unumne.
1271 1566 1275 1575 ·
1597 1532 1600 1543 “

612 1833 844 1910 Serenitois'e
881 1833 1039 1911 Vestrae

881 2148 930 2210 Ad
963 2149 1109 2226 obsequia
1139 2149 1293 2227 possibilia

905 2254 1138 2331 subjectissimus
1162 2272 1265 2314 servus

1073 2547 1237 2635 loannes
1264 2547 1449 2652 lleplerus.
