3284 5520
139 358 204 428 212
643 357 779 426 'lychonis
800 358 1010 428 Hyperospistes

140 537 225 610 dicit,
257 535 304 596 vel
327 538 423 614 potius
447 535 612 614 pollicetur,
645 555 677 596 se
699 545 762 596 toto
786 554 892 614 opere,
925 544 996 614 puta
1019 553 1075 595 non
1105 537 1199 613 primo
1223 542 1336 597 tentum
1358 542 1441 594 tomo
1464 533 1500 593 de

140 623 233 684 Stella
256 623 343 684 Nova
366 636 394 683 et
418 624 546 683 secundo
571 623 606 683 de
630 634 745 684 cometa
767 642 843 697 uno,
867 625 919 683 sed
943 626 1031 682 etiam
1056 627 1141 683 tertio
1159 623 1194 683 de
1217 624 1339 683 cometis
1368 622 1498 698 reliquis,

140 711 283 787 siquidem
307 730 373 770 eum
397 730 514 788 quoquc
538 711 650 783 ederet,
683 712 784 771 eadem
809 712 1006 770 demonstrare
1031 711 1277 788 irrefragabiliter.
1321 709 1423 785 Hujus
1447 724 1499 769 oc·

141 802 258 858 cesione
286 800 464 859 inductionis
488 799 524 856 de
547 800 680 875 pluribus
702 818 774 858 suae
798 802 904 858 aetatis
928 799 1051 873 indicat,
1082 816 1114 859 sc
1136 799 1212 858 hanc
1234 800 1407 875 concepisse
1430 814 1499 857 scu-

139 890 274 959 tentiam,
299 887 395 946 nullos
420 904 548 961 unquam
572 897 700 945 cometas
724 887 779 945 sub
797 887 910 945 Lunam
927 889 1035 947 venire.
1060 886 1201 946 Rationes
1223 886 1313 962 huJus
1335 887 1499 945 sentcntiae

139 974 293 1050 pollicetur
320 992 352 1033 se
376 975 518 1032 dicturum
543 974 623 1034 alibi.
670 972 747 1048 Quid
770 973 808 1032 ad
832 974 904 1032 llaec
928 973 1166 1033 claromontius?
1199 973 1308 1032 Plenus
1331 971 1499 1032 calumnia-

140 1079 202 1119 rum
219 1069 272 1134 est,
288 1061 360 1119 nihil
377 1065 516 1121 intactum
532 1061 676 1137 relinquit.
720 1061 896 1136 Tyaboaem,
914 1064 964 1133 ait,
980 1061 1135 1122 extendere
1149 1062 1371 1121 mactationem
1385 1061 1499 1119 hamam

137 1165 268 1207 tuarum
290 1153 448 1209 rationum
471 1149 513 1207 ad
533 1167 654 1209 omnem
677 1152 803 1209 omniuo
826 1157 983 1223 cometam,
1007 1152 1060 1226 qui
1073 1150 1169 1226 fuerit
1185 1151 1296 1225 quique
1308 1149 1439 1227 suturam
1452 1148 1499 1206 sit.

250 1237 299 1294 28.
339 1237 446 1313 Iniqua
468 1254 559 1310 mens,
584 1238 684 1313 iniqua
708 1238 810 1295 oratio.
856 1236 922 1295 Non
947 1236 991 1293 his
1020 1236 1071 1296 sed
1093 1235 1238 1296 similibus
1261 1235 1365 1295 harum
1387 1235 1500 1312 proba·

142 1324 285 1396 tionibus,
310 1326 415 1399 cuique
439 1330 569 1384 cometae
592 1326 733 1401 propriis,
758 1325 800 1382 ait
822 1342 853 1383 se
877 1324 1073 1384 demonstrare
1096 1324 1199 1383 eadem
1222 1323 1258 1382 de
1280 1323 1425 1400 pluribus,
1449 1322 1499 1397 qui

140 1428 194 1469 sua
218 1418 316 1470 aetate
338 1412 460 1486 suerint,
483 1429 540 1470 non
566 1411 736 1483 defuturis,
762 1428 818 1469 non
843 1411 878 1470 de
902 1412 1046 1471 omnibus.
1094 1411 1134 1469 At
1156 1411 1192 1472 de
1216 1411 1353 1471 omnibus
1371 1410 1436 1487 jam
1459 1412 1500 1468 uit

143 1516 175 1558 se
199 1497 276 1556 idem
300 1502 404 1559 animo
423 1517 630 1574 praesumere,
655 1515 712 1557 non
736 1500 777 1557 ait
799 1516 831 1558 se
854 1499 1078 1557 demonstrare:
1099 1516 1167 1560 nam
1192 1516 1267 1575 quae
1285 1498 1387 1575 lingua
1411 1513 1500 1575 prae·

143 1602 211 1661 ceps
235 1583 309 1644 adeo
333 1585 449 1646 diversa
472 1587 535 1645 abit
557 1604 576 1646 a
597 1596 710 1657 mente,
741 1592 772 1644 ut
803 1586 882 1645 dicat
911 1585 1093 1659 sevidisse,
1118 1585 1198 1662 quod
1228 1603 1286 1646 non
1310 1585 1403 1657 vidit,
1441 1600 1500 1642 non

144 1674 244 1731 visura
267 1682 320 1745 est,
344 1673 510 1749 parallaxes
534 1690 574 1732 sc.
599 1687 793 1745 cometarum,
818 1675 868 1749 qui
891 1682 1112 1750 praecesserunt
1134 1676 1244 1750 quique
1268 1676 1396 1734 secuturi
1420 1682 1499 1744 sunt,

41 1767 44 1771 ’
147 1777 212 1818 cum
236 1760 516 1819 demonstrationum
545 1763 665 1820 istarum
694 1762 839 1837 principia
867 1760 925 1819 sint
953 1760 1200 1821 observationes?
1244 1759 1310 1820 Non
1340 1759 1415 1819 dixit
1443 1760 1501 1819 hoc

144 1847 257 1925 Tycho,
282 1862 339 1905 non
363 1847 474 1922 relnit3
498 1865 556 1905 non
580 1847 843 1908 demonstrationes
861 1865 896 1907 ex
917 1848 1173 1908 observationibus
1193 1848 1299 1924 jactat,
1321 1846 1415 1907 veluti
1435 1847 1499 1924 jam

141 1933 257 1993 ablatas
280 1933 317 1991 de
340 1935 493 2006 omnibus,
523 1933 575 1993 sed
598 1937 746 2007 rationes,
783 1951 833 1993 cur
855 1938 897 1994 ita
919 1941 1030 1994 statuat
1054 1934 1089 1995 dc
1119 1936 1269 2009 omnibus,
1305 1936 1334 1993 iu
1367 1934 1500 1994 futurum

141 2020 258 2080 demum
282 2028 396 2098 tempus
421 2023 530 2096 rejicit,
562 2021 634 2081 alibi
657 2040 689 2080 sc
714 2021 904 2080 indicaturum
928 2020 1086 2097 pollicitus.
1123 2023 1187 2100 Ego
1212 2040 1294 2097 vero,
1319 2025 1375 2082 etsi
1398 2025 1428 2080 in
1452 2020 1500 2080 di·

140 2124 226 2167 versa
248 2109 286 2166 ab
310 2107 361 2165 illo
386 2126 449 2167 sum
474 2110 624 2185 opinions,
649 2109 722 2167 nihil
745 2109 886 2185 impedire
909 2118 1004 2182 ratus,
1037 2111 1107 2186 quin
1132 2112 1219 2169 etiam
1244 2109 1425 2186 quandoque
1446 2125 1500 2168 co·

141 2202 219 2254 meta
241 2197 388 2271 quispiam
418 2198 539 2273 propius
563 2196 682 2256 'Perram
712 2203 740 2254 et
764 2198 837 2256 citra
860 2197 961 2255 lanae
985 2196 1112 2257 confinia
1135 2198 1279 2273 trajiciat,
1303 2196 1376 2255 nihil
1401 2204 1500 2256 tatnen

141 2299 248 2342 causae
272 2282 369 2356 rideo,
394 2300 444 2341 cur
467 2285 571 2359 ipsum,
595 2283 799 2360 philosophice
824 2293 852 2343 ct
876 2286 993 2343 omnino
1019 2280 1114 2365 (quod
1138 2285 1259 2361 requirit
1282 2280 1399 2366 Scipio)
1422 2284 1501 2362 phy·

142 2373 203 2430 sice
226 2376 404 2429 statuentem
426 2372 613 2446 rationesque
638 2369 824 2449 pollicentem
847 2370 1024 2448 probabiles,
1047 2372 1181 2431 acerbius
1204 2373 1372 2447 exagitem·

246 2460 298 2517 29.
338 2454 502 2517 Universae
525 2457 730 2535 philosophiae
753 2458 810 2517 hoc
833 2466 877 2517 est
906 2461 1070 2533 ingenium,
1096 2466 1128 2517 ut
1150 2460 1297 2519 axiomata
1320 2459 1503 2520 universalia

143 2546 267 2619 primum
291 2562 327 2604 ex
351 2544 520 2605 inductione
543 2546 736 2622 singularium
758 2545 962 2605 nonnullorum
986 2548 1084 2604 animo
1108 2553 1275 2623 praesumta
1293 2544 1399 2606 deinde
1423 2564 1502 2625 pau-

140 2626 222 2690 latim
246 2631 432 2691 stabiliantur
455 2641 484 2692 et
505 2633 668 2706 firmentur,
692 2636 718 2691 si
739 2632 853 2692 nullum
876 2632 1016 2692 dissimile
1039 2636 1199 2709 reperiatur
1222 2634 1396 2710 exemplum.
1433 2632 1501 2710 Quo

140 2719 168 2775 in
192 2720 323 2794 proiectu
345 2719 386 2794 fit,
410 2728 443 2779 ut
463 2720 604 2798 plurimae
622 2728 826 2797 conceptarum
842 2722 1012 2797 opinionum
1029 2720 1119 2779 veluti
1136 2721 1220 2780 flores
1236 2722 1264 2777 in
1282 2723 1347 2798 ipso
1363 2729 1429 2782 ortu
1446 2721 1501 2781 de·

140 2805 242 2881 fluant,
265 2808 361 2884 pauci,
386 2824 460 2883 quos
474 2808 602 2868 mulcent
618 2826 717 2882 aurae,
742 2807 837 2869 firmat
853 2806 912 2881 Sol,
929 2807 1036 2867 educat
1050 2808 1149 2882 imber,
1173 2809 1203 2865 in
1218 2824 1336 2885 pomum
1353 2807 1501 2870 desinant.

561 2942 1072 3026 mmummmm

246 3072 272 3126 l.
312 3069 532 3144 Disputatorem
571 3085 602 3127 se
636 3069 717 3126 initio
747 3068 895 3143 professus
919 3067 1151 3140 claramontius,
1181 3065 1248 3126 iude
1277 3065 1422 3144 paulatim
1453 3071 1502 3127 iu·

142 3172 247 3214 census
295 3155 420 3232 denique
457 3158 484 3212 in
518 3167 655 3233 apertum
691 3154 803 3214 bostem
847 3156 968 3229 transit,
1000 3173 1054 3215 nec
1084 3155 1146 3214 ulla
1175 3155 1374 3214 circumitione
1398 3154 1501 3216 ndtnr.

140 3242 269 3301 Puerilia
293 3243 434 3302 haetenus
457 3251 539 3302 erant
568 3244 673 3320 probra
696 3245 768 3315 isin,
802 3243 928 3301 rationes
959 3242 1064 3315 falsae,
1094 3241 1272 3315 inefficaces,
1309 3257 1369 3300 non
1401 3247 1503 3303 eonsi-

139 3338 261 3391 stcntcs.
307 3330 432 3389 Pandite
455 3348 532 3388 nunc
560 3329 705 3388 Helicona
727 3330 818 3406 paulo
843 3330 955 3404 majora
979 3333 1103 3389 canenti.
1132 3329 1235 3407 Tycha
1259 3332 1289 3386 in
1311 3328 1502 3392 obseruando

139 3417 278 3492 dilipeaa,
303 3420 434 3483 iactator·
450 3418 561 3476 dubiae
583 3420 726 3492 ueritatis,
751 3416 779 3474 id
803 3425 847 3475 est
869 3416 949 3475 nulla
971 3417 1037 3489 fide,
1062 3419 1197 3476 nimirum
1221 3418 1339 3475 omnino
1362 3416 1500 3493 mendax,

142 3503 217 3563 adeo
242 3514 274 3562 ut
297 3508 366 3579 quia
388 3505 477 3563 semel
500 3506 617 3582 maius,
650 3521 767 3579 semper·
787 3504 1029 3580 praesumendam
1058 3508 1095 3563 sit
1123 3506 1224 3563 malus
1255 3506 1331 3562 circa
1355 3505 1502 3566 observa·

139 3594 242 3649 tiones.
275 3591 417 3649 Nimirum
442 3592 662 3650 ohservationes
685 3594 925 3650 comminiscitur·
946 3592 989 3650 ad
1010 3593 1172 3651 utilitatem
1196 3599 1224 3650 et
1238 3591 1381 3669 affectum
1397 3610 1499 3668 auum,

138 3680 236 3737 nimio
258 3679 369 3737 seilicet
392 3698 497 3739 aurore
518 3696 648 3737 suarum
668 3683 856 3754 positionum
872 3687 900 3737 et
914 3679 1014 3739 studio
1030 3683 1122 3738 nimia
1136 3682 1203 3737 aeri
1219 3686 1379 3753 conceptae
1393 3684 1501 3741 animo

138 3768 309 3839 smiariiae,
334 3775 462 3826 cometas
484 3768 616 3826 coelestes
639 3784 705 3840 ease,
729 3767 786 3825 ruit
809 3783 913 3825 caecus
937 3770 1163 3826 comminisceris
1185 3768 1301 3844 omnia,
1323 3769 1501 3828 inconstans

139 3859 189 3925 eat,
213 3870 297 3911 auae
320 3857 372 3926 aii,
396 3870 468 3913 mou
490 3861 590 3929 nepai.

244 3944 273 4000 ⁶2.
311 3940 361 3998 Dii
393 3943 444 3999 tibi
470 3941 538 3999 dent
563 3941 677 4018 Scipio,
710 3938 849 4016 quicquid
879 3939 973 3999 solida
1003 3942 1109 3999 virtute
1140 3941 1277 4011 mereris,
1307 3941 1351 3998 uti
1373 3949 1437 4002 tute
1470 3949 1498 4002 te

139 4029 234 4101 ipsum
263 4029 292 4083 in
322 4027 378 4086 hac
401 4027 535 4105 Tychoni
568 4029 678 4086 tributa
709 4043 835 4104 persona
870 4029 946 4085 vivis
978 4026 1134 4105 depinxisti
1162 4026 1324 4101 coloribus,
1358 4045 1414 4089 uec
1443 4046 1499 4109 po·

139 4115 245 4173 tuisset
268 4114 389 4190 Apelles
412 4115 534 4186 melius,
570 4133 624 4175 nec
653 4123 733 4173 totus
767 4114 898 4190 reliquus
926 4115 1000 4173 liber
1028 4122 1112 4186 tuus,
1149 4115 1282 4190 quamvis
1307 4113 1498 4194 undiquaque

139 4200 244 4276 plenus
267 4200 355 4276 hujus
378 4206 421 4260 tui
445 4205 563 4277 ingenii.
611 4203 739 4277 Dignum
763 4209 808 4260 est
830 4200 937 4260 Hercle
962 4212 1050 4278 caput
1079 4202 1150 4274 hoc,
1183 4199 1262 4277 quod
1292 4218 1349 4261 non
1382 4203 1498 4265 calamo

139 4288 350 4361 mathematici,
371 4289 422 4348 sed
440 4288 538 4348 duello
554 4290 693 4348 refutetur
708 4305 788 4347 more
805 4291 895 4348 veteri
912 4286 1096 4349 Germanico.
1121 4287 1207 4364 Quod
1224 4287 1342 4363 quidem
1357 4287 1497 4365 duellum,

143 4378 167 4433 si
192 4376 254 4450 ejus
287 4378 340 4435 tibi
372 4380 457 4454 copia
488 4377 536 4435 vel
567 4377 714 4436 aBrahei
737 4375 862 4435 tiliorum
885 4392 944 4435 uno
969 4376 1016 4436 vel
1046 4391 1263 4452 aquocunque
1285 4375 1386 4436 Nobili
1410 4378 1498 4439 Dauo

140 4461 188 4521 vel
213 4462 359 4522 Germano
383 4482 471 4542 super
493 4462 650 4523 asserendo
666 4462 815 4542 'l'yehonis
838 4465 930 4523 nostri
953 4462 1063 4525 honore
1085 4463 1230 4539 offeratur,
1254 4462 1407 4539 repudiare
1424 4483 1498 4529 con·

142 4548 281 4609 ditionem
305 4568 362 4610 nou
386 4560 458 4628 puto
482 4552 607 4626 poteris,
638 4568 701 4611 cum
724 4552 870 4628 geminam
894 4567 1048 4628 personam
1071 4568 1173 4627 geras,
1197 4566 1256 4609 non
1287 4558 1400 4612 tentum
1424 4553 1499 4616 doe·

141 4639 222 4711 toris,
246 4637 299 4697 sed
318 4641 438 4715 equitis,
464 4657 528 4698 curn
553 4655 687 4714 persona,
711 4655 798 4713 super
813 4638 896 4713 eujus
919 4637 1029 4698 honore
1045 4640 1279 4711 controvertitur,
1303 4642 1498 4718 epraccipua

140 4722 293 4783 nobilitate
316 4725 431 4785 Daniea
453 4729 505 4797 sit,
538 4743 602 4784 cum
626 4743 697 4802 gens
721 4727 785 4801 ipss
808 4725 988 4784 llrsheorum
1012 4725 1135 4785 Suesiac
1165 4742 1249 4802 reges
1280 4728 1498 4789 necessitudine

141 4812 299 4887 contingat.
337 4813 375 4870 At
397 4812 467 4871 mihi
493 4815 604 4873 interim
629 4829 696 4872 cum
719 4810 838 4871 doctore
859 4829 908 4873 res
930 4813 994 4874 erit.
1028 4812 1103 4873 Nam
1127 4829 1203 4888 quae
1222 4811 1303 4874 mala
1324 4815 1417 4877 verba
1432 4832 1497 4894 ego
