3284 5520
198 308 263 376 234
696 308 833 381 Tpohonis
850 308 1059 378 Hyperaspisoas

198 487 324 561 babent,
355 485 522 548 adversario
546 490 611 565 ejus
635 489 833 550 Claramontio
856 488 911 548 soli
934 490 965 547 in
988 488 1200 566 praejudicium
1222 491 1350 549 auctoris
1373 505 1432 548 non
1455 487 1554 558 credo,

201 591 296 651 eoque
320 591 413 651 neque
437 576 509 634 talia
530 577 700 652 corrigenda
722 595 818 654 neque
840 575 1001 636 monendos
1024 584 1135 637 ceteros
1159 579 1268 636 censui.

305 669 333 721 3.
371 660 518 737 Quantum
543 665 659 740 quidem
684 684 719 726 ex
743 665 932 725 claramontii
958 666 1054 724 verbis
1077 665 1213 755 conjicio,
1236 671 1345 736 auctor,
1368 664 1554 740 quiscunque

199 752 245 822 sit,
269 751 299 806 in
321 750 372 808 via
394 757 438 809 est
461 768 514 811 nec
536 755 713 827 geometriae
736 754 911 828 cognitione,
935 751 1014 827 quod
1034 750 1250 811 Claramontins
1272 751 1316 809 illi
1338 751 1450 827 objicit,
1473 755 1555 807 caret

199 844 228 897 et
250 844 382 913 superest
405 841 532 913 ingenio.
579 838 656 913 Quin
687 842 775 899 etiam
806 842 898 899 virtus
929 838 1024 899 elucet
1046 856 1110 916 cap.
1136 845 1187 899 28.
1210 837 1260 899 iol.
1285 844 1357 899 248.
1389 835 1553 896 modestiae

199 932 228 983 et
251 925 382 984 veritatis
406 934 502 985 sartae
524 934 620 986 tecua
643 927 877 999 conservandae,
902 925 970 985 dum
993 925 1064 984 nihil
1085 927 1196 1001 Jactet‚
1221 926 1300 1002 quod
1323 929 1352 983 in
1376 926 1441 1001 ejus
1463 939 1553 1000 prac-

199 1011 341 1087 indicium
365 1029 486 1089 vergere
508 1017 616 1089 possit;
646 1014 743 1075 elucet
766 1026 796 1074 ct
814 1013 957 1090 judicium
981 1015 1010 1072 in
1034 1013 1222 1074 discernendo
1247 1030 1300 1071 usu
1325 1010 1553 1074 demonstratio-

198 1115 267 1157 num
290 1115 418 1171 suarum,
442 1100 498 1158 hoc
521 1109 565 1160 est
587 1103 614 1158 in
639 1100 900 1162 circumscribendo
923 1100 988 1159 loco
1005 1100 1168 1159 altitudinis
1184 1103 1212 1158 in
1230 1099 1347 1171 mundo,
1372 1102 1449 1159 intra
1463 1114 1553 1172 quern

199 1186 264 1261 ejus
287 1187 443 1245 observata
467 1190 664 1247 testimoninm
688 1190 784 1249 dicere
807 1192 927 1266 possint.
973 1187 1067 1262 Quale
1091 1187 1209 1264 quidem
1228 1187 1372 1263 judicium
1394 1190 1422 1245 in
1447 1185 1553 1243 Clara-

199 1276 311 1333 montin
336 1276 437 1334 mento
461 1278 591 1350 requiro,
623 1276 701 1351 quod
725 1276 775 1336 ills
797 1280 822 1335 si
845 1275 1043 1347 adhibuisset,
1074 1283 1104 1334 et
1126 1277 1222 1334 minus
1244 1292 1292 1335 ars
1313 1284 1413 1334 nostra
1437 1272 1474 1332 de
1498 1289 1554 1329 sua

200 1363 414 1422 existimatione
436 1378 488 1437 per
510 1361 615 1422 librum
639 1364 703 1439 ejus
726 1363 895 1441 deperderet
918 1363 997 1439 apud
1020 1364 1226 1423 inexercitatos
1249 1370 1279 1421 et
1297 1365 1393 1423 minus
1408 1360 1480 1420 mibi
1496 1378 1553 1419 na·

199 1458 261 1508 tum
284 1457 360 1508 esset
383 1449 491 1509 laboris
514 1453 543 1508 in
566 1450 718 1510 refutando
741 1451 825 1511 libro.
839 1447 883 1523 ¹²⁵)

305 1542 333 1595 t.
365 1536 461 1596 Lubet
484 1544 580 1597 tamen
604 1555 661 1597 non
684 1541 747 1599 siue
770 1539 921 1615 spicilegio
941 1535 1073 1614 pagellas
1094 1536 1149 1595 has
1164 1535 1202 1596 ad
1217 1535 1302 1596 finem
1319 1552 1413 1612 nsque
1428 1533 1496 1594 iibri
1513 1534 1553 1593 Il.

199 1639 372 1702 percurrere.
412 1624 496 1683 Folio
519 1627 606 1701 igitur
622 1631 694 1684 249.
719 1633 747 1685 et
769 1626 960 1703 sequentibus
975 1632 1097 1702 apparet
1112 1623 1228 1683 undam
1244 1623 1447 1700 liquidissime,
1472 1622 1554 1698 quod

199 1712 282 1769 initio
313 1709 490 1770 detensionis
519 1712 607 1787 hujus
638 1711 795 1772 mussando
826 1714 923 1789 tetigi,
956 1722 1080 1788 quantas
1108 1712 1324 1771 claromontius
1354 1710 1494 1771 tenebras
1523 1711 1554 1766 in

200 1798 361 1858 doctrinam
384 1797 577 1875 parallarium
601 1799 722 1860 invehat
743 1803 902 1859 novatione
926 1801 1122 1871 terminorum,
1146 1800 1215 1858 dum
1239 1797 1400 1875 parallaxin
1424 1799 1556 1856 vertica-

199 1886 257 1945 lem
280 1885 425 1962 appellat,
450 1904 541 1960 quam
561 1903 614 1945 uos
638 1885 800 1963 patellarin
823 1886 994 1946 altitudinis.
1040 1886 1114 1946 Nam
1139 1888 1297 1945 astronomi
1319 1883 1438 1961 quidem
1461 1885 1556 1943 ceteri

199 1970 342 2032 correlata
362 1982 533 2048 agnoscunt,
557 1972 718 2051 peraltaxin
742 1973 914 2045 altitudinis,
938 1972 1148 2034 horizontalsm
1167 1975 1323 2032 maximam
1339 1981 1369 2031 et
1383 1969 1555 2031 verticalcm

200 2059 327 2130 nullam,
350 2058 432 2118 sidus
454 2062 531 2120 enim
554 2063 582 2118 in
608 2063 714 2121 vortice
738 2070 816 2122 caret
837 2060 997 2136 paraliaxi:
1029 2070 1060 2119 at
1084 2078 1153 2121 vero
1176 2068 1276 2121 noster
1298 2057 1556 2119 Obscurimeutius

201 2163 273 2206 voce
297 2145 443 2206 verticalis
465 2164 523 2206 non
547 2147 741 2208 elevationem
763 2149 874 2220 sideris,
898 2148 949 2208 sed
973 2147 1270 2221 circulum'insinuat,
1294 2156 1322 2206 et
1345 2146 1458 2207 abolita
1481 2162 1557 2204 voce

198 2233 377 2306 altitudinis,
407 2234 491 2310 cujus
518 2238 699 2312 cognominis
729 2235 886 2313 parallaris
915 2238 1009 2295 omnis
1038 2244 1082 2294 est
1110 2252 1181 2294 sane
1208 2236 1238 2292 in
1268 2232 1556 2305 circulo⁸verticali,

198 2321 360 2398 parallcrin
386 2321 552 2382 verticulum
575 2333 677 2382 contra
698 2323 863 2399 parallarcs
887 2322 1105 2395 declinationis,
1128 2340 1188 2383 asc.
1212 2329 1325 2393 rectae,
1349 2319 1558 2397 longitudinis,

199 2408 376 2481 latitudinis,
399 2408 556 2469 distantiae
579 2428 598 2469 a
620 2412 679 2470 lira
700 2419 755 2471 otc.
779 2420 880 2471 contra
903 2412 1063 2485 distinguit.
1110 2409 1184 2485 Quis
1206 2409 1264 2469 hoc
1285 2408 1360 2468 ierat
1382 2410 1411 2465 in
1434 2408 1557 2467 bomine

200 2496 301 2556 rroro‘?
332 2495 448 2554 Suadeo
477 2499 602 2570 auctori,
634 2499 717 2574 cujus
748 2498 796 2557 hic
824 2517 856 2556 se
880 2497 1096 2557 claromontius
1128 2496 1328 2556 adversarium
1350 2497 1440 2572 gerit,
1474 2503 1509 2554 ut
1530 2497 1558 2554 si

199 2601 391 2661 responsurus
407 2593 461 2657 ast,
483 2602 670 2661 ricquaquam
694 2604 725 2646 se
748 2588 876 2662 patiatur
899 2585 978 2659 adigi
1001 2585 1038 2644 ad
1063 2602 1147 2643 usum
1170 2601 1286 2656 vocum,
1310 2584 1348 2642 nb
1364 2582 1450 2643 hoste
1466 2600 1559 2658 prae·

200 2672 348 2748 scriptum,
372 2687 467 2747 neque
490 2679 582 2731 totum
605 2691 698 2749 genus
722 2673 917 2750 parallaxiunr
939 2671 1103 2732 altitudinis
1126 2674 1211 2731 unius
1234 2673 1344 2748 speciei
1368 2670 1431 2745 (rel
1454 2665 1560 2752 quasi)

201 2757 345 2819 vocabulo
368 2758 534 2834 parallaxes
557 2760 710 2821 verticalos
731 2760 894 2838 appellitet.

305 2851 334 2906 b.
365 2845 448 2907 Haec
471 2846 587 2922 quidem
611 2850 709 2907 cautio
731 2866 814 2907 suam
833 2847 896 2923 jam
919 2847 1009 2907 habet
1031 2847 1196 2918 utilitatem,
1222 2864 1288 2906 cum
1311 2845 1439 2904 dinrissis
1453 2843 1560 2922 paral-

199 2931 316 2992 laxibus
345 2935 415 3010 ipsis
443 2933 482 2993 ad
512 2953 611 2994 earum
636 2935 812 2995 differentias
836 2934 1039 3010 indigetandas
1063 2942 1092 2994 et
1114 2933 1322 3010 expendendas
1343 2930 1559 3010 progredimur.

199 3020 275 3080 Nam
291 3019 489 3081 claramontio
513 3021 629 3097 qnidam
653 3022 854 3099 parallaxium,
879 3029 911 3081 ut
932 3023 995 3096 ipse
1018 3030 1149 3098 usurpat,
1174 3021 1356 3082 verticalium
1374 3019 1560 3080 differentiae

199 3106 281 3166 nullo
309 3110 506 3183 quantitatum
536 3108 584 3168 vel
613 3109 799 3169 altitudinum
828 3109 993 3169 discrimine
1016 3109 1072 3168 hoc
1093 3112 1219 3167 nominis
1241 3111 1290 3186 jus
1313 3110 1370 3167 sibi
1394 3093 1560 3181 viudicant,

199 3203 231 3252 at
258 3195 344 3254 nobis
374 3198 477 3255 ceteris
506 3200 680 3257 astronomis
710 3196 949 3273 eparallaxibua
979 3195 1141 3255 altitudinis
1173 3195 1241 3255 illae
1271 3198 1411 3256 maximas
1444 3194 1559 3255 habent

201 3281 392 3356 differentias,
424 3301 500 3360 quae
529 3285 661 3345 locorum
691 3287 816 3345 vertices
845 3287 1033 3344 circumstant
1062 3301 1156 3359 eoque
1178 3301 1267 3344 sensu
1291 3284 1376 3343 nobis
1400 3282 1560 3344 verticates

201 3368 349 3442 dicuntur,
381 3371 449 3431 illae
479 3380 580 3432 contra
610 3375 744 3432 minimas
774 3390 809 3431 ac
831 3389 905 3447 pene
929 3371 1038 3443 nullas,
1069 3388 1146 3447 quae
1176 3374 1205 3429 iu
1237 3372 1367 3432 locorum
1388 3369 1561 3433 horizontes

200 3459 402 3533 procumbunt,
426 3461 507 3535 ipsae
530 3477 637 3537 perse
660 3459 794 3536 singulae
817 3461 975 3526 existentes
998 3460 1151 3519 maximae.

676 3606 717 3671 hd
740 3606 835 3685 Capiti
856 3604 905 3669 to.
937 3603 989 3669 iol.
1013 3605 1081 3670 idi.

309 3727 334 3778 1.
368 3721 411 3779 Ex
433 3720 489 3781 hoc
513 3723 608 3798 capite
630 3738 744 3780 rursum
767 3729 898 3796 apparet,
922 3729 1033 3794 quanto
1057 3736 1123 3779 cum
1147 3719 1320 3780 detrimento
1335 3721 1468 3781 veritatis
1485 3720 1561 3781 Cla·

201 3810 362 3868 ramontius
385 3810 461 3868 circa
482 3810 670 3868 retractiones
692 3808 895 3868 hallucinatur.
942 3808 1154 3884 Argumentum
1176 3809 1267 3881 enim,
1300 3809 1378 3883 quod
1401 3808 1449 3867 hic
1471 3808 1563 3868 refert

201 3915 237 3955 ex
260 3904 378 3955 auctore
401 3898 599 3967 innominato,
625 3896 660 3955 de
682 3912 788 3973 genere
812 3898 986 3970 optimorum
1010 3903 1071 3968 est,
1094 3897 1119 3953 si
1143 3896 1315 3954 necessariis
1338 3896 1487 3971 requisitis
1509 3897 1562 3953 in-

201 3991 337 4057 struatur,
362 3984 386 4041 si
410 3985 545 4042 nimirum
567 3991 681 4043 cometa
694 3984 781 4041 lixam
797 3981 926 4058 aliquam
942 3981 1066 4041 dirersis
1080 3982 1152 4040 locis
1168 3982 1313 4059 longeque
1329 3982 1437 4041 dissitis
1452 3981 1561 4042 eodem

202 4080 349 4132 momento
379 4068 475 4152 (quod
504 4088 556 4146 pro
586 4071 755 4130 diversitate
786 4068 1010 4128 meridianorum
1039 4070 1123 4128 aliter
1151 4078 1239 4145 atque
1267 4069 1353 4129 aliter
1374 4066 1562 4150 numeretur)

203 4167 305 4219 exacte
335 4166 425 4235 tegat.
470 4157 561 4218 Hisce
584 4166 681 4218 tamen
706 4158 842 4216 omnibus
866 4160 893 4213 in
919 4164 1032 4233 promtu
1056 4159 1176 4233 positis,
1209 4156 1425 4216 Claramuntius
1446 4156 1563 4217 nibilo-

197 4250 298 4322 priuus
321 4249 454 4324 excipere
478 4246 542 4304 vult
564 4254 666 4305 contra
689 4246 811 4304 obtentu
832 4245 1047 4313 retractionum,
1072 4261 1148 4319 quae
1172 4261 1237 4303 cum
1261 4244 1384 4303 diversis
1404 4244 1476 4303 locis
1498 4247 1564 4304 sint

204 4336 378 4413 quantitatis
408 4333 557 4405 diversae,
587 4332 648 4393 lieri
677 4349 746 4409 ergo
768 4348 872 4407 posse,
904 4339 936 4390 nt
959 4339 1072 4392 cometa
1095 4331 1181 4390 fixam
1204 4335 1255 4390 uni
1278 4332 1343 4391 loco
1367 4338 1494 4392 tecturus
1519 4333 1563 4392 ob

202 4421 383 4504 paralisim,
407 4419 490 4481 atteri
513 4437 572 4480 non
595 4428 723 4480 tecturus
747 4421 785 4477 ob
808 4418 945 4493 eandem,
976 4426 1059 4496 tegat
1084 4419 1147 4494 jam
1178 4418 1243 4479 loco
1275 4420 1391 4495 utrique
1411 4418 1493 4481 illam
1518 4420 1563 4479 ob

204 4509 410 4571 refractionunr
431 4515 626 4584 permutatam
649 4525 715 4567 cum
736 4506 937 4583 parallaribus
959 4508 1186 4585 proportionem.

311 4604 339 4656 2.
374 4596 515 4656 Nimirum
539 4596 575 4656 do
598 4596 802 4671 conjunctione
825 4597 938 4654 censuit
959 4594 1037 4652 idem
1060 4593 1117 4652 dici
1140 4610 1235 4669 posse,
1259 4593 1337 4669 quod
1360 4593 1396 4653 de
1419 4593 1565 4653 distantia

206 4682 306 4760 aliqua
332 4684 495 4759 majuscula
519 4702 537 4743 a
559 4684 618 4742 tina
647 4685 676 4740 in
709 4682 810 4742 eodem
842 4681 984 4742 verticuli.
1029 4680 1121 4757 Atqui
1151 4699 1197 4740 res
1226 4682 1314 4742 habet
1344 4682 1432 4758 longe
1462 4681 1564 4741 aliter.

205 4770 281 4831 liam
309 4782 458 4851 utsupra
484 4770 522 4831 ad
548 4778 638 4850 caput
661 4776 712 4831 at.
739 4787 860 4830 numero
884 4775 912 4830 8.
944 4780 973 4830 et
997 4768 1061 4843 jam
1088 4767 1197 4829 dudum
1221 4771 1250 4829 in
1275 4768 1388 4848 Opticis
1410 4767 1462 4828 iol.
1487 4775 1563 4830 112.
