3284 5520
703 330 792 388 Notas
809 329 940 388 Editotis.
1125 320 1127 325 ’
1432 328 1497 399 291

143 518 217 568 quen
235 507 289 556 sibi
307 512 422 572 arrogat,
439 512 465 573 et
482 521 551 573 rere,
570 509 591 556 si
610 509 739 569 reiicietur
756 507 898 572 conclusio,
918 512 1027 557 comem
1045 520 1099 555 esse
1118 506 1250 569 coelestes,
1268 520 1387 572 maguam
1406 509 1495 558 confu-

140 576 203 623 tatio
228 577 258 624 in
275 575 381 641 Keplert
404 576 519 626 dourins
541 580 639 626 ruinam
663 578 748 628 trabit.
786 577 859 626 Haec
881 578 957 626 verba
975 577 1078 640 liepleri
1100 579 1180 641 ipsius
1202 582 1334 626 testantur.
1371 576 1497 640 Tychonis

138 654 249 704 systema
267 645 360 695 tsisnm
379 660 432 695 esse
451 648 580 696 contendit
597 661 659 712 prae
677 646 863 712 Gopernioano,
889 649 935 696 hoc
958 654 997 695 est
1018 649 1119 695 omnino
1144 646 1246 710 falsum,
1271 663 1327 696 narn
1346 650 1440 697 honum
1459 654 1498 698 est

139 715 284 770 relativum.
303 723 330 765 at
348 731 434 765 rerum
452 716 609 781 absolutum,
628 725 656 765 ut
674 718 826 782 quandoque
845 717 907 765 dicit
925 715 1080 766 Aristoteles.
1117 717 1228 767 Deinde:
1254 732 1348 767 errasse
1365 720 1393 767 iu
1411 718 1497 782 parsl-

138 781 191 832 lui
209 784 303 834 liartis
321 787 471 847 Tychonem,
491 791 610 852 quoniam
629 788 685 836 tdit
702 789 806 836 calculis
825 801 926 835 snorum
945 785 1114 851 alumnorum
1134 793 1231 835 tautum
1245 802 1349 836 errorem
1362 794 1387 837 et
1399 795 1497 837 tantam

139 852 321 918 negligatiam
336 859 445 917 junctim
463 859 571 906 tribuere
593 860 702 921 principi
721 859 831 921 cuipiam
848 865 1048 905 astronomorum
1065 859 1204 921 permittet,
1223 865 1252 905 ut
1269 859 1399 906 credamus
1417 860 1497 907 zelum

140 927 192 984 eins
212 925 319 975 honoris
335 927 363 974 in
382 941 419 987 eu,
438 929 483 991 qni
501 942 533 975 ea
550 928 659 976 tributii
677 929 731 991 Ego
750 940 799 976 non
819 926 899 986 eredo,
917 928 961 975 sed
975 934 1000 974 et
1010 927 1099 975 modus
1114 928 1265 975 detensionis
1277 928 1344 975 idem
1357 930 1497 979 confirmat.

139 994 265 1058 llepIsrus
282 1008 353 1045 meas
370 998 480 1046 rationes
498 1011 548 1045 non
566 996 641 1046 aliter
659 996 743 1063 solvit,
762 1011 838 1061 quam
856 997 971 1058 negando
990 999 1176 1045 observationes
1189 998 1352 1061 Landgravii,
1371 998 1397 1046 id
1416 1009 1453 1046 est
1470 1001 1497 1046 in

138 1064 173 1113 eis
198 1066 265 1129 ipsis
286 1067 412 1127 iudicium
430 1065 571 1127 Tychonis:
595 1073 660 1115 certe
682 1068 730 1116 hoc
747 1081 798 1115 non
816 1072 855 1116 est
872 1067 931 1115 ildei
949 1066 1098 1128 defensuris,
1123 1069 1168 1131 qui
1185 1070 1363 1115 tumultuarias
1381 1074 1455 1117 sucat
1473 1075 1499 1116 et

138 1134 267 1183 inurdum
290 1137 367 1185 falsas
394 1137 581 1186 observationes
599 1136 735 1198 Tychouis.
772 1136 896 1201 Keplerus
919 1138 1088 1198 trajecturiam
1111 1151 1181 1184 suam
1205 1139 1232 1186 in
1255 1137 1437 1201 Hyperaspiete
1460 1143 1498 1186 ter

142 1208 281 1269 quemque
300 1207 413 1255 obtrudit
430 1216 455 1254 et
473 1207 546 1255 fulcit
562 1209 635 1255 novis
653 1209 811 1268 conjecturis,
829 1219 894 1270 qnae
913 1208 1058 1268 trajectoria
1071 1222 1084 1254 e
1096 1208 1197 1271 regione
1214 1214 1339 1270 repugnat
1356 1209 1497 1257 rationibus

140 1273 267 1334 '1‘5clrords
291 1290 427 1341 earumque
450 1277 624 1328 fundamento.
659 1277 726 1325 Dum
752 1292 810 1341 ergo
829 1277 952 1339 lieplerus
976 1279 1002 1324 in
1027 1276 1111 1324 media
1133 1279 1191 1339 ipsa
1209 1277 1352 1326 detonsione
1370 1276 1498 1338 'lychonis

139 1345 297 1404 trajectoriae
315 1349 467 1395 mentionem
486 1352 511 1394 et
530 1348 744 1395 confirmationem
763 1353 850 1412 ponat,
869 1348 927 1410 quis
945 1360 996 1393 nun
1015 1347 1092 1409 ridet,
1110 1345 1183 1395 illum
1201 1362 1246 1410 pro
1263 1362 1299 1412 se,
1319 1361 1368 1396 uon
1385 1362 1431 1410 pro
1444 1347 1497 1409 Ty-

141 1413 217 1461 ehone
236 1422 346 1465 certasu
364 1422 391 1464 et
407 1415 576 1465 defensionem
594 1417 795 1465 accommodasse
812 1430 858 1465 suo
876 1418 957 1480 ipsios
975 1417 1089 1479 placito?
1538 1478 1541 1483 Α

240 1483 308 1533 Prae
326 1500 352 1534 se
369 1485 419 1533 fert
436 1487 530 1549 pariter
548 1485 670 1550 Keplerus
689 1485 769 1534 zelum
787 1500 906 1546 magnum
924 1487 1051 1544 veritatis,
1070 1499 1136 1549 quae
1154 1485 1284 1535 simulatio
1303 1486 1336 1534 ad
1354 1487 1430 1535 ildem
1449 1488 1495 1536 ob·

141 1553 270 1602 tinendam
287 1556 316 1603 in
334 1557 454 1605 lectorum
473 1558 564 1604 animis
582 1558 668 1621 magni
687 1563 726 1604 est
743 1558 870 1608 momenti.
905 1557 995 1604 Verum
1013 1556 1088 1618 longe
1106 1557 1194 1603 abesse
1212 1557 1244 1603 ab
1264 1560 1317 1615 ejns
1330 1559 1415 1604 animo
1429 1561 1496 1618 ejus·

140 1622 207 1671 modi
231 1623 438 1690 philosophicum
460 1624 552 1688 ιοΙοῐο,
578 1639 629 1675 non
654 1632 691 1674 est
709 1623 813 1674 difficile
830 1640 973 1687 agnoscere.
1010 1625 1074 1674 liam
1099 1624 1212 1673 defendit
1229 1626 1373 1686 Tychonem
1390 1627 1417 1674 in
1436 1641 1497 1675 oon·

140 1690 260 1751 elusione,
279 1709 357 1759 qnam
376 1697 431 1760 ipse
449 1709 533 1744 veram
551 1710 602 1743 nou
620 1696 706 1757 credit,
726 1703 751 1744 et
769 1698 796 1744 in
814 1697 963 1758 rationibus,
982 1709 1046 1759 quas
1064 1697 1118 1759 ipse
1131 1709 1176 1756 pro
1189 1709 1238 1743 non
1252 1698 1400 1744 necessariis
1413 1698 1498 1746 habet.

140 1761 225 1811 Prima
242 1764 344 1814 falsitas
362 1764 465 1828 liepleri
483 1772 532 1814 est:
551 1767 677 1827 Tyohonis
695 1768 806 1814 rationes
824 1781 878 1814 esse
895 1767 1050 1815 necessarias
1069 1779 1099 1813 eo
1117 1765 1341 1826 demonstrativas,
1361 1781 1417 1814 eum
1436 1767 1498 1814 alibi

141 1838 249 1888 ureret,
268 1848 312 1883 eas
329 1848 384 1883 esse
401 1836 558 1898 probabilesr
585 1838 612 1899 2)
631 1836 692 1884 dicit
712 1832 848 1900 lieplerus,
875 1837 984 1884 rationes
1002 1850 1019 1883 a
1036 1837 1153 1892 Trohoue
1171 1837 1314 1899 propositas
1332 1850 1386 1884 esse
1405 1837 1498 1898 proba·

142 1901 212 1960 biles,
231 1918 297 1968 quse
315 1912 400 1954 umen
419 1906 512 1968 ubique
531 1911 559 1953 ut
576 1908 748 1972 geometricas,
766 1906 946 1970 arithmeticas,
965 1905 1123 1955 athlantaeas
1140 1908 1272 1970 proponit3
1293 1905 1319 1969 3)
1332 1920 1371 1953 me
1390 1906 1420 1954 de
1437 1920 1498 1969 pro·

143 1972 276 2022 babiiitate
295 1975 423 2023 rationum
440 1973 568 2035 Tychonls
587 1975 743 2039 disputasse,
767 1975 835 2039 quod
860 1990 916 2024 cum
935 1975 996 2024 adeo
1016 1977 1150 2024 abhorreat
1168 1990 1184 2021 ο
1202 1976 1284 2023 verbis
1303 1977 1378 2036 meis,
1402 1981 1500 2039 oportet

143 2040 198 2090 bnis
217 2050 307 2092 notam
325 2059 379 2093 esse
397 2051 510 2108 apertam
528 2045 666 2093 falsitatem
686 2046 747 2093 dicti
765 2048 818 2104 sui;
843 2046 870 2108 4)
889 2045 1016 2106 Tychouis
1041 2046 1226 2094 conclusionem
1251 2046 1328 2093 fuisse
1346 2046 1499 2094 decernetis

143 2112 224 2160 solnm
243 2127 260 2160 a
277 2128 305 2162 se
322 2116 470 2180 observatis,
490 2116 558 2179 quod
577 2116 695 2163 coelestes
712 2115 813 2173 fuerint,
832 2129 882 2163 nou
902 2116 933 2163 de
951 2117 1067 2164 omuibus
1087 2123 1111 2163 et
1128 2117 1269 2179 praeteritis
1282 2122 1306 2163 et
1319 2115 1423 2164 futuris:
1442 2129 1499 2163 cum

142 2188 245 2247 constet,
264 2184 348 2246 ipsum
366 2185 397 2233 de
415 2186 532 2233 omnibus
551 2187 653 2233 cometis
671 2198 727 2233 eam
745 2183 930 2234 conclusionem
947 2186 1091 2248 protulisse.
1123 2184 1253 2233 Falsitotis
1266 2191 1440 2245 argumentum
1453 2192 1498 2250 est,

143 2251 206 2315 qaod
224 2267 284 2301 mea
302 2256 379 2302 verbs
396 2259 422 2302 et
439 2256 590 2303 seutentiam
608 2255 747 2319 depravata
764 2261 789 2302 et
806 2262 903 2304 mutate
915 2256 997 2315 refert,
1015 2257 1082 2319 quod
1096 2270 1122 2303 se
1136 2256 1327 2310 „astronomiae
1340 2256 1498 2315 'llychoulcae

142 2323 322 2383 professorem“
342 2326 487 2382 subscribit,
505 2329 534 2372 st
550 2325 637 2388 palam
655 2339 682 2373 se
699 2323 832 2389 Ceperniei
850 2338 983 2389 sequacem
1002 2325 1123 2389 ostendit3
1145 2327 1170 2372 iu
1195 2339 1232 2372 ure
1256 2325 1419 2373 describendo
1433 2338 1498 2372 nune

142 2392 249 2453 peritum
272 2395 424 2457 geometriae
447 2394 520 2458 dicte,
544 2392 715 2458 parallsxiurn
740 2394 954 2443 accuratissimum
978 2396 1137 2458 scriptorem,
1162 2408 1229 2441 nunc
1247 2396 1329 2442 omnis
1348 2396 1499 2453 cognitionis

142 2463 331 2512 mathematicae
349 2470 374 2512 et
391 2465 560 2513 astronomiae
580 2471 703 2512 exsortem
722 2466 791 2523 tacit,
809 2466 903 2513 alicubi
921 2463 1088 2513 subtilitatem
1107 2466 1203 2527 tribuit,
1223 2465 1286 2511 alibi
1304 2463 1438 2511 stultitiam
1453 2479 1498 2511 ex-

143 2531 252 2596 probrat,
266 2533 414 2583 tarditatem
423 2548 503 2598 usque
512 2535 647 2597 asininam,
663 2540 687 2582 et
700 2536 745 2599 qui
757 2534 821 2582 nihil
834 2535 941 2596 videam,
955 2549 1010 2583 eum
1023 2535 1149 2582 interdum
1162 2532 1361 2582 ocrrlatissimum
1375 2535 1498 2598 appellet.

243 2619 274 2666 In
291 2621 462 2670 maledicendo
482 2622 559 2669 etlam
577 2622 639 2669 mihi
657 2622 779 2686 Keplerns
796 2623 863 2670 nius
882 2636 954 2671 omne
973 2624 1024 2677 fas,
1043 2624 1110 2669 nitra
1128 2636 1213 2668 omines
1232 2622 1325 2669 limites
1344 2622 1498 2686 disputatio-

142 2699 198 2734 nem
224 2686 396 2739 litererlarum
419 2697 444 2739 et
462 2689 593 2740 civilitatis
610 2696 768 2754 praetentum
788 2693 864 2740 sumit
881 2687 985 2740 ultionis
1004 2691 1145 2753 Tychonis3
1173 2693 1283 2739 nemesin
1306 2693 1432 2756 quandam
1452 2693 1498 2739 ob-

143 2757 228 2822 tendit,
247 2759 322 2823 qnasi
335 2774 381 2825 ego
394 2773 484 2826 nempe
496 2762 602 2822 ianrias
615 2763 641 2808 in
654 2762 795 2822 Tychonem
814 2768 839 2810 et
856 2765 950 2825 probra
968 2763 1113 2822 ingesserim
1133 2770 1157 2809 et
1176 2763 1196 2809 is
1216 2770 1322 2824 regerat.
1354 2762 1388 2809 At
1407 2761 1499 2809 falsum

142 2825 185 2875 boe
204 2843 260 2877 esse
279 2834 304 2877 et
321 2829 513 2879 maledicentiae
531 2833 585 2892 ejus
602 2833 788 2895 improbitatem
802 2831 940 2880 ostendam.
978 2833 1083 2879 ticcasio
1103 2832 1150 2878 fuit
1170 2832 1295 2892 diputatio
1314 2833 1340 2879 in
1359 2846 1385 2878 re
1404 2845 1499 2879 summe

145 2904 318 2963 controversa3
344 2901 441 2949 accurri
464 2914 524 2965 ego,
546 2902 591 2965 qui
615 2902 635 2949 si
660 2915 710 2949 non
735 2901 819 2966 aliud,
846 2900 935 2950 saltem
955 2908 1033 2949 totam
1052 2906 1160 2949 aetstmr
1180 2915 1285 2963 eamque
1302 2900 1452 2964 longaevam
1472 2903 1499 2949 in

145 2966 234 3017 studiis
253 2967 430 3034 philosophiae
448 2974 522 3034 posui
540 2971 573 3018 ad
592 2985 647 3019 eam
666 2971 876 3020 dissertationem.
913 2970 981 3032 Quid
1000 2972 1112 3019 alienum
1130 2986 1146 3018 a
1164 2969 1318 3032 professione
1338 2973 1403 3018 ieci?
1432 2970 1497 3028 Quid

144 3048 217 3100 supra
237 3037 382 3088 libertatem
400 3039 614 3104 philosophandi?
634 3079 639 3091 .
661 3077 666 3089 .
688 3077 694 3090 .
715 3079 720 3090 .
758 3039 924 3104 Comparatur
942 3042 1028 3105 opinio
1047 3043 1199 3089 tricennaria
1217 3055 1273 3088 cum
1292 3042 1411 3104 opinione
1430 3043 1499 3090 2000

144 3117 273 3171 annorum,
292 3111 379 3174 opinio
398 3108 527 3170 Tychouis
546 3117 570 3158 et
587 3109 689 3174 ltepiori
711 3124 766 3158 cum
785 3113 905 3175 opinione
924 3112 1079 3174 Aristotelis,
1098 3110 1223 3169 Platonis,
1243 3110 1407 3175 Graecorum,
1427 3111 1499 3159 Lati-

144 3186 243 3242 norum,
263 3179 389 3244 Arabum,
415 3181 560 3228 academiae
578 3180 738 3244 Parisiensls,
757 3180 956 3229 Germanicarum
977 3187 1033 3245 cto,
1059 3181 1290 3229 matbematicorum
1309 3187 1439 3245 praeterea
1458 3183 1499 3228 in-

145 3246 259 3310 signium,
278 3262 386 3312 quorum
398 3247 556 3299 Ptolemaeus
575 3264 639 3298 unus
657 3251 737 3298 instar
752 3252 871 3314 omnium,
891 3250 1104 3315 Regiomontanns
1117 3252 1197 3298 inetur
1208 3247 1358 3314 multorum3
1378 3264 1434 3298 eum
1447 3264 1500 3315 quo

144 3314 341 3377 legiomontano
365 3320 422 3383 quls
446 3321 509 3368 adeo
536 3321 603 3368 male
625 3321 729 3368 feriatus
755 3321 789 3367 sit
814 3323 856 3384 qui
884 3326 1019 3384 componat
1036 3320 1178 3380 'l'ychonsm
1199 3325 1223 3367 et
1241 3320 1396 3384 Keplerum‘l
1423 3320 1456 3368 Et
1473 3320 1500 3368 ln

146 3388 331 3451 comparatione
349 3389 413 3438 adeo
432 3388 551 3438 dissimili
569 3391 628 3454 erit,
647 3391 691 3454 qui
709 3389 801 3438 audeat
821 3397 963 3452 corruptam
981 3398 1088 3438 mentem
1107 3393 1228 3454 tribucre,
1253 3392 1431 3456 temeritatem,
1451 3391 1501 3437 im-

147 3458 273 3517 peritiam,
293 3458 433 3507 doctrinam
452 3457 604 3507 aboiendam
624 3461 661 3521 ei,
680 3461 725 3525 qui
743 3465 781 3507 tot
799 3461 952 3522 seculorum,
972 3466 1010 3508 tot
1028 3461 1170 3524 doctorum,
1195 3464 1321 3507 tentmnm
1339 3460 1500 3507 mathemati-

148 3537 224 3575 coru·
250 3529 400 3577 sententiam
425 3532 565 3593 aequaturi
592 3529 664 3578 Nunc
688 3543 743 3578 eum
767 3531 793 3577 in
817 3532 925 3594 antiqua
950 3532 1074 3578 sententia
1097 3536 1135 3578 tot
1158 3528 1311 3594 praecedunt
1330 3530 1500 3578 mathematici

149 3598 295 3662 navinimi
315 3598 421 3647 audebit
437 3604 522 3647 amen
541 3599 675 3663 lieplerus,
695 3600 778 3648 tenuis
795 3599 858 3648 adeo
878 3607 903 3648 et
920 3600 1059 3664 indigestae
1078 3601 1105 3647 in
1123 3601 1238 3648 omnibns
1257 3601 1388 3648 sententiis
1406 3599 1501 3648 doetri-

150 3676 190 3714 nae
208 3667 295 3731 bomo,
314 3682 369 3716 eam
388 3674 514 3718 sectantes
531 3671 680 3717 temeritatis
699 3675 723 3717 et
740 3672 831 3717 mentis
850 3677 981 3734 corruptae
1000 3670 1155 3718 damnaret‘
1175 3676 1221 3719 eto.

249 3734 411 3787 Concludens
425 3736 611 3787 Claramontins
629 3741 701 3787 affert
722 3741 878 3803 »exemplum
898 3746 982 3788 contre
1001 3747 1132 3787 novatores
1150 3740 1217 3787 leues
1236 3753 1267 3787 ao
1284 3739 1399 3787 turbidos
1418 3739 1500 3786 scien·

151 3802 235 3855 fletum
262 3821 294 3855 ac
318 3809 410 3856 artium
433 3811 527 3873 passim
550 3815 738 3873 susceptarum«
766 3811 916 3856 sententiam
944 3824 972 3856 rs
991 3811 1117 3870 jndicibus
1136 3810 1250 3857 selectis«
1269 3806 1455 3872 promulgatam
1472 3809 1501 3856 in

152 3870 244 3924 Petrum
264 3876 372 3927 Remum
391 3878 518 3942 (Lutetiae
537 3883 560 3928 i.
580 3877 634 3930 cal.
653 3878 727 3930 lilart.
748 3877 844 3943 1040),
864 3886 888 3927 et
905 3878 1008 3926 tandem
1026 3881 1062 3927 sic
1079 3881 1153 3926 tinem
1171 3879 1234 3927 facit
1251 3880 1311 3927 libri
1330 3880 1383 3928 sui:
1405 3874 1501 3926 »Doleo

150 3946 213 3993 tuam
231 3948 329 4013 vicem3
357 3949 470 3998 credisne
488 3954 512 3996 te
530 3951 681 4011 imposuisse
699 3951 878 4014 sapientibus?
905 3950 996 3996 Actum
1015 3960 1080 3997 esset
1099 3950 1129 3997 de
1146 3949 1331 3997 mathematicis
1349 3949 1398 3996 hoc
1416 3944 1501 3995 seculo

152 4015 271 4082 edentur,
297 4019 318 4066 si
343 4033 419 4082 penes
443 4032 529 4067 earum
550 4018 703 4082 professores
726 4032 771 4083 pro
790 4021 947 4078 geometricis
965 4021 1105 4067 rationibus
1123 4028 1200 4084 atque
1219 4019 1348 4067 instantiis
1367 4017 1503 4065 maledicta

153 4080 311 4151 itllsclaeque
333 4093 438 4152 possent
464 4090 585 4137 sustinere
610 4090 699 4140 vicem.
735 4088 824 4137 Nescio
847 4102 924 4153 quam
948 4091 1034 4153 aequis
1057 4091 1162 4137 auribus
1185 4088 1342 4137 audientium
1362 4085 1402 4135 vel
1421 4086 1502 4134 oculis

153 4144 281 4214 legentium
297 4159 390 4224 uteris,
409 4157 469 4207 dum
488 4164 632 4223 agnoscent,
652 4164 676 4206 te
693 4172 744 4207 non
761 4173 806 4222 pro
825 4161 930 4206 veritate
949 4173 979 4207 ac
996 4174 1042 4221 pro
1061 4159 1144 4208 officio
1163 4160 1307 4222 scripsisse,
1331 4157 1374 4205 sed
1393 4170 1438 4220 pro
1458 4160 1503 4202 tua

154 4217 208 4273 itlse
234 4228 356 4291 opinione
383 4234 491 4278 cenasse
517 4229 551 4276 ad
579 4231 682 4292 eiusque
710 4228 878 4277 defensionem
905 4229 1103 4277 adumbrandsm
1129 4229 1342 4293 perturbationem
1369 4228 1501 4273 veritatum

156 4296 395 4358 mathematicam,
420 4299 582 4347 violationem
607 4299 719 4347 methodi
745 4313 829 4346 earum
848 4300 981 4346 reveritum
1000 4313 1049 4346 non
1070 4314 1131 4351 esse.
1151 4325 1184 4334 -
1204 4299 1303 4360 Reputo
1321 4304 1345 4344 ts
1363 4294 1444 4344 nobili
1462 4295 1504 4359 (ut

154 4363 236 4432 ectio)
257 4380 349 4426 genere
372 4374 454 4417 onum
479 4382 545 4426 esse,
570 4367 676 4417 multam
698 4370 807 4417 nominis
830 4367 1000 4417 celebritatem
1025 4370 1150 4424 obtinere:
1180 4368 1325 4431 considera,
1354 4368 1397 4430 qui
1422 4379 1502 4412 mores

155 4426 271 4485 honinem
294 4439 457 4502 conspicuum
484 4437 601 4487 deceant:
627 4439 672 4486 hos
697 4453 808 4503 sequere.
844 4438 892 4486 Pro
917 4439 1055 4488 christiana
1082 4439 1205 4487 charitate
1230 4435 1286 4485 loco
1311 4434 1502 4484 maledictorum

156 4495 275 4555 incubi
293 4509 400 4557 amicam
420 4507 618 4557 admonitionem
638 4509 756 4571 rependo.

248 4577 342 4625 Verum
362 4579 504 4626 enimvero
524 4579 618 4627 sonore
636 4579 715 4626 multo
734 4579 907 4627 admonitione
927 4580 959 4626 ob
978 4578 1004 4625 ld
1023 4591 1095 4640 eges,
1119 4576 1188 4640 quod
1208 4577 1299 4636 hegiae
1318 4577 1344 4623 in
1363 4573 1503 4638 appendice

157 4634 337 4709 Hrperssptstis
355 4646 525 4698 maledixeris.
563 4648 678 4696 Debebat
702 4655 725 4696 te
751 4648 886 4696 admonere
904 4662 1009 4713 nomen,
1036 4648 1105 4711 quod
1123 4649 1155 4694 ab
1175 4647 1383 4694 snrrominsttono
1401 4659 1456 4693 cum
1476 4651 1504 4692 tu

159 4707 293 4781 tanneris,
312 4731 362 4766 non
382 4723 521 4767 esttamen
539 4717 566 4766 id
585 4718 688 4767 fortuito
707 4718 810 4768 factum.
847 4719 874 4767 Si
893 4716 971 4778 segle
990 4718 1149 4781 splendorem
1168 4717 1308 4779 significat,
1331 4720 1382 4777 jem
1401 4716 1445 4778 qul
1463 4711 1502 4762 ilii

160 4779 309 4836 demantur
331 4793 398 4846 sunt,
413 4790 441 4837 in
465 4789 583 4841 tenebris.
619 4789 697 4854 Aperi
720 4786 807 4838 oeulos
828 4789 894 4850 luci,
917 4786 1020 4838 sonsum
1039 4789 1087 4836 tibi
1105 4793 1130 4835 et
1148 4801 1179 4836 ex
1198 4788 1311 4835 obscuris
1330 4788 1458 4836 senticosis
1477 4786 1505 4831 in

1226 4873 1297 4935 19*
