3284 5520
204 309 268 379 136
709 304 1059 364 cannamomum

203 487 307 549 eadem
330 504 401 564 pars
424 488 579 548 contraria.
620 486 698 563 Quin
721 489 810 565 igitur
828 487 940 564 junctis
962 487 1130 562 agminibus
1152 486 1282 548 universi
1304 487 1417 549 ruimus
1438 487 1470 546 in
1493 491 1570 547 vota

203 586 232 637 et
266 576 488 652 deprecationes
523 574 759 649 ardentissimas,
794 576 891 637 Deum
924 575 1127 648 obsecrantes,
1163 592 1200 633 ne
1229 577 1358 651 peccatis
1391 573 1567 652 urgentibus

203 667 352 741 permittat
369 663 478 723 bellum
501 682 589 739 super
604 663 746 724 electione
761 671 791 723 ct
806 664 994 723 successione
1016 662 1266 722 luctuosissimum
1279 670 1310 723 at
1331 663 1432 739 legum
1447 661 1565 738 imperii

203 751 461 811 labefactationem
495 747 601 832 (quam
635 768 774 811 excursus
806 758 985 812 cometarum
1019 768 1038 810 a
1073 753 1123 809 ria
1155 752 1237 826 regia
1267 749 1306 812 ad
1338 750 1431 812 latera
1463 747 1568 809 muudi

204 840 396 899 enormissimi
419 841 523 897 minari
548 832 704 918 videntur),
726 839 892 915 posteritati
915 854 1033 913 quoquc
1057 835 1223 897 dolendam.

308 925 412 1002 Magni
441 925 567 1001 alicujus
597 927 710 1002 imperii
739 925 914 985 divisionem
942 943 978 984 ex
1001 924 1145 985 dirismno
1168 925 1257 1003 uulua
1279 930 1410 985 cometae
1433 925 1465 981 in
1488 922 1566 983 duos

204 1024 233 1072 et
259 1010 440 1073 discessione
470 1030 569 1072 eorum
598 1015 628 1071 in
654 1012 758 1089 plagas
786 1013 946 1072 contrarias
971 1012 1157 1072 verisimilem
1181 1029 1259 1086 esse,
1293 1019 1361 1072 sunt
1383 1013 1434 1088 qui
1458 1030 1495 1071 ex
1518 1028 1566 1071 ne

204 1099 381 1160 audiverunt
396 1118 496 1160 meuse
520 1100 616 1160 adhuc
632 1100 799 1178 Decembri,
821 1100 905 1175 cujus
929 1099 1193 1175 repraesentandae
1216 1117 1307 1159 causa
1327 1107 1444 1178 praeter
1467 1105 1568 1159 cetera

204 1205 268 1246 sum
299 1205 371 1246 usus
399 1188 456 1247 hoc
488 1189 576 1247 etiam
600 1186 751 1263 exemplo:
782 1189 809 1247 si
831 1186 992 1246 Tuscorum
1015 1192 1190 1263 imperatore
1212 1194 1328 1247 mortuo
1349 1187 1416 1247 sine
1436 1183 1565 1245 haerede

204 1273 316 1345 adulto,
339 1276 492 1334 bassamm
515 1293 590 1334 unus
612 1278 642 1332 in
665 1276 802 1351 Aegypto
823 1276 907 1350 regia
929 1277 1089 1335 constituta
1111 1274 1227 1352 Syriam
1250 1282 1286 1335 et'
1296 1275 1397 1333 Asiam
1420 1273 1565 1346 obtineat,

205 1362 279 1420 alter
310 1362 480 1438 Europaeos
518 1365 685 1438 provincias
716 1360 839 1421 invadat
872 1369 902 1420 ct
931 1361 1071 1421 simulata
1103 1361 1244 1437 religione
1276 1361 1442 1422 Christiana
1475 1361 1568 1420 etiarn

203 1446 351 1524 ngariae
374 1458 491 1509 nostrae
514 1449 632 1508 residua
648 1455 749 1523 tentet,
771 1447 1019 1524 redintegratione
1041 1450 1123 1524 regni
1146 1449 1261 1526 antiqui
1285 1450 1447 1525 proposita.
1485 1446 1567 1508 Satis
1617 1490 1622 1505 .

205 1535 297 1595 multa
322 1538 473 1612 nimioque
502 1538 595 1595 multa
623 1536 701 1609 dixi,
734 1536 858 1596 necdum
881 1545 979 1595 tamen
1002 1538 1125 1596 curiosis
1148 1535 1287 1597 satisfeci.
1331 1535 1408 1595 Nam
1430 1535 1488 1595 boc
1511 1552 1567 1594 ex·

203 1625 353 1701 spectatis,
376 1627 448 1698 scio,
470 1632 504 1683 ut
527 1624 636 1697 dicam,
660 1641 806 1698 quaenam
829 1625 1021 1699 expertibus
1040 1624 1104 1699 jam
1127 1621 1237 1683 dudum
1259 1623 1422 1683 mauiieatia
1446 1636 1476 1683 et
1499 1639 1565 1682 ear·

204 1713 321 1770 taminia
351 1714 438 1771 certis
467 1713 506 1770 sit
533 1717 723 1787 superatura,
755 1719 785 1770 et
812 1712 931 1770 omnino
954 1712 1089 1787 quisnam
1112 1727 1168 1785 ego
1192 1713 1264 1785 sim,
1300 1712 1376 1770 votis
1400 1709 1514 1770 scilicet
1536 1716 1567 1770 et

205 1800 434 1859 ominationibus
456 1800 546 1871 meis,
578 1807 641 1858 ater
663 1816 701 1857 au
724 1797 826 1869 albus,
848 1805 915 1870 aut,
938 1806 972 1857 ut
994 1815 1048 1857 nos
1071 1797 1235 1871 Teutones,
1268 1799 1374 1874 vulpes
1396 1815 1435 1856 au
1457 1796 1565 1873 lepus?

203 1886 280 1944 Nam
296 1885 377 1960 quod
400 1887 524 1962 quisque
539 1893 631 1962 optat,
655 1903 701 1946 me
717 1885 780 1944 vult
802 1886 965 1958 vaticinari,
989 1893 1020 1945 et
1034 1886 1163 1944 vicissim
1186 1903 1221 1944 ex
1235 1903 1282 1960 eo,
1306 1883 1386 1961 quod
1409 1885 1565 1957 vabcinor,

205 1991 271 2032 mea
303 1981 375 2032 vota
407 1974 541 2049 conjicit,
576 1974 679 2032 morbo
711 1973 802 2032 animi
835 1974 981 2031 communi
1015 1974 1104 2033 totius
1136 1975 1252 2049 generis
1287 1972 1416 2031 humaui.
1462 1969 1566 2047 Quid?

204 2060 307 2135 Egone
327 2059 457 2136 judicem
479 2078 566 2136 mam
590 2077 696 2120 causae
719 2062 861 2132 omnium,
885 2077 963 2135 quae
986 2069 1108 2137 possunt
1131 2077 1195 2121 esse
1218 2058 1386 2119 maximae?
1415 2055 1566 2134 Utrosque

205 2150 294 2223 igitur
326 2147 472 2207 damnabo
501 2148 652 2207 criminis?
684 2144 913 2207 Univeraitatem
942 2150 1032 2207 totius
1061 2149 1173 2223 gentis,
1207 2163 1263 2223 ego
1286 2145 1385 2207 uuus?
1423 2146 1568 2206 Facerem

206 2233 341 2312 equidem
370 2242 400 2294 et
421 2234 451 2293 id
474 2253 510 2294 ex
533 2236 647 2308 animo,
678 2237 703 2293 si
722 2234 816 2311 judex
839 2252 934 2294 essem
956 2233 1052 2294 datus.
1098 2233 1175 2310 Quid
1198 2234 1309 2312 igitur?
1343 2230 1568 2294 Multitudiuem

205 2321 348 2383 audiam?
387 2323 427 2380 At
454 2325 589 2398 utrinque
619 2322 683 2399 ejus
704 2339 773 2397 pars
794 2337 854 2381 una
875 2322 1005 2398 loquitur
1028 2330 1213 2398 arguuntque
1235 2330 1349 2384 mutuo.
1395 2321 1443 2379 Aa
1466 2320 1566 2381 Deum

205 2417 357 2471 auctorem
379 2410 509 2486 sequar?
547 2411 635 2468 Atia
657 2412 773 2485 siguum
796 2409 932 2470 omuibus
955 2408 1034 2469 idom
1055 2411 1211 2485 proposuit
1232 2411 1262 2467 in
1285 2408 1387 2483 coelo,
1413 2407 1494 2485 quod
1517 2408 1567 2469 rol

205 2501 302 2575 ipsum
325 2496 484 2558 admoneat
504 2496 652 2575 singulos,
681 2497 730 2556 vel
753 2497 951 2557 calamitatem
973 2496 1171 2558 universalem
1193 2497 1283 2558 talem
1305 2495 1476 2570 denunciet,
1506 2513 1567 2572 qua

207 2587 387 2661 corrigantur
417 2586 536 2662 singuli.
580 2584 681 2658 Felix,
713 2586 764 2659 qui
786 2602 806 2643 a
827 2587 912 2660 siguo
936 2586 1042 2660 corripi
1064 2601 1096 2645 se
1119 2601 1225 2660 passus
1247 2582 1446 2645 calamitatem
1469 2585 1567 2659 ipsam

206 2672 254 2733 vel
279 2672 394 2747 effugit,
431 2672 480 2733 vol
507 2674 647 2732 sanctiori
668 2672 767 2731 animo
790 2675 923 2733 sustinet
967 2671 1022 2731 Est
1043 2673 1153 2748 quippe
1175 2671 1249 2732 baec
1269 2689 1339 2748 pars
1360 2669 1567 2749 providentias

206 2762 278 2831 Dei,
311 2760 367 2819 boo
390 2760 467 2819 illius
489 2763 649 2833 intentum,
672 2768 705 2818 ut
728 2761 859 2819 immissa
881 2759 1049 2819 calamitate
1071 2761 1145 2819 vitia
1167 2758 1313 2835 quaedam
1335 2758 1446 2835 publici
1469 2765 1567 2818 status

206 2856 254 2908 sat
276 2854 347 2906 nota
363 2846 561 2920 emendentur,
584 2847 746 2924 pertinacia
759 2846 910 2906 bominum
932 2850 962 2904 in
977 2848 1129 2923 proposito
1145 2845 1224 2906 malo
1242 2846 1403 2923 frangatur,
1425 2846 1568 2924 superbia

207 2943 237 2997 et
263 2942 413 3010 respectus
441 2935 609 3007 hominum,
643 2950 819 3009 quocunque
848 2933 891 2993 illi
923 2933 1008 2993 titulo
1040 2933 1088 2993 rel
1118 2934 1279 3009 glorientur
1307 2932 1357 2995 vel
1389 2933 1565 3009 vendantur,

207 3021 401 3084 contundatur
423 3029 452 3081 et
474 3023 529 3081 sub
552 3022 618 3081 Deo
640 3020 825 3093 humilietur,
857 3021 1039 3097 sophismata
1060 3020 1199 3096 politica,
1228 3022 1353 3098 quibus,
1383 3028 1417 3080 ut
1440 3022 1568 3098 quisque

208 3127 244 3170 ax
260 3110 366 3169 allecta
381 3108 511 3184 loquitur
525 3111 634 3184 agitve,
656 3110 701 3168 ira
715 3111 841 3167 maxime
859 3109 991 3185 implicat
1006 3110 1193 3184 annectitque
1208 3108 1379 3186 longissime
1395 3107 1567 3183 dividenda,

208 3215 241 3257 se
264 3199 361 3272 ipsum
385 3205 414 3255 et
437 3203 548 3256 ceteros
571 3195 730 3272 decipiens,
753 3195 836 3269 baec,
860 3198 989 3272 inquam,
1011 3195 1194 3272 sophismata
1213 3194 1411 3256 dissolvantur
1433 3198 1464 3254 iu
1486 3213 1568 3272 aqua

208 3285 277 3343 lorti
304 3285 486 3343 miseriarum
514 3292 544 3344 et
571 3283 769 3358 lacrimarum,
802 3290 972 3360 praetextus
999 3284 1165 3360 religionis,
1200 3285 1412 3356 conscientiae,
1445 3285 1567 3360 pietatis

209 3374 277 3447 igne
300 3373 470 3431 tentationis
494 3379 665 3442 exurantur,
696 3371 870 3447 cupiditates
893 3380 923 3431 et
945 3371 1088 3443 facinora,
1111 3373 1167 3431 sub
1190 3370 1248 3430 illis
1271 3369 1472 3448 praetextibus
1494 3369 1567 3430 lati·

209 3461 320 3532 tautia,
349 3457 547 3532 denudentur,
577 3476 685 3519 causae
715 3458 873 3531 malorum,
902 3461 972 3534 quia
998 3458 1132 3519 homines
1160 3476 1261 3518 sumus
1290 3461 1403 3519 ratione
1430 3457 1566 3536 praediti,

210 3546 393 3621 indagentur,
416 3549 543 3623 partium
566 3545 665 3606 studia
687 3552 716 3605 et
738 3547 874 3605 instituta
892 3546 1091 3605 curiosissima
1113 3553 1143 3605 ct
1165 3548 1394 3622 exquisitissima
1416 3548 1568 3606 anatomia

210 3634 426 3705 examinentur,
460 3636 538 3694 bona
560 3651 580 3692 a
606 3634 692 3692 malis
720 3633 920 3695 discernantur
948 3635 1141 3692 minutissime
1169 3636 1271 3709 sicque
1298 3650 1354 3694 nec
1380 3634 1505 3692 nimium
1527 3633 1566 3692 ab

209 3721 335 3781 adversa
356 3728 439 3798 parte
462 3728 591 3798 petatur,
619 3739 674 3781 neo
695 3723 816 3780 nimium
838 3728 961 3795 negetur
982 3723 1104 3796 petenti,
1128 3721 1179 3796 qui
1200 3723 1310 3797 privati
1332 3720 1371 3780 ad
1392 3721 1470 3781 haue
1491 3737 1567 3781 eon-

210 3810 348 3868 cisionem
377 3815 407 3868 et
437 3809 652 3868 distinctionem
675 3826 795 3884 operam
818 3808 968 3869 conferunt
991 3814 1044 3868 aut
1066 3808 1216 3882 deserunt,
1249 3809 1271 3865 ii
1293 3825 1330 3868 ne
1354 3807 1567 3869 contumeliose

209 3895 404 3972 repellantur,
442 3903 495 3955 aut
526 3895 642 3971 objecto
676 3894 808 3955 dissensu
841 3894 1036 3954 multitudinis
1071 3891 1164 3976 (quae
1197 3894 1368 3972 plerumque
1402 3903 1431 3955 ot
1466 3897 1496 3953 iu
1531 3913 1567 3955 ea

208 3982 452 4062 popularissimus
484 3985 609 4058 quisquc
642 3983 814 4043 discretione
848 3980 938 4060 caret)
971 3984 1189 4058 opprimantur;
1227 3991 1280 4042 aut
1312 3982 1476 4060 siquidem,
1514 3983 1567 4058 qui

208 4073 343 4132 homines
365 4077 434 4130 sunt
456 4072 560 4144 creati,
583 4073 605 4129 ii
626 4071 734 4130 luerim
756 4077 789 4130 ut
810 4087 904 4146 equus
927 4077 956 4128 et
978 4068 1083 4142 mulus,
1107 4071 1215 4145 quibus
1238 4087 1296 4130 nou
1319 4078 1365 4130 est
1387 4069 1564 4143 intellectus,

110 4165 113 4169 ’
210 4166 243 4218 ut
273 4160 362 4234 igitur
391 4158 496 4218 saltem
527 4165 624 4217 aretur
651 4157 832 4218 sterilesceus
862 4156 978 4216 illorum
1000 4157 1096 4216 solum
1114 4157 1274 4232 jaceatque
1297 4157 1433 4217 feriatum
1455 4156 1567 4218 novale

209 4252 457 4323 praepareturque
473 4246 730 4306 stercorationibus
744 4245 825 4304 bisce
840 4244 878 4304 ad
894 4251 1054 4305 sementem
1068 4261 1210 4304 annorum
1224 4247 1419 4321 sequentium.
1458 4241 1567 4322 Itaque

209 4332 303 4393 mulia
332 4351 387 4408 ego
417 4336 544 4403 omiuor,
580 4350 656 4407 quae
685 4332 756 4392 mihi
785 4350 972 4408 nequaquam
999 4338 1068 4390 suut
1096 4333 1126 4390 in
1150 4334 1259 4410 optatis
1284 4339 1413 4408 atquae
1435 4333 1568 4393 moribus

210 4420 372 4480 emendatis
401 4438 488 4497 spero
517 4422 611 4479 avorti
636 4438 734 4498 possa
779 4419 857 4479 Amo
890 4426 921 4479 at
953 4420 1018 4479 colo
1050 4419 1159 4478 animal
1194 4418 1266 4477 illud
1293 4421 1408 4496 generis
1430 4420 1564 4479 ucuuiua
1612 4417 1614 4421 ’

211 4514 262 4570 (etr.
281 4513 332 4565 vol.
349 4515 369 4562 1.
395 4529 421 4576 p.
438 4514 514 4578 tau),
542 4509 591 4567 cui
616 4506 679 4583 jam
710 4506 818 4566 dudum
841 4509 959 4566 sinistra
982 4508 1108 4579 omiuor,
1136 4509 1229 4581 magis
1252 4515 1351 4566 tamen
1377 4514 1411 4566 ut
1432 4524 1466 4567 se
1488 4506 1567 4582 trogi

211 4598 338 4667 praestet
365 4602 453 4671 opto;
485 4595 568 4670 cujus
599 4593 695 4655 lanius
726 4612 792 4655 cum
814 4597 921 4667 securi,
951 4601 984 4653 ot
1006 4592 1152 4671 praedixi,
1176 4594 1240 4670 Jam
1263 4593 1406 4671 prodiisse
1427 4596 1565 4670 ictusque

212 4681 381 4740 occasiones
404 4689 434 4741 et
455 4684 641 4742 securitatem
664 4684 884 4759 circumspicere
907 4681 1030 4742 videtur.
1068 4680 1161 4742 Tenet
1178 4680 1322 4757 equidem,
1346 4683 1372 4740 si
1394 4681 1471 4742 beno
1493 4682 1566 4740 uori

213 4767 409 4844 coripsdeam,
440 4769 636 4848 improvidum
658 4787 762 4849 pecus,
795 4769 885 4846 idque
914 4771 957 4831 ita
986 4768 1129 4845 tutumm,
1167 4767 1254 4831 doleo
1297 4767 1418 4845 quidem
1444 4775 1566 4849 proptor
