3284 5520
636 324 690 379 Seu
709 326 743 380 de
761 325 784 379 N
788 327 830 380 ire
848 323 1007 394 sexangula.
1440 326 1504 396 727

143 517 250 578 corpus
271 501 405 562 naturale
428 501 579 563 definitum
602 510 697 562 certae
720 511 750 564 et
771 502 912 563 durabilis
926 505 1036 564 formae
1052 503 1113 564 liat.
1151 502 1337 580 Respondeo,
1363 506 1504 565 rationo·

141 589 338 648 formatricem
360 606 419 649 non
443 598 556 649 tautum
579 608 667 667 agere
690 600 807 667 propter
829 590 925 663 finem,
949 591 1001 651 ssd
1025 594 1115 651 etiam
1138 600 1256 669 propter
1279 599 1425 663 ornatum,
1451 609 1505 653 nco

143 675 241 734 solum
264 675 382 736 tendere
406 677 443 736 ad
467 695 591 753 corpora
613 678 760 738 naturalia
780 678 942 751 efficienda,
965 679 1016 738 sed
1032 681 1122 738 etiam
1137 678 1232 737 solare
1248 678 1348 739 ludere
1364 681 1392 736 in
1409 680 1504 747 fluxis,

143 764 225 839 qnod
256 762 356 822 multis
386 764 528 823 fossiltum
558 765 699 841 exemplis
728 774 818 841 patet.
865 765 994 840 Quorum
1018 783 1073 842 ego
1098 768 1299 824 universorum
1322 769 1505 827 rationema

143 851 258 910 ludicro
283 850 367 925 (dnm
392 850 515 911 dicimus
539 862 673 911 naturam
697 851 810 928 ludere)
839 854 875 910 ad
904 852 980 913 hanc
1010 857 1115 912 seriam
1139 855 1329 911 intentionem
1354 856 1504 928 transiero,

146 937 226 1013 qnod
249 947 331 1013 puto,
355 938 497 1012 calorem,
522 943 573 1015 qui
595 940 736 999 hactenus
760 940 911 999 tutabatur
934 944 1095 1012 materiam,
1119 941 1169 999 ubi
1191 958 1209 998 a
1233 942 1430 998 circumstanti
1453 941 1504 998 fri-

144 1042 215 1100 gore
239 1028 374 1097 vincitur,
399 1034 431 1084 ut
453 1027 595 1086 hactenus
619 1026 720 1087 ordine
742 1027 851 1101 egebat
874 1023 1003 1107 (rationo
1029 1030 1138 1104 quippe
1160 1027 1324 1086 formatrice
1348 1024 1504 1109 imbutus),

146 1112 247 1170 ordine
270 1113 431 1187 pugnabat,
456 1117 498 1172 sic
519 1115 580 1189 jam
603 1130 657 1171 suo
681 1114 808 1189 quodam
833 1115 933 1172 ordine
957 1124 985 1173 et
1008 1115 1095 1190 fugae
1119 1131 1183 1172 sese
1199 1130 1368 1189 comparare
1383 1115 1505 1191 pedem·

144 1217 202 1275 que
233 1201 338 1258 referre
371 1208 400 1259 et
429 1199 539 1258 diutins
571 1201 692 1261 haerere
721 1204 750 1259 in
775 1203 884 1277 sparsis
909 1205 970 1258 istis
995 1211 1024 1260 et
1046 1202 1201 1259 ordinatim
1224 1200 1316 1258 veluti
1337 1217 1389 1277 per
1412 1203 1504 1263 aciem

145 1287 307 1345 distributis
337 1290 439 1358 ramis,
473 1306 561 1363 quam
589 1292 616 1345 iu
641 1297 704 1346 tota
727 1287 840 1363 reliqua
862 1292 1000 1360 materia,
1031 1296 1120 1364 atque
1143 1289 1185 1346 sic
1207 1303 1293 1346 aurae
1316 1287 1439 1360 habere,
1472 1295 1505 1348 ut

146 1374 241 1450 (quod
266 1373 302 1430 do
320 1371 495 1451 Olympiade
512 1376 637 1434 referunt
653 1377 792 1434 historiae
801 1374 834 1451 ³)
857 1392 915 1433 non
939 1376 1091 1434 inhoneste
1114 1391 1167 1434 nec
1191 1374 1385 1434 inverecunde
1408 1376 1504 1436 cadat.

251 1461 336 1518 filins
360 1461 467 1537 aliquis
490 1464 624 1537 objiciat,
657 1462 765 1538 plantis
787 1462 910 1537 singulis
934 1463 1065 1539 singulas
1089 1479 1154 1521 esee
1176 1460 1332 1520 facultates
1354 1462 1505 1535 animales,

145 1564 211 1604 cnm
234 1550 356 1606 seorsim
380 1553 467 1608 ctiam
483 1551 645 1608 subsistant
660 1567 812 1626 corporum
826 1549 991 1626 plantarum
1007 1549 1133 1624 singula,
1156 1556 1369 1624 proptereaque
1383 1550 1423 1606 nil
1440 1567 1505 1609 cssc

145 1636 265 1706 mirum,
288 1635 412 1710 singulis
437 1641 523 1694 etiam
548 1636 679 1713 singulas
702 1640 796 1713 aptari
819 1636 938 1711 figuras.
984 1637 1017 1694 Iu
1041 1639 1117 1694 nivis
1142 1652 1210 1694 vero
1235 1634 1366 1710 qualibet
1388 1636 1506 1696 stellula

148 1720 327 1798 peculiarem
350 1722 459 1797 fingere
482 1727 619 1796 animaru,
643 1741 695 1800 per
716 1742 781 1784 esse
804 1724 967 1795 ridiculum,
991 1741 1081 1800 quare
1104 1741 1140 1783 ne
1164 1722 1282 1797 quidem
1306 1722 1413 1798 figuras
1427 1726 1505 1783 nivis
1538 1712 1543 1726 '

147 1809 251 1867 eodem
274 1809 361 1867 modo
387 1827 422 1869 cx
446 1812 561 1871 animae
584 1827 672 1886 opere
696 1819 727 1869 nt
749 1815 778 1868 iu
801 1811 910 1888 plantis
933 1811 1128 1871 deducendas.

250 1894 437 1972 Respondeo,
461 1916 520 1956 reru
542 1901 678 1974 utrinqne
694 1899 863 1957 similiorem
880 1917 953 1971 esse,
977 1916 1074 1974 quam,
1099 1899 1149 1972 qni
1164 1896 1238 1955 haec
1254 1897 1367 1982 objicit,
1389 1895 1505 1955 credere

145 1983 249 2058 possit.
288 1983 409 2057 Demus,
432 1985 541 2060 plantis
563 1986 688 2061 singulis
711 1986 842 2061 singulas
867 2004 931 2046 esse
954 1987 1117 2055 facultates,
1142 1993 1173 2042 at
1196 2000 1249 2043 eae
1272 1999 1373 2043 omnes
1388 1982 1506 2043 soboles

144 2077 215 2127 sunt
237 2072 323 2128 nnius
346 2081 375 2130 et
398 2072 528 2147 ejusdcm
552 2072 702 2131 facultatis
725 2073 912 2146 irnivorsalis,
945 2090 1021 2149 quae
1052 2077 1081 2130 in
1105 2072 1196 2132 Terra
1219 2073 1295 2129 inest
1317 2086 1452 2146 quaeque
1474 2086 1506 2129 se

146 2156 237 2214 habet
259 2157 297 2214 ad
320 2157 450 2233 plantas,
484 2168 517 2218 ut
544 2159 668 2218 facultas
697 2177 792 2235 aquae
816 2160 854 2218 ad
877 2163 993 2238 pisces,
1025 2158 1149 2218 facultas
1172 2158 1292 2216 humani
1316 2160 1445 2233 corporis
1468 2155 1506 2216 ad

145 2243 314 2320 pediculos,
346 2249 441 2303 canini
471 2246 507 2304 ad
536 2246 662 2322 pulices,
693 2247 773 2304 ovilli
804 2246 841 2305 ad
865 2247 946 2306 aliud
968 2264 1061 2323 genus
1085 2245 1294 2321 pediculorum.
1339 2244 1404 2302 Non
1429 2246 1506 2303 cuim

146 2348 248 2389 omnes
271 2330 391 2406 plantae
415 2351 450 2391 cx
469 2336 588 2402 semine,
612 2333 770 2408 pleraeque
786 2332 816 2406 ἐξ
831 2332 1000 2407 ‹adroparav
1015 2336 1139 2410 primum
1155 2341 1246 2400 ortae,
1269 2333 1323 2391 etsi
1338 2348 1404 2390 sese
1419 2347 1506 2407 porro

145 2421 299 2476 seminent
337 2419 476 2479 Facultae
500 2424 575 2478 enirn
598 2420 718 2493 Terrae,
743 2438 819 2495 quae
841 2439 873 2480 se
897 2423 962 2496 ipsa
984 2438 1042 2480 una
1065 2429 1109 2480 est
1132 2430 1161 2481 et
1183 2418 1296 2491 eadem,
1320 2418 1426 2477 dividit
1440 2434 1506 2477 sese

146 2508 323 2580 incorpora
347 2515 376 2564 et
399 2524 464 2565 cum
488 2508 658 2585 corporibus
681 2509 769 2584 inque
792 2525 828 2567 ea
851 2507 985 2567 inolescit
1008 2516 1037 2567 et
1052 2526 1104 2585 pro
1120 2509 1263 2584 cujusque
1278 2508 1418 2566 materiae
1433 2521 1506 2565 con·

146 2591 258 2651 ditione
282 2595 396 2652 interna
418 2598 582 2654 externisve
606 2594 686 2652 aliud
710 2606 799 2671 atque
822 2595 903 2654 aliud
927 2595 1140 2656 architectatur.
1178 2596 1224 2654 lta
1246 2596 1276 2651 in
1300 2610 1410 2669 vapore
1429 2609 1507 2669 qno·

146 2697 223 2754 que,
248 2696 334 2755 quem
358 2688 450 2739 totum
478 2690 541 2741 tota
563 2681 735 2759 possederat
756 2684 872 2756 aalma,
906 2682 979 2739 nihil
1002 2685 1120 2754 mirum,
1151 2685 1176 2740 si
1200 2683 1307 2758 frigore
1331 2679 1506 2740 divisionem

144 2768 237 2825 totius
259 2769 389 2827 continui
413 2768 560 2843 moliente,
583 2771 623 2827 oh
646 2772 874 2830 contractionem
897 2772 1023 2846 partium
1047 2772 1124 2829 circa
1146 2777 1245 2847 partes
1267 2771 1350 2846 ipsa,
1375 2775 1406 2827 ut
1428 2769 1507 2828 circa

146 2853 266 2929 singula
288 2862 351 2914 tota
371 2856 523 2916 formando
547 2865 713 2932 occupetur.

254 2939 279 3000 0
304 2958 371 3001 vere
395 2951 538 3003 mortuam
561 2947 654 3002 vitam
676 2946 738 3003 sine
762 2941 960 3019 philosophia.
1006 2940 1091 3002 Hanc
1114 2944 1193 3002 enim
1216 2944 1245 3000 in
1267 2943 1336 3001 nire
1359 2941 1507 3001 formatri-

147 3043 212 3087 cem
234 3028 404 3089 facultatem
427 3033 450 3088 si
474 3031 608 3090 scivisset
631 3030 681 3089 illa
706 3032 869 3107 Aesopicae
891 3028 1018 3088 fabellae
1042 3028 1183 3101 adultera,
1207 3028 1382 3105 persuadere
1403 3029 1506 3086 marito

149 3117 314 3193 potuisset,
337 3134 369 3176 se
397 3135 432 3176 ex
461 3120 528 3176 nive
552 3119 722 3193 concepisse
744 3119 904 3193 spurioqne
927 3133 981 3175 suo
1004 3133 1063 3176 non
1086 3128 1147 3177 tam
1169 3115 1254 3176 facile
1277 3116 1381 3174 fnisset
1403 3115 1507 3175 orbata

147 3201 310 3263 calliditate
333 3206 439 3264 mariti.

253 3290 323 3348 Dixi
347 3291 382 3351 de
405 3298 524 3351 auctore
548 3291 674 3368 figurac;
705 3299 796 3351 restat
824 3301 857 3350 ut
879 3292 1059 3367 inquiramus
1083 3290 1119 3350 de
1142 3290 1235 3367 ligura
1257 3290 1335 3366 ipsa,
1367 3290 1432 3347 siue
1455 3287 1507 3346 illa

147 3377 256 3436 existat
279 3396 314 3436 ex
338 3377 543 3438 decussatinno
567 3382 653 3438 trium
676 3380 891 3450 diametrorum,
915 3378 994 3454 quod
1017 3378 1158 3438 hactenus
1182 3385 1228 3436 est
1250 3379 1325 3435 inter
1344 3378 1507 3452 supposita,

147 3465 213 3523 sivo
236 3464 303 3524 inde
327 3467 366 3524 ab
391 3469 502 3540 origine
527 3470 565 3523 sit
587 3466 757 3540 sexangula,
782 3465 818 3525 de
842 3483 901 3542 qno
924 3472 1038 3542 postea.
1083 3464 1168 3524 Nunc
1190 3462 1370 3540 pergendum
1393 3466 1424 3520 in
1446 3470 1508 3522 tra·

147 3554 218 3609 mite
241 3560 355 3630 coepto.
394 3553 491 3612 Causa
514 3557 609 3629 igitur,
635 3571 685 3613 cur
707 3554 781 3613 haec
803 3553 927 3613 facultas
950 3552 1077 3612 octaedri
1098 3551 1317 3628 dispositionem
1334 3549 1507 3626 angulorum

147 3640 248 3714 potius
278 3641 421 3712 imitetur,
454 3640 527 3699 haec
557 3659 620 3700 esse
643 3643 744 3717 possit.
791 3641 919 3699 Primum
943 3643 1110 3700 universum
1133 3655 1226 3715 genus
1249 3640 1412 3697 animorum
1434 3654 1509 3713 geo·

147 3727 277 3785 metricis
307 3735 336 3786 et
366 3725 548 3803 regularibus
578 3729 642 3787 sive
666 3731 890 3804 cosmopoliticis
913 3729 1012 3804 figuris
1035 3734 1193 3803 cognatum
1215 3733 1277 3798 est,
1307 3724 1387 3801 quod
1409 3723 1509 3783 multis

149 3811 332 3873 documentis
362 3815 480 3889 probari
511 3822 616 3890 potest.
663 3815 735 3873 Cum
766 3817 842 3875 enim
873 3817 963 3873 animi
992 3817 1051 3874 sint
1082 3813 1227 3891 quaedam
1250 3811 1428 3889 exemplaria
1451 3811 1510 3870 Del

149 3903 297 3973 creatoris,
322 3910 399 3961 certe
423 3904 452 3959 in
469 3902 524 3960 Dei
548 3905 686 3961 creatoris
708 3910 805 3961 mente
827 3904 960 3961 consistit
976 3902 1040 3960 Deo
1061 3910 1217 3961 coaeterua
1233 3901 1389 3975 figurarum
1405 3898 1508 3957 harum

150 3990 268 4048 veritas.
316 3988 465 4064 Amplius,
496 4006 561 4048 cum
593 3991 783 4048 certissimum
814 3992 867 4061 sit,
902 3991 981 4064 ipsos
1004 3991 1092 4048 etiam
1115 3991 1228 4047 animos
1251 3988 1435 4062 penitissima
1457 3987 1505 4043 sni

150 4076 280 4135 essentia
304 4078 430 4151 recipere
454 4079 651 4155 quantitates,
674 4079 736 4136 siue
759 4079 881 4135 matoria
903 4076 1040 4152 physica,
1065 4093 1101 4135 an
1125 4092 1190 4134 cnm
1214 4091 1265 4144 ea,
1289 4089 1347 4131 non
1371 4071 1507 4148 disputo:

150 4170 381 4222 consentancum
405 4171 457 4236 est,
481 4163 621 4237 figuratas
644 4167 741 4241 potius
764 4167 890 4239 recipere
914 4167 1102 4237 quantitates,
1126 4179 1215 4237 qnam
1236 4159 1331 4232 rudes,
1355 4161 1381 4216 si
1397 4158 1507 4234 figura-

152 4259 212 4321 tas,
237 4266 327 4324 quare
351 4249 460 4326 figuras
484 4251 647 4326 regulares,
672 4250 797 4322 solidas,
822 4253 891 4326 quia
914 4251 1004 4308 animi
1026 4256 1094 4308 sunt
1116 4265 1174 4307 non
1198 4247 1432 4323 superficierum,
1455 4244 1509 4304 setl

150 4353 303 4413 corporum
327 4336 496 4397 solidorum.
543 4339 595 4397 Est
618 4347 715 4399 antem
740 4341 815 4396 inter
837 4337 985 4412 regulares
1007 4336 1117 4395 solidas
1140 4337 1247 4413 prima,
1272 4335 1373 4408 cubus,
1397 4335 1508 4410 primo-
1562 4340 1572 4359 ’

258 4648 285 4714 ⁴)
305 4650 342 4699 De
355 4648 491 4714 Polyxena,
511 4665 566 4699 cnm
586 4650 618 4697 ad
637 4651 794 4714 sepulchrum
809 4647 915 4697 Achillis
934 4649 1113 4706 immolaretur,
1131 4648 1173 4695 hlc
1186 4647 1250 4709 apud
1265 4644 1411 4710 Euripidem
1424 4657 1509 4692 versus

153 4726 203 4770 est:
222 4719 323 4785 πολλην
341 4735 470 4785 aposolus
489 4716 556 4784 εἶχεν
575 4715 702 4785 εὐσχημως
719 4734 812 4770 ascaro.
849 4719 960 4767 Eundem
982 4717 1152 4766 accommodat
1163 4716 1260 4765 Plinius
1277 4719 1331 4776 jun.
1351 4715 1377 4762 in
1395 4711 1510 4781 splstolit

152 4791 245 4852 rhgtul
264 4790 365 4840 cuidam
383 4790 489 4854 Vestali,
508 4804 586 4856 quam
603 4791 765 4842 Domitlanus
783 4791 867 4838 rivam
885 4787 991 4840 defodit.
