3284 5520
137 324 201 393 208
627 323 764 394 Tycbonis
783 324 995 396 Hyperaspistes

247 505 275 561 8.
306 503 390 562 Nunc
417 502 456 560 ad
480 504 640 562 institutam
663 502 839 563 solutionem
862 505 1020 562 instantiae
1043 510 1180 561 revertar.
1227 501 1322 577 Igitur
1342 502 1400 560 nisi
1423 516 1495 560 con·

140 591 293 664 cedamus,
319 598 461 650 cometam
486 593 514 647 in
537 593 689 666 posteriori
713 591 946 650 consideratione
970 591 1171 649 retractionem
1195 606 1260 648 5555
1282 606 1412 666 55551151,
1436 604 1495 646 555

139 682 245 756 5515111
260 679 343 753 argui
356 697 391 737 ax
407 677 452 736 his
469 679 734 752 observationibus,
750 682 774 737 si
787 681 966 738 certissimae
981 685 1191 754 supponantur,
1209 677 1310 753 aliqua
1324 674 1495 754 parallaxis.

139 766 224 825 Certe
247 765 420 842 parallaris,
446 767 501 841 ipsi
525 765 618 824 lunari
643 767 790 841 aequalis,
813 766 906 824 multo
930 766 1072 841 majorem
1093 764 1211 823 lecisset
1234 763 1441 835 differentiam,
1465 772 1497 821 at

139 870 278 912 concessa
301 854 471 912 retractione
495 854 513 911 3
539 853 586 910 vel
610 855 629 910 4
651 854 869 931 scrupulorum,
897 870 986 930 quarn
1007 868 1066 909 non
1091 853 1218 910 vicissim
1242 851 1498 929 compensaverint

139 939 278 1000 errotculi
307 940 560 999 observationum:
596 947 656 998 turn
684 950 716 998 ut
745 944 826 1019 coepi
856 958 944 1019 supra
971 939 1080 1012 dicere,
1113 956 1148 996 ex
1176 938 1231 997 hae
1261 938 1382 1014 quidem
1403 939 1498 1016 prima

139 1030 308 1105 operatione
323 1038 461 1103 sequetur
476 1026 576 1103 aliqua
591 1045 682 1104 parra
698 1029 872 1105 parallaxis3
894 1028 1004 1086 babeat
1018 1027 1074 1086 boc
1086 1025 1309 1099 Claramentius,
1327 1026 1498 1102 quantisper

141 1117 168 1172 in
201 1132 341 1191 processu
368 1114 593 1190 Regiomontani
621 1126 763 1174 manetur.
809 1114 868 1175 Sed
899 1114 1046 1190 quomodo
1076 1113 1226 1191 probabit,
1258 1115 1376 1172 omnino
1404 1112 1497 1170 tuisse

141 1204 197 1261 1155
221 1204 375 1280 posteriori
399 1211 545 1260 momento
569 1204 598 1258 in
622 1209 734 1261 tantum
757 1204 895 1262 retractos
919 1211 1050 1261 cornetae
1073 1199 1193 1260 radios?
1223 1200 1353 1275 Majores
1377 1197 1498 1275 quidem

142 1291 266 1348 drumm
294 1290 482 1348 retractiones
506 1288 608 1366 Tycha
640 1292 668 1346 in
698 1290 763 1349 1555
794 1307 848 1348 555
878 1306 937 1348 555
967 1290 1088 1367 1555111,
1121 1296 1152 1346 51
1174 1290 1300 1347 minores
1323 1289 1498 1361 contingunt

138 1394 239 1454 saepe,
265 1379 433 1454 praesertim
457 1376 559 1435 diebus
581 1376 700 1435 serenis.
746 1376 829 1436 Haec
852 1376 890 1435 ad
913 1378 1035 1453 primam
1059 1376 1267 1453 operationem.

246 1467 276 1525 9.
310 1463 401 1523 Scens
432 1473 477 1523 est
508 1481 574 1521 cnm
604 1462 719 1523 duabus
750 1464 881 1541 reliquis.
927 1463 961 1521 15
995 1462 1040 1522 bis
1073 1465 1149 1522 enim
1180 1468 1294 1522 cometa
1323 1461 1380 1520 tuit
1409 1459 1497 1519 altior

141 1568 229 1628 quarn
259 1553 288 1609 in
318 1553 410 1628 prima
441 1552 610 1628 operatione
640 1555 719 1610 etin
750 1553 813 1628 ipso
842 1552 949 1623 limite,
981 1551 1032 1610 ubi
1055 1550 1192 1609 desinunt
1214 1550 1412 1608 retractiones.
1460 1546 1497 1604 Et

144 1650 242 1699 tamen
266 1641 295 1695 iu
318 1640 354 1696 iis
378 1638 480 1696 recidit
502 1655 547 1696 155
570 1640 599 1694 111
622 1642 798 1697 contrarium
821 1639 876 1715 ipsi
900 1637 1051 1714 parallaxi.
1096 1637 1172 1695 Nam
1194 1636 1272 1713 quod
1296 1626 1458 1711 contingit,
1472 1634 1497 1691 si

142 1726 334 1804 procedamus
366 1743 431 1783 curn
455 1724 596 1801 l'ycboue
624 1725 784 1784 secundum
811 1727 1020 1803 praescriptum
1042 1724 1283 1800 Regiomoutaui,
1316 1726 1499 1797 contingeret

143 1816 233 1873 etiam
254 1811 347 1870 multo
371 1814 490 1881 certius,
514 1814 539 1870 si
562 1812 731 1889 simpliciter
754 1812 941 1887 indagaretur
962 1811 1120 1889 parallaxis
1143 1809 1360 1878 declinationis,
1385 1819 1419 1868 nt
1441 1824 1498 1882 ego

145 1904 173 1957 in
203 1899 259 1958 hoc
288 1900 492 1957 uenatormato
523 1915 660 1975 processu
689 1900 752 1958 teci.
799 1899 872 1958 Cum
901 1901 989 1975 igitur
1012 1900 1146 1959 retractio
1169 1901 1198 1955 in
1221 1898 1267 1956 bis
1290 1914 1347 1955 nou
1370 1896 1500 1974 potuerit

142 1986 281 2048 excedere
312 1987 471 2057 minutum,
505 1984 540 2044 de
570 2005 605 2045 55
635 1986 707 2043 nihil
737 1987 915 2063 relinquetur
942 1986 1103 2063 parallaxi;
1138 1985 1240 2062 Γ155115
1267 2001 1398 2043 sanene
1422 1982 1500 2041 11555

142 2070 260 2150 quidem
298 2071 496 2131 diversitatem
534 2073 668 2132 binarum
705 2073 836 2150 ejusdem
876 2075 933 2133 diei
967 2075 1205 2132 observationum
1239 2075 1267 2129 15
1301 2072 1346 2130 bis
1381 2069 1500 2129 duabus

142 2160 351 2240 posterioribus
376 2161 595 2236 operationibus
617 2159 710 2236 rigide
733 2160 888 2239 adscripsit
911 2160 1092 2232 retractioni,
1116 2159 1167 2218 sed
1192 2160 1372 2229 dubitanter,
1395 2156 1445 2215 rel
1468 2159 1499 2213 in

143 2251 271 2309 rationes
295 2247 470 2306 observandi
494 2247 680 2308 mechanicas
703 2249 804 2324 rejecit
826 2248 876 2307 151.
904 2250 980 2322 154,
1005 2249 1052 2307 vel
1076 2250 1104 2305 in
1128 2245 1384 2306 retractiunenlam
1408 2244 1500 2316 illam,

144 2346 233 2411 qnam
261 2344 376 2394 cometa
406 2337 434 2391 15
459 2334 613 2395 altitudine
635 2337 722 2395 luerit
743 2353 864 2414 passus,
898 2334 949 2393 tol.
977 2336 1046 2408 155,
1071 2352 1147 2410 quae
1172 2335 1261 2393 verba
1283 2333 1502 2393 Claramontius

143 2423 304 2500 exscripsit.

252 2510 300 2567 10.
330 2506 410 2583 Quid
433 2525 501 2585 ergo
525 2509 578 2568 tibi
607 2518 741 2587 superest
764 2509 943 2568 Claramonti
967 2527 1002 2567 ex
1025 2509 1081 2568 bac
1103 2518 1155 2567 tua
1176 2508 1379 2567 retractionem
1403 2504 1503 2565 incul-

146 2597 270 2669 catione,
287 2594 366 2670 qnod
382 2605 525 2655 5551515111
541 2596 684 2674 5515115111
694 2598 817 2674 imbuat,
833 2597 912 2674 quod
924 2597 1071 2656 aetherem
1087 2597 1313 2655 vanescentibus
1328 2593 1502 2671 corporibus

143 2682 267 2743 liberet?
295 2681 407 2760 Tycha,
432 2686 538 2759 inquis,
562 2687 624 2761 ipse
648 2684 781 2744 concedit
803 2693 836 2743 ut
858 2684 1027 2762 possibilem
1051 2684 1251 2742 retractionem
1275 2684 1362 2739 unius
1385 2682 1503 2752 minuti,

146 2788 224 2846 ergo,
249 2771 380 2830 intersiti
404 2771 557 2830 5515115115
580 2771 718 2844 secundo,
742 2781 770 2831 51
794 2775 889 2849 551511
912 2788 975 2831 5555
999 2771 1131 2829 retractio
1158 2768 1186 2828 5‘
1211 2780 1262 2828 aut
1277 2768 1406 2846 plurium
1430 2764 1503 2848 (quo

145 2857 316 2936 profundius
339 2858 394 2916 sub
416 2858 530 2917 Lunam
554 2857 682 2917 collocas
706 2861 848 2932 cometas)
872 2868 901 2916 et
924 2867 1039 2917 constat
1062 2875 1098 2916 ex
1120 2860 1184 2936 ipso
1207 2857 1357 2933 Tychonc,
1381 2859 1503 2917 omnino

144 2948 234 3005 tuisse
257 2953 388 3019 tantam,
415 2962 491 3021 quae
515 2962 572 3003 555
596 2953 709 3004 15111551
733 2946 894 3023 5515115115
918 2946 1106 3016 absumserit,
1137 2944 1188 3004 sed
1212 2947 1300 3002 etiam
1323 2960 1414 3020 55515
1438 2958 1504 3001 enm

145 3032 256 3109 aliquid
285 3032 462 3109 superfluum
496 3034 676 3109 peccaverit:
715 3042 744 3091 et
775 3034 892 3092 omnino
924 3033 1144 3110 retractionem,
1178 3047 1373 3107 quaecunque
1405 3030 1504 3102 155111,

144 3119 303 3197 5515115115
334 3118 399 3178 sola
429 3120 484 3177 sibi
517 3119 660 3193 vindieat,
691 3119 763 3177 511111
794 3123 985 3198 interceptum
1014 3120 1049 3178 de
1082 3138 1117 3178 ea
1147 3120 1201 3177 tuit
1228 3119 1266 3177 ab
1297 3117 1505 3176 incertitudine

147 3206 331 3266 observandi.
377 3206 474 3265 Tarrta
497 3209 614 3266 omnino
639 3216 666 3267 te
689 3207 766 3266 rnole
788 3224 890 3266 moves
912 3210 942 3264 15
966 3209 1170 3266 555551511555
1194 3207 1399 3280 consequentis
1423 3207 1477 3263 tui.

253 3297 301 3351 11.
341 3292 471 3354 Videsne
506 3303 605 3354 autern
640 3296 710 3371 qnid
744 3295 964 3372 responderim?
1002 3294 1190 3371 Repetamus.
1237 3292 1310 3351 (lum
1347 3300 1406 3350 tres
1445 3293 1506 3349 sint

77 3401 80 3411 ·
147 3384 340 3459 operationes,
363 3384 393 3438 in
416 3384 508 3458 prima
531 3381 650 3458 quidem
673 3382 805 3441 concedit
828 3382 936 3441 tabella
959 3381 1108 3458 'Pythonis
1130 3388 1209 3439 torno
1233 3379 1256 3438 1.
1299 3378 1505 3456 Progymnas-

145 3476 270 3541 matum,
302 3467 436 3527 5511551111
463 3471 582 3543 iuquam
611 3472 639 3526 in
662 3487 767 3544 genere
792 3471 823 3527 4¹
845 3468 881 3528 ad
905 3486 1050 3528 sunrmurn
1074 3469 1288 3540 retractionem,
1320 3468 1349 3524 in
1370 3464 1505 3526 secunda

147 3565 176 3614 et
197 3557 283 3614 151115
313 3556 445 3614 concedit
468 3554 570 3632 Tycbo
601 3555 646 3614 bis
669 3558 698 3612 ln
722 3555 889 3634 particulari
912 3557 1167 3615 observationibus
1190 3556 1276 3613 unius
1300 3553 1373 3613 torte
1396 3555 1504 3613 minuti

147 3642 365 3714 retractionem,
400 3650 431 3700 51
457 3644 650 3719 neutrubique
681 3645 798 3702 5515155
829 3643 940 3703 stabilit
966 3651 1086 3702 tantam.
1131 3642 1215 3701 Haec
1246 3640 1283 3699 ad
1313 3639 1503 3700 antecedens.

147 3728 195 3786 ad
210 3731 434 3805 consequentias
450 3746 534 3790 vero:
558 3732 695 3807 quamvis
715 3731 874 3791 stabilisset
889 3731 991 3808 ’155115
1014 3738 1125 3788 1551515
1140 3730 1350 3801 1511551155551,
1372 3727 1506 3787 nondum

147 3824 244 3875 151555
279 3816 412 3891 aequalis
445 3816 612 3876 conceditur
645 3817 798 3876 diminutio
828 3818 989 3877 altitudinis
1018 3818 1200 3889 irretractae3
1235 3824 1395 3893 potuerunt
1426 3818 1506 3875 enim

149 3906 339 3963 iustrumenta
369 3902 488 3983 (quibus
517 3912 586 3963 15115
608 3903 710 3982 Tycho
741 3923 811 3964 usus
842 3906 911 3976 1511,
944 3905 1072 3964 nondum
1101 3904 1139 3962 ad
1161 3910 1273 3963 1551551
1296 3904 1507 3981 perlectionem

149 3992 324 4062 5155515115,
354 3999 387 4049 51
409 3993 618 4066 posterioribus
642 3994 683 4051 20
706 3991 816 4070 55515),
849 3993 944 4070 potuit
974 3992 1150 4052 observandi
1178 3993 1251 4050 ratio
1280 3991 1310 4047 in
1334 3992 1506 4068 operatione

147 4079 235 4155 priori
268 4078 343 4135 binis
372 4081 508 4154 utrinque
537 4079 681 4155 scrupulis
705 4097 841 4158 peccare,
873 4079 952 4156 quod
976 4080 1281 4138 511155551555155515
1304 4078 1425 4154 majoris
1447 4075 1506 4136 ali·

148 4166 232 4242 cujus
263 4167 365 4224 erroris
397 4165 482 4224 155115
513 4166 616 4242 Tycho
646 4167 784 4243 largitur3
819 4185 879 4244 quo
909 4165 1054 4226 errorculo
1085 4183 1224 4225 concesso
1256 4167 1303 4240 (ut
1332 4167 1356 4222 is
1385 4162 1506 4239 quidem

148 4255 265 4311 omnino
302 4253 462 4326 detegitur,
501 4255 526 4310 si
557 4253 676 4312 dimissa
712 4256 761 4312 via
791 4254 1017 4330 Regiomontani
1052 4271 1227 4328 quaeramus
1264 4251 1505 4325 declinationem)

149 4357 262 4399 rursum
294 4341 413 4415 eripitur
441 4339 602 4415 parallaxi,
637 4340 716 4417 quod
743 4341 876 4401 retractio
905 4341 946 4398 illi
979 4340 1133 4399 videbatur
1163 4343 1192 4396 in
1216 4341 1386 4415 operatione
1410 4342 1506 4415 prima

149 4426 255 4503 largiri.
302 4427 335 4485 Ι5
366 4426 494 4486 secunda
524 4444 592 4485 vero
624 4437 653 4486 et
685 4430 770 4488 tertia
801 4431 983 4506 5551511555,
1017 4446 1054 4487 55
1077 4427 1196 4503 quidem
1226 4430 1251 4485 si
1282 4425 1346 4484 sola
1369 4426 1506 4485 retractio

149 4514 264 4591 culpam
293 4516 463 4587 sustineret,
496 4515 665 4573 certissimis
695 4514 732 4572 ad
761 4534 888 4592 unguem
917 4518 1115 4574 instrumentis
1140 4524 1168 4573 51
1191 4511 1368 4573 observandi
1391 4513 1508 4572 actibus

149 4604 306 4677 quiequam
338 4618 373 4660 ex
404 4600 461 4661 1155
488 4603 575 4659 55155
604 4605 716 4661 minuto
746 4603 905 4663 lucraretur
933 4602 1107 4679 parallaxis,
1140 4603 1211 4677 quia
1240 4601 1288 4660 hie
1316 4616 1362 4660 res
1386 4600 1425 4660 ad
1447 4602 1506 4659 im-

148 4688 287 4762 possibile
311 4688 460 4748 recideret.

256 4781 304 4836 12.
336 4773 419 4834 Illius
436 4792 505 4836 reru
529 4774 565 4835 115
587 4786 784 4853 consequente
802 4779 903 4855 partis,
926 4793 1003 4852 qnae
1026 4794 1062 4836 ex
1085 4776 1265 4837 retractionis
1289 4776 1377 4834 nnius
1400 4777 1507 4835 minuti
