3284 5520
144 311 208 421 75*ss
487 312 522 370 Iu
539 312 659 369 Sleidani
674 311 772 373 librum
792 313 826 368 de
843 319 962 383 quatuor
979 312 1146 370 hierarchiis

170 402 195 445 de

145 488 211 563 luit,
237 495 269 548 ut
292 506 350 549 non
375 489 508 550 videatur
530 491 623 551 multo
646 491 740 566 major
763 493 790 548 in
814 492 914 569 primis
936 493 1050 566 generis
1073 450 1195 550 humani
1209 486 1338 561 colonis,
1361 490 1392 545 in
1408 503 1502 564 asper·

142 579 247 635 rimam
268 576 383 637 eoelum
408 576 557 653 traductis,
582 580 738 639 exstitisse.
777 578 909 655 Cumque
932 577 1044 638 Paulus
1069 577 1232 655 Apostolus
1257 574 1392 658 (Coloss.
1412 584 1439 650 1,
1454 576 1501 649 00)

57 672 61 681 ’
144 662 237 737 dieat,
260 663 454 742 Evangelium
474 667 538 742 ι1000
562 675 623 725 tum
645 684 700 726 suo
725 674 855 743 tempore
878 667 957 725 omni
980 674 1129 725 creaturae
1152 665 1209 724 sub
1232 662 1321 724 coelo
1344 665 1502 723 annuncia·

143 758 214 823 tum,
238 768 333 828 neque
357 763 454 812 000000
477 754 618 830 legamus,
642 754 733 812 ullum
757 752 922 828 apostolum
946 755 975 810 in
991 753 1044 812 has
1060 764 1150 812 terras
1166 754 1297 824 reabse,
1321 752 1402 810 sicut
1415 766 1502 826 neque

144 840 172 895 in
199 837 259 896 ulla
281 839 406 898 historia
428 840 569 916 legimus,
593 843 722 916 antiquis
746 842 835 900 luisse
859 843 1006 916 cognitas:
1031 838 1171 900 credibile
1194 841 1319 898 omnino
1343 846 1400 911 est,
1426 836 1502 895 Pauli

144 933 272 1003 tempore
296 927 392 986 nullos
415 928 512 986 adhuc
535 930 576 987 ibi
592 930 681 987 luisse
697 928 838 1001 hominos,
863 926 915 988 scd
928 945 1066 988 successu
1081 926 1246 988 seculorum
1262 924 1387 985 demum
1402 934 1502 985 temus

143 1015 366 1090 tempestatibus
395 1032 430 1073 eo
459 1014 597 1090 depulsos
627 1016 758 1091 aliquos,
790 1018 841 1091 qui
865 1015 1029 1074 conditores
1053 1016 1116 1091 ejus
1138 1016 1237 1091 gentis
1258 1022 1370 1091 postea
1392 1013 1502 1072 luerint

143 1099 177 1157 ld
201 1119 237 1159 eo
261 1103 449 1160 verisimilius
473 1113 525 1174 est,
550 1102 628 1178 quod
651 1104 763 1163 nullum
787 1102 875 1161 ullius
898 1101 1057 1179 religionis,
1082 1120 1158 1177 quae
1175 1104 1203 1159 iu
1220 1101 1279 1160 hoc
1295 1108 1401 1160 nostro
1416 1099 1503 1158 bemi-

142 1187 279 1263 sphaeris
303 1191 406 1265 viguit,
430 1207 520 1265 penes
543 1192 623 1265 ipsos
647 1199 692 1248 est
715 1193 879 1266 vestigium,
904 1189 933 1247 id
957 1189 1035 1265 quod
1052 1191 1157 1265 arguit,
1180 1196 1290 1248 nautas
1305 1187 1411 1261 inissa
1433 1202 1503 1263 quo·

143 1292 206 1334 rum
239 1275 388 1335 hominum
421 1294 526 1352 genere
559 1276 671 1335 nullum
703 1285 748 1336 est
776 1278 904 1336 Deorum
935 1276 1168 1353 religionumque
1198 1275 1416 1352 negligentius.
1459 1272 1501 1333 Sic

142 1379 243 1421 omnes
268 1380 341 1437 quos
365 1364 507 1423 habemus
531 1364 660 1424 historici
681 1368 706 1423 si
730 1366 924 1441 perlegantur,
949 1366 1116 1441 antiquiora
1137 1381 1228 1439 regna
1243 1379 1306 1421 000
1322 1364 1501 1422 inveniemus

143 1448 357 1509 Chaldaeorum
386 1459 414 1510 et
437 1453 666 1528 Aegyptiorum,
697 1461 765 1527 post
795 1452 868 1512 haec
898 1460 931 1511 ut
959 1453 1084 1527 quaevis
1108 1449 1222 1511 insulae
1246 1448 1297 1509 vel
1322 1452 1498 1509 continenter

141 1536 221 1596 hisce
250 1539 418 1613 regionibus
446 1541 595 1615 propiores
623 1539 712 1598 luere.
759 1538 792 1598 ld
821 1538 899 1615 quod
928 1540 1086 1597 maximum
1115 1546 1160 1597 est
1181 1544 1397 1614 argumentum
1419 1535 1497 1608 illius,

141 1624 221 1700 quod
244 1643 279 1684 ex
302 1625 423 1685 historia
446 1625 550 1684 diluvii
572 1630 776 1701 consequitur,
800 1643 903 1704 nempe
927 1625 1007 1703 quod
1028 1624 1188 1684 humanum
1211 1641 1309 1701 genus
1333 1633 1365 1684 et
1387 1637 1495 1683 comeo

141 1721 237 1770 cetera
260 1714 347 1771 etiam
370 1730 478 1788 genera
500 1714 692 1772 animantium
714 1714 752 1772 ab
773 1730 831 1773 uno
848 1713 976 1789 quodam
991 1715 1142 1791 principio,
1165 1714 1203 1772 ab
1219 1728 1281 1770 nuo
1297 1710 1422 1771 bomine
1435 1727 1496 1787 pro·

139 1807 281 1877 pagorum
303 1800 390 1859 luerit
413 1818 448 1859 ac
470 1809 530 1859 tam
553 1800 602 1858 diu
626 1818 684 1859 nno
708 1803 736 1858 in
751 1800 816 1860 loeo
832 1811 920 1876 atqua
936 1803 964 1858 io
982 1818 1040 1859 una
1054 1802 1215 1860 continenti
1231 1800 1388 1872 manserit,
1413 1799 1496 1858 donec

140 1904 210 1963 prae
233 1889 323 1945 nimia
346 1886 531 1947 multitudine
546 1887 622 1947 aliae
637 1896 730 1946 tarrae
746 1888 932 1963 quaerendae
947 1889 1061 1947 luerint.
1098 1887 1232 1963 Cumque
1247 1886 1400 1961 legamus,
1422 1888 1495 1945 0000

141 1981 257 2033 centum
280 1982 346 2050 post
370 1973 514 2033 diluvium
537 1974 662 2034 divisam
687 1992 750 2034 esse
774 1983 892 2049 terram,
916 1974 1053 2036 credibile
1077 1985 1130 2047 est,
1154 1975 1183 2033 id
1206 1972 1402 2051 providentia
1423 1973 1495 2032 Noae

139 2062 258 2132 factum,
284 2078 349 2119 eum
373 2064 565 2134 existimaret,
590 2080 621 2121 se
646 2064 726 2122 brevi
750 2064 935 2136 moriturum,
959 2063 1116 2122 elisatam
1140 2061 1320 2121 divisionem
1343 2060 1495 2120 secuudum

140 2151 229 2209 situm
258 2156 413 2222 terrarum,
447 2158 480 2207 ut
501 2151 572 2224 quia
596 2156 613 2208 2
638 2149 818 2209 decumanae
841 2153 1024 2211 continentes
1048 2167 1107 2208 noa
1129 2149 1236 2208 isthmo
1260 2165 1416 2209 connexae
1438 2151 1495 2218 siat,

140 2236 240 2294 Africa
262 2244 291 2295 et
315 2238 395 2307 Asia,
419 2235 486 2295 binc
509 2240 626 2309 lactum,
648 2245 681 2295 ut
704 2236 762 2296 duo
785 2235 837 2295 illa
859 2255 950 2314 regna
971 2238 1176 2313 antiquissima
1190 2238 1259 2309 sint,
1286 2234 1494 2296 Chaldaeorum

143 2325 172 2380 in
196 2324 269 2382 Asia
292 2331 321 2381 et
338 2325 551 2401 Aegyptiorum
574 2325 602 2381 in
626 2324 734 2384 Airiea.
773 2323 851 2385 Sane
873 2332 941 2401 post
963 2324 1037 2384 haec
1060 2324 1118 2383 duo
1140 2341 1232 2400 regua
1254 2325 1345 2382 anuis
1361 2328 1404 2382 60
1427 2321 1495 2383 cele·

142 2410 242 2470 bratur
265 2413 499 2486 antiquissimum
522 2410 726 2488 Sicyooorum,
749 2414 833 2471 anuis
856 2418 918 2472 300
942 2419 1010 2488 post
1032 2411 1184 2471 diluvium.
1230 2411 1285 2469 Est
1307 2417 1411 2470 autem
1432 2411 1497 2468 inter

140 2500 287 2576 proximas
304 2496 441 2574 Aegypto
457 2507 486 2557 et
502 2499 591 2557 Asiae
614 2507 703 2558 terras
720 2499 941 2575 Peloponnesus
964 2499 1116 2558 latissima.
1153 2497 1321 2573 Sequutum
1336 2498 1426 2556 aunis
1442 2501 1494 2557 000

139 2586 195 2643 luit
218 2602 338 2660 regnum
360 2586 546 2661 Argivorum,
570 2595 637 2662 post
660 2587 733 2645 haee
756 2589 840 2645 antris
859 2593 918 2646 100
942 2584 1017 2667 (000
1041 2594 1109 2664 post
1131 2584 1290 2660 diluvium)
1315 2593 1439 2643 ventum
1459 2592 1497 2642 est

140 2670 178 2730 00
203 2673 329 2747 majores
352 2673 464 2732 insulas
486 2672 683 2745 intermedias,
708 2672 825 2732 Cretam
848 2681 878 2734 et
892 2672 1038 2746 Rhodum,
1062 2681 1257 2749 coeptumque
1282 2681 1329 2731 est
1353 2671 1397 2730 ibi
1420 2687 1496 2730 usur·

139 2760 203 2834 pari
226 2776 332 2818 nomen
356 2776 466 2835 regum.
512 2759 623 2819 Eodem
651 2767 780 2836 tempore
804 2770 905 2821 uatum
927 2778 1049 2838 regnum
1072 2759 1294 2838 Spartanorum.
1343 2759 1439 2818 Annis
1461 2761 1495 2818 00

139 2854 207 2922 post
230 2855 364 2922 coeptum
380 2864 396 2906 e
413 2846 618 2923 Peloponneso
642 2848 784 2924 paulatim
807 2848 927 2908 ascendi
950 2850 978 2906 in
1002 2849 1156 2932 Achaiam.
1192 2847 1314 2924 Europa
1328 2848 1404 2905 totis
1419 2850 1495 2906 3000

140 2936 225 2992 aunis
257 2933 417 2994 cultoribus
449 2952 544 2994 vacua
567 2938 674 2994 mansit
697 2934 947 3011 (Genebrardus),
980 2944 1056 2995 certe
1079 2934 1184 2995 ltaliae
1207 2941 1359 2997 extremae
1384 2950 1453 2993 orae
1472 2940 1498 2992 et

140 3020 275 3079 Siciliae
291 3019 411 3081 Graecis
435 3030 595 3098 occupatae
618 3031 701 3097 000ος
724 3021 885 3082 Hetruscos
905 3024 1015 3098 origine
1030 3022 1165 3099 Phrygas
1180 3027 1305 3080 testatur
1320 3018 1495 3090 Herodotus

140 3107 341 3167 Massilienses
366 3112 393 3165 in
418 3107 516 3167 Gallia
539 3111 626 3168 etiam
650 3112 731 3168 natio
749 3108 863 3169 Graeca
887 3112 1006 3168 exstitit.
1044 3109 1136 3168 Poeni
1151 3108 1334 3168 Phoenicum
1360 3120 1432 3167 sunt
1452 3124 1497 3167 so·

139 3195 232 3268 boles,
249 3213 363 3272 semper
378 3198 515 3254 remotior
530 3199 755 3273 propinquioris.
788 3197 836 3256 Sic
852 3197 1049 3256 Buchananus
1065 3205 1195 3269 testatur,
1213 3194 1320 3255 Scotos
1336 3213 1375 3254 ex
1391 3195 1498 3271 Hispa-

23 3324 27 3335 .
140 3284 195 3340 niis
219 3285 345 3354 venisse,
369 3283 482 3359 Auglos
506 3302 541 3342 ox
563 3283 727 3344 Germaniis
751 3292 781 3343 et
796 3284 934 3345 Saronia.
974 3286 1071 3360 Atque
1093 3282 1160 3342 inde
1183 3285 1303 3354 lactum,
1328 3291 1363 3342 ut
1389 3286 1419 3341 in
1443 3292 1498 3341 tota

140 3369 262 3428 australi
285 3373 416 3446 regione,
448 3370 592 3448 tanquam'
611 3375 697 3430 nimis
720 3381 846 3446 remota,
871 3374 1082 3431 interveniente
1104 3373 1210 3448 partim
1233 3387 1366 3444 oceano,
1399 3372 1498 3446 partim

143 3474 217 3516 zona
240 3457 357 3528 torrida,
382 3458 537 3517 difficulter
558 3458 722 3531 habitabili,
746 3459 844 3518 nullae
867 3462 924 3517 sint
938 3457 1108 3534 hujusmodi
1124 3459 1219 3531 urbes,
1243 3474 1345 3533 regna,
1371 3458 1497 3535 politiae,

139 3561 243 3615 mores,
268 3544 357 3619 leges,
383 3549 564 3618 commercia,
589 3556 622 3604 nt
643 3564 732 3622 penes
756 3564 818 3605 nos.
865 3546 1015 3605 Cardanus
1039 3548 1067 3603 in
1091 3545 1224 3622 planetas
1247 3546 1368 3622 culpam
1393 3545 1498 3605 coniert

140 3633 360 3708 existimatque,
393 3634 442 3690 ubi
470 3650 635 3708 apogaeum
661 3634 709 3708 Θ,
734 3630 770 3712 Q,
804 3640 846 3705 ό,
871 3634 900 3707 hl
924 3653 940 3692 e
963 3642 1062 3694 nostra
1090 3632 1312 3709 septentrionali
1344 3632 1498 3692 medietate

139 3718 253 3776 zodiaci
277 3721 305 3775 in
329 3719 450 3777 alteram
474 3722 660 3794 migraverit,
685 3722 813 3779 vicissim
836 3716 858 3797 Γ)
882 3730 912 3779 et
935 3717 960 3801 Q
985 3723 1015 3778 in
1038 3729 1181 3793 nostram,
1210 3719 1348 3796 fixaeque
1374 3719 1497 3778 illustres

138 3805 226 3864 simul
249 3804 315 3865 loca
339 3823 404 3864 cum
428 3809 562 3884 opposito
585 3811 828 3882 permutaverint,
853 3808 1005 3867 habituros
1029 3808 1172 3868 australes
1195 3806 1316 3878 eadem,
1340 3808 1497 3882 quaejam

138 3911 193 3952 nos
223 3892 374 3952 habemus.
420 3893 454 3950 Ιο
484 3894 620 3953 credibile
650 3894 767 3970 quidem
796 3902 854 3968 est,
885 3902 1062 3955 nontamen
1086 3901 1203 3972 propter
1226 3902 1320 3967 astra,
1353 3894 1409 3954 sed
1431 3895 1496 3970 quia

139 3988 220 4040 tanto
244 3989 374 4058 tempore
396 3980 481 4040 lacile
505 3989 584 4039 totus
608 3983 685 4040 orbis
709 3983 897 4055 habitabitur,
922 3984 971 4058 qui
996 3999 1071 4041 nunc
1096 3983 1145 4040 vix
1168 3984 1251 4040 hesse
1274 3981 1414 4041 homines
1435 3983 1493 4040 lert

139 4068 242 4143 Neque
265 4069 366 4128 stellas
390 4071 417 4125 in
440 4085 530 4127 causa
548 4086 621 4143 esse,
645 4070 771 4145 probant
786 4088 831 4128 res
847 4078 949 4145 gestae
963 4069 1172 4147 Hispanorum,
1197 4071 1247 4144 qui
1260 4068 1324 4143 jam
1340 4077 1406 4128 tum
1421 4065 1494 4145 apud

54 4229 56 4233 Ι
139 4155 294 4231 antipodas
318 4156 395 4214 leliei
418 4174 555 4214 successu
580 4161 677 4215 omnia
700 4158 889 4216 humanitatis
909 4158 978 4233 jura
1000 4165 1182 4234 propagant,
1206 4173 1270 4215 eum
1295 4156 1403 4216 stellae
1425 4173 1495 4215 non-

140 4242 208 4300 dum
232 4244 273 4301 ibi
296 4245 371 4317 sint;
396 4244 533 4319 quodque
557 4242 736 4303 coloniarum
759 4245 881 4303 historia
905 4245 999 4317 docet,
1024 4244 1101 4303 idem
1124 4245 1212 4303 etiam
1236 4260 1272 4301 ex
1296 4242 1409 4319 linguis
1431 4259 1495 4320 pro-

139 4331 202 4390 bari
219 4339 323 4409 potest,
349 4330 485 4390 videlieet
501 4348 602 4391 omues
617 4331 654 4389 ad
671 4332 827 4391 hebraeam
843 4332 970 4404 tandem,
995 4340 1133 4408 tanquam
1148 4330 1186 4390 00
1202 4332 1362 4405 genuinam
1379 4341 1495 4391 matrem

137 4419 245 4489 referri,
268 4421 344 4477 sicut
367 4418 404 4476 00
427 4436 562 4495 graecam
585 4416 672 4498 (quae
687 4423 781 4496 prima
797 4423 871 4478 inter
886 4419 1055 4495 Europaeos
1071 4421 1152 4494 regio
1166 4418 1222 4475 init
1236 4417 1385 4496 habitata)
1409 4419 1496 4478 latina

139 4515 168 4565 et
189 4508 365 4581 germanica,
389 4509 495 4582 partim
518 4515 546 4565 et
568 4509 689 4579 russina,
714 4506 751 4566 ad
771 4507 891 4565 latinam
906 4507 1031 4582 anglica,
1054 4506 1215 4581 hispanica,
1240 4505 1352 4578 italica,
1376 4505 1494 4591 gallica3

140 4592 245 4667 quodsi
269 4593 419 4652 hominum
442 4612 535 4669 genus
558 4611 617 4652 non
641 4595 678 4653 ab
703 4612 761 4654 uno
785 4594 884 4670 aliquo
908 4595 1024 4667 flueret,
1049 4611 1197 4668 nunquam
1220 4592 1277 4651 hoc
1300 4593 1365 4653 fieri
1388 4601 1494 4671 posset

139 4679 350 4739 Demonstraut
373 4690 502 4741 nostrum
525 4684 669 4741 intentum
692 4682 728 4741 de
751 4684 835 4740 initio
859 4683 997 4757 temporis
1014 4680 1131 4741 aMose
1154 4697 1222 4739 vere
1245 4679 1395 4758 descripto
1412 4684 1495 4744 etism

140 4773 233 4841 000ος
256 4785 380 4845 quarum
403 4785 469 4830 curn
491 4769 599 4832 multas
623 4771 714 4830 nostri
737 4771 880 4846 superiori
901 4767 1001 4830 seculo
1016 4768 1190 4842 invenerint,
1212 4783 1272 4828 non
1289 4777 1335 4828 est
1349 4767 1495 4842 credibile,
