3284 5520
686 341 831 400 Praefatio.
1376 346 1440 417 321

80 523 154 582 nihil
178 525 354 603 promissum
377 539 442 582 essa
465 524 494 580 in
518 520 594 581 tituli
618 522 716 581 verbis
733 521 877 598 allegatis,
901 521 979 599 quod
1003 538 1061 581 non
1087 524 1125 581 sit
1148 526 1319 600 praestitum
1342 525 1371 582 iu
1395 524 1441 584 his

80 611 175 669 tribus
199 611 458 689 propositionibus.
504 607 590 684 Quod
614 627 683 668 vero
707 610 778 687 pulli
803 609 1050 669 arithmeticorum
1074 609 1241 687 implumes,
1265 611 1440 671 facilitatum

79 697 178 770 aridi,
214 706 308 757 rostra
330 696 368 756 ad
392 697 468 756 hauc
490 715 561 755 usus
583 699 758 756 mentionem
783 700 811 754 in
835 699 1008 756 immensum
1030 697 1174 774 pandunt,
1199 699 1281 757 velut
1302 700 1440 758 hausturi

80 802 184 844 omnes
218 784 536 863 praeceptiuncularum
560 784 777 860 particularium
803 784 894 856 bolos,
919 785 1026 859 quibus
1043 787 1230 858 exsatientur,
1255 785 1284 843 id
1303 786 1440 862 equidem

80 880 231 948 praestare
246 874 275 929 in
298 872 405 931 chartis
423 873 495 944 istis,
520 889 596 947 quae
620 872 861 931 demonstrationi
883 871 1135 931 fundamentorum
1160 882 1242 931 erant
1265 873 1438 948 destinatae,

79 976 140 1017 uon
168 961 261 1037 potui.
308 960 348 1018 At
377 959 498 1029 dixeris,
533 962 688 1033 sequentia
721 960 812 1017 verba
841 959 917 1016 tituli
947 958 983 1018 da
1013 976 1093 1017 nova
1115 960 1299 1018 arithmetica
1322 962 1441 1020 omnino

80 1046 168 1123 plara
207 1045 361 1123 polliceri?
407 1045 502 1104 Video
537 1046 672 1121 equidem
707 1049 886 1105 irritamenta
924 1045 1115 1122 cupiditatum
1150 1047 1251 1105 taliam
1287 1057 1316 1106 et
1350 1047 1440 1120 rideo,

79 1135 230 1210 mirorque
261 1150 318 1191 noa
351 1133 486 1192 incidisse
516 1133 603 1205 mihi,
636 1151 701 1192 cum
723 1134 821 1191 subito
845 1132 989 1192 tabellarii
1013 1133 1142 1192 discessu
1166 1133 1204 1192 ad
1228 1134 1441 1212 properandum

81 1220 253 1298 compulsus
277 1218 349 1279 illud
372 1221 499 1296 elogium
520 1222 631 1279 inventi
648 1220 814 1297 Neperiani‚
839 1237 897 1296 quo
917 1220 1119 1297 typographus
1142 1222 1249 1298 aliquis
1274 1221 1440 1295 illiceretur,

81 1310 169 1366 titulo
200 1307 293 1368 libelli
323 1311 379 1367 mei
410 1308 632 1383 subjungerem,
666 1308 727 1366 iore
756 1315 787 1366 ut
810 1310 839 1364 in
862 1307 957 1382 majus
980 1311 1174 1385 acciperetur,
1208 1309 1299 1368 velati
1323 1310 1441 1386 propria

80 1413 148 1455 mea
170 1394 318 1471 gloriatio.
357 1394 415 1454 Sed
436 1404 584 1470 uteunque
609 1397 675 1472 quis
697 1395 754 1452 hoc
773 1413 870 1454 meum
894 1396 1046 1453 consilium
1070 1397 1203 1472 accipiat,
1228 1396 1264 1454 de
1279 1398 1440 1455 intentione

79 1482 188 1543 saltem
221 1499 268 1541 me
296 1491 417 1541 excusat
446 1484 622 1541 constructio
652 1485 851 1558 grammatica.
897 1481 962 1540 Non
988 1482 1031 1542 'de
1061 1482 1202 1542 Chilitdis
1231 1483 1351 1561 libello,
1382 1500 1441 1541 non

81 1571 117 1630 de
140 1588 210 1629 mea
232 1569 480 1629 demonstratione
504 1586 573 1628 usus
597 1568 706 1628 dictum
730 1569 827 1641 vides,
851 1569 903 1628 scd
927 1569 963 1628 de
988 1569 1182 1645 Logarithmis
1205 1572 1289 1646 ipsis,
1320 1573 1440 1628 invento

80 1657 197 1718 scilieet
212 1657 389 1736 Nepotiane,
412 1656 490 1733 quod
506 1659 542 1714 i'u
565 1674 645 1715 nova
666 1656 797 1716 tradatur
813 1657 1006 1717 arithmetica.
1043 1656 1106 1717 Nec
1119 1673 1176 1733 ego
1197 1655 1272 1717 haec
1286 1660 1441 1733 sequentia

82 1751 245 1820 praecepta
266 1742 303 1803 do
325 1761 381 1802 usu
396 1742 544 1802 chiliadis
566 1744 654 1818 huius
679 1746 706 1800 in
731 1742 760 1801 id
782 1745 981 1803 submittenda
1003 1741 1104 1802 libello
1123 1745 1186 1818 jam
1209 1760 1317 1803 excuso
1339 1747 1440 1819 statui,

83 1843 116 1890 ut
132 1831 211 1890 banc
233 1835 423 1909 posteriorem
440 1832 518 1890 titali
541 1840 652 1906 partem
669 1833 785 1907 penitus
807 1831 955 1908 adipeam
978 1849 1072 1890 meam
1088 1831 1222 1889 Chiliada
1245 1831 1440 1890 traducerem:

81 1927 256 1995 segregetur
285 1936 321 1977 ca
347 1936 415 1995 pars
445 1919 523 1977 tituli
553 1936 571 1976 a
600 1918 700 1977 labore
729 1935 795 1978 meo
824 1918 921 1994 adque
951 1921 1102 1977 inventum
1126 1921 1219 1995 ipsum
1243 1918 1442 1995 Neperianum

81 2015 113 2066 et
143 2005 183 2065 ad
207 2023 349 2066 canonem
372 2005 628 2082 Logarithmoram
657 2004 827 2080 quadrantis
856 2007 1005 2067 reseratur.
1050 2005 1115 2064 Non
1139 2006 1241 2064 titulus
1265 2006 1319 2064 iate
1343 2006 1441 2064 subito

83 2102 256 2171 conceptus,
280 2092 333 2152 sed
356 2093 466 2153 utilitas
489 2096 554 2171 ipsa
578 2096 695 2152 emtoris
719 2111 764 2152 me
788 2102 896 2173 monet,
920 2101 953 2153 ut
975 2093 1123 2169 quomodo
1147 2092 1280 2168 singulae
1302 2092 1445 2153 chiliadis

82 2179 241 2241 columnae
270 2181 384 2256 possint
412 2179 449 2238 ad
477 2197 562 2239 usum
586 2179 758 2256 popularem
781 2181 876 2240 reterri
901 2189 930 2240 et
954 2189 1098 2257 quatenus
1125 2179 1258 2257 pauculis
1281 2183 1446 2257 praeceptis

82 2265 231 2327 docerem.
277 2267 320 2326 Ea
350 2284 420 2326 vero
447 2267 570 2327 referam
598 2270 626 2324 in
656 2276 735 2327 certa
766 2270 872 2343 capita.
917 2266 951 2325 In
982 2269 1075 2343 primo
1104 2266 1232 2343 pericula
1260 2268 1445 2343 praemittam

83 2354 121 2415 de
153 2354 257 2414 tabula
285 2354 438 2413 Chiliadis.
483 2354 517 2413 ln
548 2354 709 2413 secundum
741 2364 829 2430 capnt
858 2355 980 2413 reseram
1011 2356 1259 2430 comparationem
1291 2354 1445 2413 columnae

81 2458 208 2501 armum
236 2459 301 2501 eam
335 2442 470 2501 columna
499 2441 699 2501 rotundorum.
745 2440 845 2501 Tertio
874 2441 967 2500 dicam
992 2440 1027 2500 de
1051 2443 1269 2518 comparatione
1293 2440 1445 2500 columnae

80 2528 234 2588 secundae
257 2531 373 2587 sirraam
388 2545 453 2588 curu
477 2529 834 2604 tertiaquadririeenaria
857 2537 886 2587 et
909 2531 1011 2604 quinta
1034 2531 1291 2605 sexagesimorum.
1331 2526 1445 2603 Quarto
1547 2541 1551 2545 ’

81 2616 266 2693 comparabo
298 2616 581 2692 quadriricenariam
616 2633 682 2674 cum
713 2618 911 2693 sexagenaria.
957 2616 991 2673 ln
1023 2618 1125 2690 quinto
1160 2618 1257 2692 capite
1289 2618 1343 2674 erit
1374 2631 1445 2673 usus

82 2704 359 2780 quadriricenariae
375 2711 404 2763 et
420 2703 641 2778 logarithmicae
660 2703 859 2761 columnarum
872 2703 1047 2778 junctarum.
1088 2703 1121 2760 ln
1136 2712 1221 2762 sexto
1238 2705 1445 2779 sexagenariae

81 2798 115 2851 at
136 2791 367 2866 legarithnricae.
406 2791 439 2848 ln
463 2794 588 2867 septimo
612 2792 828 2867 comparabitur
843 2790 979 2849 columna
1002 2792 1095 2866 prima
1118 2808 1237 2849 arcuum
1260 2806 1325 2847 cnm
1341 2795 1447 2866 quarta

81 2878 351 2954 Logarithmorum.
392 2878 425 2936 lu
445 2887 551 2937 octavo
572 2879 731 2954 jhugentur
754 2878 889 2937 columna
911 2877 1041 2936 secunda
1061 2877 1263 2936 absolutorum
1286 2886 1316 2935 et
1339 2883 1444 2952 quarta

78 2964 350 3042 Logarithmorum.
397 2965 432 3024 In
463 2982 540 3025 aoao
570 2965 696 3041 deniquo
725 2965 862 3027 columna
882 2964 1140 3042 Logarithmorum
1166 2967 1307 3041 jungetur
1328 2963 1443 3022 duabus

78 3053 151 3112 aliis
174 3053 326 3114 columnis.
