3284 5520
141 292 205 361 616
614 288 658 345 lix
672 286 1033 360 prcrneridibusllepleri.

142 473 232 548 igitur
253 468 340 547 polus
363 469 424 528 bor.
448 467 565 544 quidem
589 475 632 528 cst
654 485 707 546 pro
731 470 795 545 ipso
821 462 877 527 180
892 470 932 547 nl
956 468 1079 547 oriente,
1101 475 1133 528 61
1154 485 1232 531 nune
1254 467 1404 544 australis,
1426 473 1491 546 quis

141 560 278 635 opposito
301 560 385 633 signo
410 563 439 615 et
462 558 606 615 contrario
629 555 715 615 titulo
739 573 804 615 snm
827 565 915 630 usns;
946 555 1032 614 nobis
1054 558 1132 615 enirn
1157 553 1213 617 180
1242 556 1270 630 ὅ
1302 559 1410 631 oritur,
1437 574 1492 617 non

145 646 272 723 180111.
318 643 368 704 Sic
391 646 479 703 etiam
503 652 556 716 est,
581 646 605 701 si
629 652 793 719 quaeratur,
817 643 867 702 ubi
891 642 1022 703 locorum
1045 646 1073 702 in
1097 646 1163 722 ipso
1187 642 1284 703 medio
1308 643 1492 705 66661661-

142 734 210 809 gine
232 748 287 790 suo
310 730 430 790 australi
453 734 578 808 stringat
601 732 749 790 borealem
773 730 851 790 Solis
873 732 1041 806 marginem.
1081 731 1155 790 Nam
1180 734 1251 808 quia
1266 748 1409 793 excessus
1424 749 1492 809 pen-

142 819 263 878 umbrae
285 836 375 895 supra
398 818 450 878 CA
472 816 513 898 (in
538 818 686 878 schemate
710 818 837 878 debebat
859 833 922 877 esse
940 816 990 891 ΑΙ,
1014 819 1070 876 6161
1093 818 1191 877 locum
1217 817 1337 895 eclipsis
1359 819 1492 879 australis

142 914 314 983 occupasset
336 906 428 965 altera
450 904 589 985 borealis)
610 906 665 964 init
688 906 824 965 inventus
848 909 879 963 0¹
903 904 941 964 5¹⁴
965 906 993 963 in
1018 905 1151 977 boream,
1182 908 1206 964 is
1230 906 1312 965 valet
1335 909 1365 964 in
1387 906 1492 966 circulo

142 1010 250 1070 magno
280 992 389 1053 Terrae
413 1010 437 1051 c.
463 990 498 1049 60
521 995 560 1065 b‘,
596 1001 625 1052 ct
654 995 742 1070 igitur
774 992 824 1053 alt.
856 1008 965 1068 nonag.
996 993 1050 1052 crit
1073 991 1130 1053 890
1156 992 1206 1053 660
1229 995 1259 1051 16
1283 1002 1377 1052 austr.
1425 992 1492 1053 Cum

141 1084 230 1157 igitur
261 1088 292 1139 ut
320 1082 400 1158 prius
430 1082 459 1138 in
489 1078 586 1140 medio
617 1081 726 1141 oriatur
751 1076 806 1140 180
835 1077 880 1153 ὅ,
912 1082 936 1137 61
964 1096 1016 1156 per
1045 1080 1121 1139 banc
1152 1080 1259 1140 lineam
1281 1082 1446 1157 perrexeris
1467 1083 1491 1139 in

141 1168 254 1246 tabula,
277 1171 411 1244 nuspiam
429 1170 560 1228 invenies
576 1175 687 1227 tantam
703 1166 754 1229 alt.
771 1168 969 1242 nonagesimi:
993 1166 1157 1228 elevabitur
1171 1169 1260 1245 igitur
1275 1167 1365 1246 polus
1381 1176 1492 1228 austra·

142 1256 188 1316 lis.
234 1254 331 1330 Quare
361 1257 390 1312 in
417 1253 496 1315 linea
521 1260 558 1313 18
586 1258 625 1333 ill,
653 1256 729 1331 signi
760 1256 887 1332 oppositi
913 1257 1066 1331 proposita
1086 1255 1136 1314 alt.
1160 1272 1267 1332 nonag.
1292 1256 1340 1314 bis
1364 1258 1490 1329 occurrit,

142 1342 233 1403 semel
255 1344 310 1402 sub
334 1341 384 1401 alt.
407 1342 469 1419 poli
495 1339 551 1401 160
572 1343 626 1401 666
650 1341 739 1413 66616,
762 1344 866 1401 iterum
889 1340 1103 1418 6666116611
1129 1338 1184 1402 160
1206 1360 1297 1421 supra
1320 1342 1442 1413 scalam,
1464 1352 1491 1403 nt

144 1430 203 1490 illie
226 1429 342 1505 quidem
366 1432 397 1488 ln
419 1430 553 1503 boream,
578 1429 625 1488 bic
648 1432 678 1488 in
700 1438 831 1489 austrum
853 1428 980 1506 pendeat
1002 1431 1219 1505 nonagesimus.
1264 1429 1362 1490 Nobis
1386 1431 1489 1490 borcali

145 1534 219 1595 opus
240 1525 319 1577 esset
341 1534 393 1594 pro
420 1513 523 1589 18οὅ
556 1518 676 1591 oriente,
699 1515 751 1576 sed
775 1518 846 1593 qnia
868 1515 977 1575 redacti
1000 1534 1100 1576 sumus
1124 1515 1161 1576 ad
1184 1519 1489 1596 signumoppositun

145 1602 200 1665 180
223 1607 272 1684 nb
297 1607 385 1663 etiam
408 1605 525 1681 plagam
549 1605 731 1680 nonagesimi
754 1611 910 1675 mutamus,
936 1603 1078 1679 eligentes
1099 1604 1266 1664 australem.
1305 1604 1354 1664 Ita
1377 1608 1488 1680 scimus,

141 1692 251 1751 elevari
274 1691 374 1768 polum
400 1686 456 1751 160
479 1699 508 1751 61
531 1708 597 1751 eum
621 1690 738 1767 quidem
760 1690 928 1752 australem.

244 1777 290 1837 Sit
314 1779 377 1854 jam
405 1781 435 1837 16
464 1778 564 1856 eclipsi
588 1778 685 1849 ,altera
712 1781 821 1837 mensis
848 1779 976 1853 Augusti
1004 1779 1173 1855 propositus
1201 1777 1285 1837 locus
1308 1778 1348 1851 L,
1380 1777 1487 1861 quiO

22 1874 28 1889 ¹
143 1867 282 1926 orientem
306 1864 438 1925 videtin
462 1867 526 1943 ipso
549 1865 606 1924 fine
629 1865 768 1939 delectus,
794 1866 843 1941 qni
866 1868 1052 1943 appariturus
1074 1872 1152 1925 esset
1174 1863 1226 1924 illo
1240 1865 1351 1926 Terrae
1372 1866 1447 1941 loco,
1467 1870 1487 1926 si

139 1954 194 2013 sub
225 1952 376 2012 horizonte
408 1952 501 2012 rideri
531 1959 639 2029 posset.
684 1952 811 2013 Inventa
835 1961 879 2012 est
901 1969 990 2029 supra
1012 1953 1062 2011 611.
1087 1968 1194 2031 nonag.
1217 1954 1362 2029 requisita
1387 1954 1423 2014 00
1445 1956 1487 2015 40¹

140 2043 169 2098 in
192 2047 301 2113 austro,
325 2048 354 2099 et
369 2039 421 2100 Sol
445 2047 489 2099 est
512 2043 541 2097 in
565 2047 627 2098 ortu
652 2034 800 2127 169οΩ
846 2039 957 2099 Vemm
978 2041 1002 2098 si
1026 2057 1150 2116 quaeras
1174 2048 1286 2099 tantam
1311 2040 1361 2103 alt.
1386 2057 1486 2119 nonag.

139 2130 168 2185 in
192 2126 247 2186 bac
269 2125 348 2186 linea
371 2123 406 2186 9⁰
426 2121 477 2211 Ω,
501 2129 637 2202 nuspiam
658 2128 793 2188 invenies
815 2134 875 2186 tarn
897 2143 1029 2203 parvam.
1067 2126 1144 2186 Nam
1167 2127 1217 2185 nbi
1241 2132 1358 2187 veneris
1382 2127 1487 2192 adult

139 2213 200 2292 poli
219 2210 283 2286 190,
308 2214 359 2273 661
383 2214 434 2274 611.
458 2230 564 2289 nonag.
589 2221 634 2274 661
656 2211 764 2285 6660,
785 2214 848 2290 jam
870 2217 1001 2290 sequitur
1023 2230 1091 2272 area
1113 2231 1218 2288 vacua,
1242 2232 1400 2293 perquam
1417 2213 1485 2293 906

140 2318 198 2361 non
223 2299 338 2374 occidit,
363 2318 453 2377 qnare
476 2318 571 2377 neque
595 2304 625 2360 in
647 2301 828 2362 horizontem
852 2304 942 2361 venit.
980 2299 1058 2376 Ergo
1073 2303 1098 2360 si
1112 2304 1276 2377 sequereris
1291 2311 1487 2381 praeceptum,

139 2406 204 2449 cum
229 2391 365 2465 opposito
387 2384 497 2453 9⁰⁴„ae
518 2391 665 2448 invenires
689 2391 867 2467 propositam
891 2387 940 2448 alt.
966 2404 1073 2465 nonag.
1097 2390 1152 2461 bis,
1176 2389 1265 2450 semel
1290 2392 1320 2448 in
1342 2408 1421 2451 aona
1441 2391 1486 2449 tri·

138 2474 209 2553 gida
231 2476 286 2535 snb
310 2474 360 2535 alt.
383 2472 527 2552 6611610,
552 2478 656 2535 iterum
679 2483 761 2536 entra
783 2476 918 2553 frigidam
941 2475 995 2535 sub
1019 2476 1069 2535 alt
1093 2476 1155 2553 poli
1172 2473 1228 2535 660
1251 2485 1279 2536 61
1297 2484 1342 2537 est
1356 2477 1412 2537 illa
1426 2495 1487 2555 pars

139 2562 259 2623 1666166
282 2570 345 2622 1616
369 2580 457 2639 supra
479 2563 590 2623 scalam
613 2563 786 2640 videturque
808 2565 1031 2639 nonagesimum
1053 2566 1116 2623 sine
1133 2563 1298 2624 discrimine
1314 2566 1344 2623 in
1361 2574 1488 2625 anstrum

138 2649 368 2728 propendentem
396 2650 546 2719 exhibere,
572 2667 635 2709 cunr
659 2658 757 2711 tamen
779 2667 833 2710 nos
856 2653 940 2727 signo
964 2652 1100 2727 opposito
1124 2658 1238 2729 arrepto
1260 2653 1351 2712 etiarn
1373 2655 1488 2732 opposi-

139 2745 199 2796 tam
220 2735 356 2815 plagam,
380 2754 420 2796 sc.
444 2737 605 2811 borealem,
636 2755 671 2796 ex
694 2746 794 2798 tenore
811 2739 964 2815 praecepti
988 2736 1228 2814 adscripserimus
1251 2737 1402 2799 altitudini
1425 2757 1487 2817 pro·

138 2826 263 2901 positae.
307 2824 419 2884 Neutro
449 2825 538 2900 igitur
567 2832 675 2902 puncto
706 2828 870 2885 invenimus
893 2828 922 2882 in
945 2824 1048 2884 tabula
1070 2824 1149 2902 quod
1172 2827 1348 2903 quaerimus.
1400 2826 1488 2903 Quam

138 2914 226 2988 igitur
258 2914 335 2972 viam
363 2911 411 2972 hic
435 2915 489 2971 erit
511 2911 725 2973 insistendum?
757 2911 949 2989 Respondeo:
982 2921 1091 2972 certum
1115 2920 1176 2987 est,
1207 2914 1288 2990 rejici
1312 2914 1350 2974 66
1375 2931 1488 2975 causam

139 2999 247 3059 dictam
271 2999 321 3059 alt.
346 2998 406 3076 poli
424 2998 481 3059 660
503 3006 584 3059 extra
608 2998 750 3076 frigidam.
791 2996 1105 3059 [166116166666670
1126 3002 1201 3059 intra
1216 3000 1353 3077 frigidam
1368 3001 1489 3078 legenda

139 3095 184 3145 est
206 3088 355 3163 inscriptio
378 3086 457 3144 illius
480 3089 572 3162 partis
595 3087 712 3147 tabulae
736 3095 765 3147 et
788 3086 1013 3165 interpretanda.
1061 3087 1153 3147 Arcus
1181 3090 1258 3147 enim
1280 3106 1299 3147 a
1322 3086 1358 3148 00
1385 3090 1422 3163 Υ
1448 3091 1487 3147 16-

111 3250 114 3255 ,
141 3176 217 3249 cepti
245 3190 339 3250 usquc
370 3173 407 3232 ad
436 3175 573 3233 terminos
601 3176 629 3232 in
660 3176 735 3234 areis
763 3174 913 3250 subjectos
942 3173 1106 3250 (intellige,
1137 3192 1194 3234 non
1223 3182 1336 3235 tanturn
1366 3179 1396 3234 in
1424 3194 1488 3237 con-

140 3263 295 3337 sequentia
317 3262 469 3333 numerati,
493 3262 544 3320 scd
570 3264 657 3321 etiam
681 3264 710 3319 in
734 3261 946 3335 antecedentia,
970 3261 1008 3320 ad
1031 3279 1115 3321 suum
1139 3265 1264 3338 quisque
1287 3266 1443 3323 terminum
1463 3266 1487 3322 in

141 3366 209 3408 area
225 3349 403 3423 subjectum)
428 3350 559 3407 oriuntur
582 3351 676 3408 aversi
700 3355 730 3409 et
751 3353 958 3425 nonagesimus
981 3349 1018 3408 ab
1043 3352 1152 3410 oriente
1174 3358 1283 3426 puncto
1307 3359 1353 3411 est
1376 3354 1488 3412 incon·

141 3437 294 3513 sequentia
322 3435 491 3495 sumendus.
537 3436 609 3495 Corn
638 3439 726 3512 igitur
753 3436 966 3513 6666116611
991 3434 1195 3496 6701616666
1218 3436 1252 3496 0⁰
1277 3439 1313 3509 Υ
1340 3437 1488 3515 usquead

142 3527 295 3583 terminum
320 3523 355 3601 ,ὅ
390 3523 554 3599 subjectum
582 3523 688 3602 (certus
718 3523 826 3598 gradus
850 3526 886 3601 h
920 3525 958 3583 ob
987 3526 1153 3600 angustiam
1180 3527 1268 3601 spatii
1299 3530 1410 3603 apponi
1438 3544 1488 3585 non

142 3611 250 3686 potuit)
275 3619 351 3669 retro
374 3619 542 3669 numeratus
565 3608 901 3687 1666666166690121,
925 3628 1015 3688 quare
1038 3608 1255 3676 6116169οπ
1276 3630 1382 3673 averse
1406 3617 1490 3673 oritur

142 3704 171 3756 et
193 3698 401 3772 nonagesimus
424 3698 462 3757 ab
486 3714 521 3755 eo
546 3706 590 3757 est
613 3702 641 3755 in
666 3702 875 3774 consequentia
899 3695 933 3758 90
954 3698 998 3770 ὅ.
1042 3697 1075 3757 Si
1099 3696 1133 3758 90
1162 3696 1207 3772 ὅ,
1231 3702 1281 3773 661
1306 3700 1437 3760 declinat
1457 3701 1489 3760 ab

142 3792 301 3860 aequatura
323 3789 402 3843 totos
429 3778 484 3842 13⁰
508 3783 558 3843 33⁴
583 3788 611 3842 in
635 3787 771 3857 boream,
795 3802 853 3844 non
877 3785 942 3862 plus
966 3787 1098 3845 elevatur
1122 3803 1209 3862 quam
1234 3783 1270 3843 0⁰
1293 3792 1355 3860 tb‘,
1383 3794 1492 3866 oportet

141 3870 242 3948 polum
266 3872 385 3930 boreum
409 3870 623 3946 quadamtenus
647 3871 780 3933 incedere
803 3871 928 3933 1616690
950 3876 976 3946 ὅ
1009 3883 1038 3932 61
1060 3881 1198 3950 punctum
1223 3872 1362 3933 verticale
1387 3874 1491 3934 166116

143 3960 195 4018 961
217 3960 305 4034 igitur
329 3956 363 4017 90
393 3960 419 4030 ὅ
459 3976 561 4018 uersus
583 3960 682 4038 polum
707 3960 836 4019 boreum.
883 3960 923 4018 At
947 3959 1025 4036 quod
1049 3969 1093 4020 est
1115 3978 1217 4020 versus
1240 3959 1342 4036 polum
1365 3962 1491 4034 boreum,

142 4046 172 4105 id
203 4052 337 4105 censetur
367 4046 395 4102 in
425 4045 515 4121 plaga
545 4047 672 4118 boreali,
704 4064 763 4108 non
792 4049 820 4105 in
845 4047 979 4121 australi,
1012 4054 1041 4106 et
1063 4064 1132 4107 vero
1155 4064 1222 4109 cum
1244 4050 1356 4108 oriente
1382 4046 1418 4109 90
1439 4060 1493 4113 x

143 4133 357 4209 quaerebamus
381 4133 499 4191 omnino
523 4136 744 4212 nonagesimum
768 4135 796 4191 in
822 4136 951 4194 boream.

248 4219 306 4279 Sed
330 4218 461 4278 nondum
484 4220 602 4280 sublata
624 4229 669 4280 est
685 4230 747 4281 tota
762 4220 928 4282 dillicultas.
965 4220 1040 4279 Nam
1056 4221 1126 4296 quia
1142 4237 1207 4279 curn
1223 4224 1359 4298 opposito
1377 4223 1492 4284 orientis

142 4308 227 4382 signo
256 4305 374 4366 tandem
405 4309 569 4367 invenimus
598 4308 676 4385 quod
705 4310 932 4384 quaerebamus,
964 4306 1035 4368 dicit
1057 4325 1126 4383 ergo
1151 4315 1355 4385 praeceptum,
1388 4311 1493 4370 elevari

142 4392 243 4469 polum
266 4393 436 4453 australem.
483 4394 556 4453 Cum
579 4413 649 4456 vero
672 4395 754 4455 locus
776 4396 802 4454 L
823 4404 902 4456 certo
926 4397 1015 4455 sitin
1038 4395 1143 4471 frigida
1167 4394 1288 4469 boreali,
1312 4413 1371 4456 non
1396 4398 1493 4458 eleva-

145 4482 222 4539 bitur
245 4483 347 4556 utique
369 4480 455 4558 polus
471 4481 633 4542 australis?
656 4482 847 4560 Respondeo:
873 4486 902 4541 in
924 4500 1000 4542 aona
1021 4482 1127 4559 frigida
1148 4498 1206 4540 non
1230 4499 1294 4542 esse
1320 4483 1493 4563 adscriptam

143 4567 262 4644 plagam
292 4571 490 4644 nonagesimi,
522 4569 574 4628 sed
604 4572 697 4629 vicem
728 4573 948 4647 permutationis
977 4570 1111 4647 polorum
1133 4569 1233 4628 mnndi
1255 4573 1402 4631 sustinere
1424 4572 1494 4632 hano

145 4657 389 4732 permutationem
412 4656 517 4733 plagae
539 4658 626 4715 unius
649 4657 711 4733 poli
733 4657 895 4734 eclipticas,
921 4657 999 4733 quod
1021 4655 1071 4717 ille
1093 4659 1132 4716 sit
1153 4656 1203 4717 vel
1225 4658 1254 4714 in
1277 4658 1493 4735 septentrionali

144 4740 360 4819 hemisphaerio
391 4742 439 4803 vel
468 4745 498 4803 in
526 4744 720 4806 meridionali.
766 4742 1018 4821 Quemadmodum
1047 4747 1123 4805 euim
1153 4745 1193 4804 ibi
1215 4746 1246 4803 iu
1269 4746 1380 4808 torrida
1402 4754 1494 4808 11666·
