3284 5520
138 332 204 403 152
688 329 721 385 1¹¹
737 327 953 400 Hfflffllfflffl

139 508 281 581 apparenti
301 506 375 563 orbis
392 505 503 561 maximi
521 510 626 575 partem
645 504 740 559 eodem
758 502 923 572 descriptam
940 503 1028 559 ἰιίιιι
1045 503 1218 562 dadanmus.
1248 503 1321 574 Quid
1338 506 1413 561 onim
1430 518 1499 577 opnt

138 589 239 655 inerat,
259 594 361 641 motum
378 585 455 640 illum
471 591 578 640 rectum
595 591 623 638 et
640 582 892 653 perpendicularem
911 581 1070 647 excludere,
1089 601 1170 654 quern
1186 585 1215 640 in
1233 585 1347 643 comatis
1364 600 1499 656 nusquam

138 666 250 735 reperiri
269 665 430 720 constabat?
454 664 508 718 Sed
527 663 590 717 dum
608 660 676 716 illud
693 668 835 730 praeterea
853 661 905 715 hoc
923 659 985 715 loco
1003 663 1082 718 uobis
1100 663 1207 732 objicit:
1226 664 1270 734 „si
1287 671 1409 719 cometes
1429 665 1501 722 circa

140 744 229 800 Solem
246 750 386 810 ageretur,
405 758 465 798 cum
483 742 590 812 integro
609 743 760 810 quadrante
778 741 813 797 ab
831 740 926 796 eodem
946 740 1008 797 Sole
1025 743 1183 812 recesserit,
1201 743 1325 798 futurum
1342 742 1499 814 aliquando,

139 830 170 878 nt
188 822 222 877 ad
241 821 353 875 Terram
371 836 458 890 nsque
477 821 686 891 descenderet“‚
710 838 765 876 ιιι
783 820 857 876 venit
873 821 913 875 illi
930 821 958 875 in
976 830 1094 877 mentem
1113 821 1244 886 fortasse,
1270 837 1327 877 non
1344 839 1401 878 uno
1419 821 1500 878 modo

138 904 210 958 citca
228 907 362 956 cometam
379 900 423 967 agi
441 900 571 969 potuisse.
607 902 679 970 Quid
697 901 776 967 enim,
795 901 817 955 si
836 900 966 971 circulus,
985 919 1038 971 quo
1056 900 1220 967 vehebatur,
1238 900 1410 957 ecceutrions
1428 900 1500 956 Solia

138 982 236 1037 fuisset
254 988 281 1034 et
299 979 394 1046 maJ'ori
414 980 456 1035 sui
474 985 553 1048 parta
565 987 613 1035 ant
631 996 714 1049 supra
726 980 816 1035 Solem
834 980 977 1050 exIstsuto,
995 986 1043 1034 aut
1061 980 1096 1035 ad
1113 981 1328 1048 septentrionem
1346 980 1499 1048 augente?

139 1061 212 1132 Quid
230 1060 253 1114 si
272 1065 361 1113 motus
381 1058 521 1115 circularis
539 1075 594 1114 non
612 1058 722 1126 fuisset,
750 1058 799 1113 sed
817 1057 967 1128 ellipticns,
997 1066 1025 1115 et
1043 1060 1152 1127 quidem
1170 1074 1276 1114 summa
1292 1060 1404 1129 imaque
1421 1064 1499 1127 parte

140 1153 323 1207 compressus,
342 1136 422 1205 louge
435 1152 498 1190 sero
512 1143 690 1205 experrectus
703 1137 730 1191 iu
743 1137 850 1192 latera?
869 1136 940 1205 Quid
952 1137 975 1192 si
990 1153 1023 1192 ne
1036 1137 1173 1208 ellipticus
1191 1137 1308 1206 qnidam,
1326 1135 1378 1193 sed
1391 1136 1499 1191 omnino

138 1216 306 1288 irregularis,
324 1231 386 1269 cum
398 1216 558 1284 praesertim
571 1232 605 1270 ex
617 1215 703 1285 ipsius
716 1215 830 1272 Galilaei
842 1223 989 1286 systemate
1000 1216 1075 1272 nullo
1087 1216 1168 1288 plane
1180 1216 1373 1288 impedimento
1386 1214 1499 1272 comau'a

139 1310 312 1368 quocumque
329 1294 427 1350 liberet
444 1297 546 1350 moveri
563 1294 697 1351 liceretne

244 1376 314 1429 Hinc
336 1376 435 1430 transit
453 1375 561 1430 Sarsius
583 1375 618 1430 ad
638 1374 728 1443 optica
746 1379 774 1428 et
791 1372 1042 1443 multiplicationem
1059 1374 1120 1432 tubi
1137 1374 1230 1444 optici.
1267 1374 1424 1443 cometam,
1453 1372 1500 1442 ait,

139 1472 175 1511 er
201 1454 322 1509 omnium
349 1453 495 1508 illustrium
525 1461 741 1510 astronomorum
768 1453 898 1521 Europae
925 1453 1087 1510 testimoniis
1114 1453 1160 1508 vix
1188 1452 1274 1509 ullum
1300 1452 1500 1508 incrementum

138 1534 301 1603 suscepisse,
314 1533 486 1588 observatum
499 1534 631 1604 „longiori
641 1531 780 1602 specillo“,
796 1531 869 1599 quod
881 1531 953 1585 idem
965 1533 1045 1587 etiam
1056 1533 1195 1589 Galilaeae
1208 1532 1334 1589 affirmet
1359 1530 1500 1588 Galilaeae

139 1617 255 1679 dixerat,
274 1612 366 1667 lumen
384 1619 506 1668 cometae
525 1630 559 1667 ex
577 1628 670 1669 eorum
689 1626 788 1680 genera
807 1625 876 1679 esse,
894 1625 966 1678 qnae
983 1626 1032 1679 per
1050 1611 1162 1669 alterius
1180 1612 1289 1667 luminis
1307 1610 1501 1667 refractionem

140 1699 277 1750 ostentata
299 1693 390 1748 serius
419 1693 604 1763 quemfacta,
626 1693 738 1747 umbrae
757 1690 850 1758 potius
868 1689 1063 1744 luminosorum
1081 1706 1238 1764 corporum,
1265 1707 1346 1761 quam
1363 1689 1502 1746 lamInosa

140 1788 254 1842 corpora
280 1771 394 1826 dicenda
419 1772 575 1841 videantur,
605 1771 696 1840 qualia
720 1769 775 1824 sint
799 1768 897 1835 irides,
923 1785 1053 1838 coronae,
1081 1772 1220 1841 parhelia3
1251 1771 1364 1827 deinde:
1395 1778 1501 1827 motum

140 1858 306 1909 cometarum
332 1858 437 1906 rectum
463 1867 570 1920 semper
596 1850 682 1904 tuisse
708 1862 740 1902 ac
767 1848 868 1902 Terrae
894 1846 1048 1918 superficiei
1074 1851 1342 1920 perpendicularem
1370 1865 1500 1919 vaporem

140 1946 223 1999 saepe
240 1929 380 1983 humidum
400 1944 434 1983 ex
452 1928 545 1998 aliqua
558 1929 659 1983 Terrae
676 1933 755 1997 parte
772 1927 800 1982 in
819 1927 903 1982 altam
922 1944 1006 1997 supra
1023 1929 1130 1985 Lunam
1148 1929 1229 1985 etism
1247 1945 1280 1985 ac
1297 1926 1391 1984 Solem
1409 1927 1500 1984 attolli

141 2017 169 2064 et
187 2007 266 2063 slmnl
285 2014 367 2075 atque
381 2014 459 2061 extra
476 2007 597 2062 umbram
611 2006 712 2061 Terrae
730 2021 892 2075 progressus
905 2006 976 2063 Solis
993 2007 1085 2063 lumen
1103 2009 1250 2078 aspexerit,
1269 2023 1303 2063 or
1320 2006 1396 2064 illius
1415 2008 1502 2065 velati

140 2086 202 2141 luce
227 2084 371 2153 concipere
396 2091 424 2139 ct
447 2092 580 2139 cometam
604 2100 744 2154 apparere.
782 2084 890 2139 Sarsina
912 2085 1062 2141 rationibus
1087 2103 1142 2142 non
1166 2087 1260 2156 sanis,
1287 2102 1321 2141 ex
1338 2087 1458 2156 physica
1474 2094 1503 2143 et

142 2164 235 2234 optino
254 2163 398 2229 desumus,
418 2162 488 2216 hanc
507 2161 621 2218 Galilaei
640 2163 793 2231 opinionem
812 2161 925 2231 refutat,
944 2168 1029 2219 testas
1047 2166 1202 2234 producens
1220 2166 1382 2236 dadanum,
1401 2167 1502 2236 Regio·

141 2251 299 2299 montanum
329 2247 356 2296 et
382 2241 539 2312 Tychonem
568 2256 716 2309 eorumque
743 2241 944 2297 observationes
975 2250 1149 2301 cometarum.
1190 2245 1232 2300 De
1261 2244 1351 2300 cauda
1377 2253 1502 2301 cometae

142 2329 253 2379 omenta
276 2321 345 2376 haec
368 2320 477 2376 Sarsius
495 2327 592 2376 contra
610 2319 761 2374 Galilaeum
779 2319 868 2375 affert:
898 2320 981 2385 ,illud
1003 2321 1119 2390 primurn
1144 2323 1280 2379 hocloco
1303 2323 1329 2377 ei
1352 2336 1503 2393 suggatis

141 2402 243 2467 habeo,
268 2399 336 2453 nihil
354 2415 428 2467 esse,
456 2399 528 2468 qnod
547 2415 647 2455 novum
664 2399 737 2455 Ιιιιι
755 2399 864 2455 modum
883 2416 1022 2456 comarum
1040 2400 1263 2469 explicandarum
1282 2400 1333 2456 sibi
1352 2400 1502 2471 adscribat,

141 2477 233 2531 nihil'
226 2493 314 2546 ipsum
333 2493 383 2532 sna
401 2477 478 2533 hac
470 2494 498 2532 in
516 2476 700 2546 disputatione
714 2456 879 2548 protulisse,
898 2479 971 2548 quod
989 2480 1125 2547 lieplerus
1143 2479 1230 2535 molto
1248 2486 1311 2534 ante
1329 2493 1385 2533 nou
1403 2478 1504 2535 viderit

143 2567 172 2615 et
189 2559 297 2628 scriptis
315 2558 471 2627 planissime
490 2560 665 2628 consignarit
699 2561 768 2615 Nam
786 2560 850 2615 dnm
869 2561 987 2616 rationes
1006 2560 1125 2630 inquirit,
1144 2576 1193 2615 our
1211 2566 1377 2614 cometarum
1395 2559 1504 2615 caudae

144 2654 242 2695 curvae
261 2639 407 2706 aliquando
420 2639 569 2707 videantur,
588 2641 635 2708 ait,
653 2640 682 2695 id
699 2656 754 2695 non
767 2656 800 2695 ex
812 2640 947 2710 parallari
961 2639 1032 2707 oriri,
1051 2638 1125 2708 quod
1143 2638 1197 2692 alio
1215 2637 1297 2692 etiam
1314 2637 1375 2692 Ioco
1393 2638 1502 2709 probat,

141 2734 231 2788 neque
249 2733 283 2773 cx
296 2716 468 2786 refractione,
487 2719 573 2773 multa
587 2719 617 2773 iu
634 2720 705 2773 hanc
723 2719 886 2775 sententiam
904 2718 1029 2786 afferens,
1049 2717 1096 2773 ubi
1112 2717 1223 2772 tandem
1241 2716 1287 2785 ait,
1305 2716 1359 2771 hoc
1376 2716 1502 2786 phaeno-

142 2813 240 2853 menon
257 2797 284 2850 in
297 2800 411 2852 naturae
430 2812 530 2852 aroana
541 2796 757 2866 relinquendum.
789 2798 850 2851 Hoc
864 2798 947 2865 igitur
964 2799 1145 2867 praemissum
1162 2795 1243 2866 volui,
1263 2794 1372 2866 qnando
1391 2795 1503 2864 quiden

141 2875 201 2945 ipse
220 2875 270 2942 ait,
294 2889 324 2928 se
342 2874 443 2928 vidisse
461 2876 609 2946 nemiuem,
632 2875 679 2944 qui
696 2876 749 2929 hac
767 2876 800 2931 de
819 2890 848 2929 re
867 2876 1019 2944 scripserit,
1038 2882 1148 2945 praeter
1166 2875 1331 2945 Tychonem.
1366 2872 1428 2928 IIoc
1446 2890 1503 2929 uno

142 2956 213 3010 inter
231 2969 260 3008 se
278 2951 408 3008 differunt
425 2953 561 3022 Keplerus
580 2960 608 3008 et
627 2953 775 3022 Galilaeus,
799 2954 872 3022 quod
890 2954 935 3009 hic
951 2955 985 3009 iis
1003 2954 1154 3010 rationibus
1172 2953 1337 3021 assentitur,
1355 2967 1426 3021 quas
1445 2967 1502 3008 non

141 3036 212 3090 tanti
230 3032 358 3102 ponderis
376 3033 422 3088 ille
441 3033 612 3099 existimarit,
631 3048 664 3087 oc
681 3039 828 3102 propterea
844 3033 1004 3102 subjudice
1023 3034 1097 3088 litem
1115 3031 1321 3100 relinquendam
1338 3030 1465 3086 statuit‘

248 3129 428 3184 Galilaeus
446 3129 651 3198 responsionem
664 3145 740 3184 suam
758 3136 854 3186 contra
867 3131 952 3185 Sarsii
969 3132 1135 3201 objectiones
1152 3129 1304 3198 inscripsit:
1323 3128 1502 3198 llSaggia·

143 3220 221 3266 tore
246 3207 430 3275 (Trucinator)
458 3206 504 3261 nel
525 3207 605 3276 quala
630 3225 682 3263 con
705 3208 822 3263 bilancis
847 3208 979 3277 esquisita
1002 3223 1017 3262 e
1040 3208 1132 3277 giusta
1155 3210 1179 3264 si
1202 3208 1361 3278 ponderano
1385 3208 1413 3262 le
1437 3224 1504 3264 cose

143 3293 289 3345 contennte
314 3284 386 3341 nella
404 3284 488 3340 Libra
511 3286 692 3341 astronomica
710 3301 725 3341 e
747 3286 879 3342 dlosofica
897 3287 924 3341 di
942 3287 1053 3342 Lotario
1071 3287 1145 3342 Sarni
1164 3287 1329 3355 Sigensano,
1356 3285 1455 3340 scritto
1473 3285 1502 3339 in

142 3367 231 3422 forma
254 3365 282 3420 di
306 3363 404 3419 lettera
427 3364 453 3418 al
470 3364 508 3418 ill.
527 3379 543 3419 e
565 3381 619 3420 rev.
638 3366 798 3433 Monsignor
815 3367 847 3421 D.
869 3367 989 3435 virginio
1009 3367 1143 3435 Cesarini‚
1168 3365 1346 3421 Accademico
1363 3365 1504 3420 Linceoe

143 3449 265 3502 Maestae
291 3444 318 3498 di
342 3444 454 3497 Camers
479 3443 523 3497 del
547 3444 655 3497 Sommo
678 3445 812 3500 Pontifico
838 3446 949 3501 Urbano
966 3445 1055 3512 VIII,
1083 3444 1119 3499 da
1141 3444 1238 3512 Siquos
1262 3443 1366 3497 Galileo
1393 3442 1503 3510 GalIlsi,

146 3525 308 3581 academico
325 3523 442 3586 Linceo,
460 3522 557 3577 Nobile
576 3521 746 3586 Florentino,
769 3522 877 3578 filosofo
896 3538 911 3577 e
929 3523 1120 3578 mathematico
1138 3522 1266 3592 primario
1284 3520 1329 3576 del
1347 3521 1407 3576 Ser.
1425 3520 1502 3575 Gran

143 3608 221 3660 Dnca
234 3603 261 3657 di
273 3603 406 3656 Toscana.
418 3602 506 3656 Roma
520 3600 596 3656 1623.
627 3600 710 3655 Redit
726 3600 754 3654 in
772 3600 824 3655 hoc
842 3601 911 3656 libro
930 3602 1068 3657 Galilaaus
1087 3603 1121 3657 ad
1139 3602 1309 3656 inventiones
1327 3615 1400 3668 suas,
1418 3615 1503 3668 aegre

144 3685 249 3744 terens,
276 3681 349 3750 quod
372 3678 435 3733 illae
458 3696 475 3734 a
496 3679 637 3734 malevolis
660 3680 688 3733 in
707 3679 824 3736 ludibria
842 3687 982 3736 venantur
999 3681 1041 3734 vel
1060 3681 1111 3736 sibi
1129 3681 1196 3750 ipsis
1214 3680 1283 3734 falso
1301 3678 1502 3747 adscribuntur,

142 3765 214 3819 inter
232 3778 302 3833 quos
320 3760 466 3829 praecipua
484 3759 549 3814 dicit
568 3759 703 3815 Simonem
721 3760 837 3814 Marium
856 3761 970 3830 ejusque
989 3759 1138 3830 „Mundum
1155 3759 1304 3815 localem
1325 3760 1378 3826 (cir.
1397 3760 1450 3814 vol.
1469 3761 1501 3810 ll

143 3862 167 3909 p.
177 3848 229 3896 tna
239 3842 296 3909 ss).
327 3839 386 3892 Hoc
399 3838 504 3893 celebre
518 3837 630 3894 Galilaei
645 3840 786 3908 scriptum,
806 3855 861 3907 quo
880 3841 1027 3909 praecipue
1046 3840 1136 3894 odium
1154 3840 1183 3893 in
1195 3840 1284 3908 ipsum
1296 3838 1446 3893 excitatum
1459 3844 1504 3893 est

144 3921 282 3978 societatis
301 3917 480 3985 desultorum,
509 3918 632 3985 quamvis
649 3917 729 3986 plura
747 3918 841 3987 habet,
870 3933 940 3986 qnae
961 3918 996 3972 ad
1020 3926 1185 3974 cometarum
1203 3918 1340 3987 pertinent
1357 3915 1502 3985 theoriam,

143 4017 177 4055 ex
196 4016 228 4055 eo
247 3999 316 4053 haec
333 4003 439 4051 tantum
458 3994 630 4064 excerpenda
647 3997 816 4064 censuimus,
842 4013 912 4066 quae
930 3998 965 4054 ad
983 3998 1133 4067 praemissa
1151 3996 1235 4051 Sarsii
1253 3995 1335 4049 verba
1352 3993 1505 4063 respondet

143 4077 290 4134 Galilaeus.
316 4076 435 4130 Primum
449 4074 613 4144 Tychouem‚
626 4089 706 4142 quem
719 4074 826 4130 Sarsius
839 4074 935 4130 ducem
948 4076 1077 4145 sequitur,
1090 4076 1190 4130 emonis
1203 4075 1299 4144 arguit,
1312 4073 1502 4141 affirmantem,

143 4155 314 4227 parallaxeos
339 4154 446 4209 deiectu
469 4151 591 4222 probari,
620 4162 753 4207 cometam
777 4169 862 4222 supra
878 4154 974 4209 Lunae
998 4155 1089 4210 orbem
1114 4154 1269 4218 transilire,
1296 4154 1376 4221 eique
1400 4152 1503 4208 calend

143 4250 262 4293 errorem
280 4234 376 4287 tribuit
393 4233 420 4286 iu
439 4230 601 4285 invenienda
618 4231 760 4300 parallaxi.
796 4232 901 4288 Deinde
919 4233 1019 4302 inepte,
1039 4233 1143 4299 asserit,
1164 4232 1342 4300 Gopernicum
1361 4239 1390 4285 et
1407 4231 1502 4287 Ptole·

143 4328 249 4368 maenm
267 4312 412 4378 nominari,
439 4311 557 4380 quinon
576 4309 610 4363 de
628 4310 740 4364 cometis
758 4311 863 4377 egerint
879 4318 907 4365 et
925 4312 965 4367 sIc
983 4312 1083 4382 pergit:
1116 4312 1169 4378 sig.
1188 4311 1277 4380 Sarsi,
1303 4310 1331 4364 la
1348 4310 1467 4365 filosoda
1485 4325 1501 4364 e

144 4392 238 4448 scritta
255 4391 282 4444 iu
296 4399 393 4459 questo
412 4388 591 4459 grandissimo
603 4388 682 4458 libro,
702 4390 753 4445 che
766 4391 986 4445 continuamente
1004 4392 1029 4446 ci
1048 4397 1090 4444 sta
1108 4398 1203 4459 aperto
1220 4389 1330 4445 innanzi
1348 4388 1403 4457 agli
1420 4389 1502 4445 coelii

145 4471 180 4538 (io
203 4471 263 4526 dieo
281 4471 456 4537 I'Universo),
483 4483 527 4522 ma
550 4483 602 4521 uon
627 4469 650 4521 si
672 4484 728 4536 pno
745 4468 898 4534 intendere,
926 4485 955 4524 se
973 4471 1061 4539 prima
1078 4484 1133 4522 non
1151 4467 1278 4535 s’impara
1296 4482 1313 4521 a
1330 4464 1458 4521 intendes·
1473 4467 1502 4522 la

143 4550 244 4619 lingua,
264 4567 278 4605 e
297 4565 427 4605 conoscer
444 4549 453 4602 i
473 4547 600 4603 caratteri
617 4546 659 4601 ne’
679 4546 753 4615 quali
771 4563 786 4600 e
807 4547 910 4601 scritto.
946 4547 1011 4614 Egit
1028 4562 1043 4600 e
1061 4547 1156 4602 scritto
1173 4547 1202 4600 in
1219 4546 1312 4614 lingua
1328 4545 1502 4601 matematiea

146 4645 160 4683 ι
178 4630 187 4682 i
206 4630 331 4685 caratteri
350 4644 399 4683 sou
417 4625 556 4696 triangoli,
582 4625 671 4680 cerchi
696 4624 730 4679 ed
752 4625 822 4680 altre
839 4626 925 4695 figure
944 4625 1139 4696 geometriche,
1163 4639 1247 4680 senna
1263 4625 1272 4678 i
1290 4622 1366 4693 quali
1383 4623 1502 4679 mansio

85 4712 88 4719 '
144 4707 310 4776 impossibile
334 4706 494 4762 intendeme
516 4709 705 4759 umanamente
727 4704 836 4774 parola;
866 4719 948 4758 senaa
972 4704 1100 4771 questio
1124 4720 1161 4758 un
1186 4703 1318 4772 aggirarsi
1336 4707 1500 4757 vanarnente

145 4799 195 4863 per
206 4801 242 4841 ιι
260 4801 358 4848 oscum
370 4785 513 4843 laberinto.
544 4784 683 4852 Maposto
700 4799 752 4861 par
769 4796 847 4850 anco,
864 4797 941 4840 come
958 4781 985 4837 al
997 4780 1073 4839 Sarsi
1084 4796 1159 4855 pare,
1175 4779 1392 4838 ehal'iutelletto
1404 4784 1501 4837 aostm
