3284 5520
229 307 295 377 278
370 411 374 417 ⁵
513 314 516 319 ’
712 303 871 383 'appendix
887 303 1104 377 Hyperaspistis.

339 488 387 547 li.
425 484 495 549 For..
516 490 588 560 139,
615 478 685 563 110.
709 492 834 547 vexatur
856 504 875 545 s
896 483 997 549 Sarsio
1019 492 1134 548 cometa
1156 482 1234 551 idem
1256 481 1506 561 Regiomontaui,
1529 494 1588 559 qno

232 573 269 633 de
292 578 352 631 tam
374 571 469 634 multe
490 590 546 650 ego
570 572 608 632 ad
631 572 682 636 lib.
701 573 757 633 Ili.
782 591 845 650 cap.
867 576 913 634 11.
939 592 1017 634 naua.
1041 577 1059 633 1
1082 576 1111 632 in
1128 575 1178 634 33.
1216 570 1313 632 Video
1335 588 1373 632 ne
1395 569 1499 631 smus
1521 568 1588 644 qni-

232 661 298 721 dem
330 659 436 720 lectam
467 660 515 719 vel
537 660 763 739 Regiomontant
792 660 1015 738 descriptionem
1044 669 1137 721 totam
1160 659 1208 720 vel
1232 658 1358 737 Ziegleri
1381 656 1588 737 conceptiones

199 807 200 812 ,
233 752 262 807 ln
286 747 423 807 Genesin.
468 746 567 809 Video
596 765 720 809 errorem
743 747 883 822 eundem,
915 766 1003 826 quern
1026 748 1171 826 crugerus
1193 749 1325 824 agnitum
1347 745 1474 822 abjecit,
1504 743 1589 820 quasi

231 835 384 896 Fontanus
407 834 443 894 de
467 834 583 895 diverso
610 837 757 914 scripserit
785 844 898 895 cometa
926 855 1014 913 qaam
1037 835 1299 911 Regiomontauus.
1344 833 1520 894 Auctarium
1541 829 1589 888 in·

232 939 320 1000 saper
346 921 403 982 hoc
430 921 539 998 adjecit
561 921 694 996 Samius,
724 922 803 1000 quod
833 926 862 980 in
893 923 950 984 fine
973 923 1060 983 velox
1082 924 1169 984 fucrit
1192 931 1321 996 cometa,
1351 918 1431 999 quod
1452 916 1589 993 redargui

235 1008 355 1088 quidem
377 1026 414 1069 ax
428 1010 526 1070 verbis
542 1013 695 1086 poimatia,
720 1020 752 1070 ut
766 1011 905 1087 ambigue
920 1012 1103 1084 sonantibus,
1125 1027 1184 1069 non
1200 1017 1310 1088 posset,
1333 1011 1389 1067 nisi
1403 1023 1494 1085 prosa
1506 1004 1589 1065 Pon·

233 1100 295 1158 tani
318 1097 505 1158 conterretur.
550 1097 608 1158 Sed
632 1116 668 1157 ex
691 1099 837 1174 ambiguis
860 1115 918 1157 non
941 1106 1018 1159 recte
1042 1106 1260 1175 argumentatur
1282 1096 1409 1157 Sarsius.

341 1189 390 1245 18.
429 1182 515 1260 Quod
544 1202 633 1262 supra
656 1184 790 1265 Tychoni
814 1185 955 1246 accidisse
977 1188 1096 1260 notavi,
1126 1194 1159 1245 ut
1179 1186 1279 1245 Sarsio
1303 1193 1333 1244 ct
1356 1181 1493 1243 Galilaea
1515 1181 1590 1241 iuter

233 1291 267 1332 se
288 1272 488 1350 pugnantibus
510 1274 573 1350 ipse
595 1275 742 1350 exciperet
764 1274 839 1332 ictus
862 1266 907 1333 ab
923 1282 1063 1350 utroque,
1092 1272 1168 1357 idem
1189 1272 1240 1332 fol.
1267 1274 1337 1343 141,
1365 1270 1437 1330 143.
1462 1266 1590 1329 Galilaei

235 1359 308 1419 milri
337 1376 393 1419 usu
423 1360 517 1418 veuit:
549 1359 701 1436 pertrahor
730 1363 759 1418 in
789 1369 886 1438 partes
915 1362 1141 1421 obtrectantium
1165 1361 1290 1420 invicem
1312 1366 1343 1419 et
1365 1355 1589 1428 vindicantium,

235 1449 304 1524 quin
335 1448 396 1511 imo.
424 1447 507 1507 velat
530 1447 638 1507 arbiter
660 1450 836 1508 constitutus
864 1450 1039 1509 sententiam
1067 1449 1260 1526 pronunciare
1279 1446 1400 1523 jubeor,
1430 1442 1485 1504 sed
1508 1459 1590 1502 com·

189 1570 192 1575 ·
234 1535 315 1594 muui
338 1533 511 1594 arbitrorum
533 1534 663 1608 fortuna,
693 1542 726 1593 ut
747 1536 841 1595 neutri
864 1538 940 1613 parti
962 1535 1156 1597 satisfaciant.
1200 1533 1311 1594 Verum
1332 1526 1450 1608 scripsit
1471 1529 1590 1591 Sarsina

232 1625 262 1682 iu
285 1637 391 1697 genere
413 1620 487 1696 boc,
518 1621 599 1698 qnod
628 1639 693 1681 cum
715 1621 819 1702 'lbclro
842 1624 1067 1697 existimaverit,
1095 1621 1219 1682 caudent
1244 1628 1375 1681 cornetae
1399 1619 1468 1679 anni
1497 1619 1589 1676 15⁷⁷.

119 1769 121 1773 ,
159 1696 162 1701 ’
235 1712 335 1790 optica
356 1708 457 1796 aliqua
479 1711 591 1770 ratione
615 1711 799 1792 incurvatam
820 1712 1008 1788 apparuisse,
1030 1711 1141 1788 primas
1164 1727 1229 1786 ego,
1254 1707 1333 1785 quod
1356 1709 1458 1779 sciam,
1483 1703 1519 1765 de
1542 1720 1590 1764 re·

175 1843 178 1848 .
233 1798 374 1858 fractione
396 1799 576 1856 mentionem
598 1796 762 1873 injecerim,
786 1799 894 1875 quippe
917 1800 968 1874 qui
990 1797 1024 1857 id.
1043 1799 1213 1872 negaverim
1237 1795 1299 1856 fieri
1321 1812 1408 1872 posse
1422 1811 1475 1872 per
1488 1789 1590 1869 paral·
1624 1860 1628 1867 ¹

232 1884 323 1958 lexin,
345 1883 398 1943 sed
420 1900 516 1960 neque
538 1900 590 1960 per
612 1883 721 1943 nudam
745 1893 773 1944 et
795 1885 957 1962 simplicem
981 1886 1183 1945 retractionem
1205 1883 1352 1943 radiorum
1369 1881 1447 1942 Solis
1470 1881 1500 1937 in
1523 1895 1590 1938 cor·

233 1988 304 2050 pore
335 1979 480 2044 cometae,
510 1988 570 2048 qua
597 1972 768 2031 refractione
797 1973 893 2033 cauda
922 1975 986 2049 ipsa
1009 1974 1125 2032 iormari
1149 1974 1346 2048 concipiatur,
1375 1965 1592 2047 repraesentari

170 2066 173 2071 ’
233 2074 321 2138 posse
344 2057 482 2117 retractos
505 2059 606 2135 specie
627 2075 730 2137 curve,
758 2060 814 2118 nisi
836 2061 950 2137 siquis
972 2069 1040 2136 post
1063 2063 1185 2138 primam
1207 2059 1409 2120 retractionem
1431 2054 1590 2124 radiorum,

234 2147 342 2206 iactam
365 2145 394 2202 in
419 2147 528 2223 capite,
562 2143 660 2222 plures
688 2145 762 2207 allas
791 2155 859 2223 post
881 2155 969 2226 caput
991 2150 1020 2205 in
1043 2148 1210 2207 substantia
1232 2146 1358 2206 aetheris
1380 2144 1444 2204 tleri
1466 2147 1590 2213 statuat,

234 2238 265 2293 in
295 2232 417 2293 eandem
447 2233 598 2293 curvitatis
624 2232 758 2311 plagam,
788 2237 846 2295 imo
875 2237 974 2313 potius
996 2235 1197 2295 retractionem
1221 2235 1360 2293 continuo
1383 2238 1480 2291 tractu
1501 2229 1591 2307 spatii

234 2328 456 2398 augescentem,
487 2327 589 2399 utpote
619 2324 649 2380 in
679 2322 845 2382 substantia
873 2323 998 2383 aetheris
1030 2324 1175 2383 continuis
1203 2322 1386 2381 incrementis
1408 2325 1477 2396 post
1499 2323 1592 2392 capot

126 2479 128 2483 Α
189 2471 191 2475 ,
234 2416 367 2469 cometae
395 2424 510 2485 semper
538 2410 633 2485 mame
661 2410 815 2485 magisque
845 2409 1040 2470 condensata:
1072 2427 1149 2486 quae
1176 2408 1348 2485 imaginatio
1372 2424 1438 2467 cum
1460 2411 1592 2481 nequeat

235 2498 328 2573 aptari
352 2495 467 2573 legibus
491 2496 604 2573 opticis,
627 2514 681 2556 uec
705 2496 787 2557 detur
809 2497 942 2574 intelligi,
967 2495 1038 2574 qaid
1059 2499 1098 2556 sit
1119 2496 1297 2575 superficies,
1320 2513 1379 2554 non
1402 2490 1592 2569 superficient

234 2583 402 2661 superficies
419 2581 546 2659 quidem,
570 2584 640 2660 qnia
663 2581 801 2644 inclinata
824 2584 862 2644 ad
883 2583 982 2644 radios
1005 2601 1042 2644 ex
1063 2586 1158 2662 capite
1181 2582 1368 2661 prodeuntes,
1391 2582 1462 2657 quia
1484 2578 1592 2639 retriu-

149 2688 152 2693 ·
234 2670 322 2746 geudi
344 2678 490 2747 potestate
513 2669 637 2749 pollens,
660 2687 717 2730 non
742 2671 920 2748 superficies,
943 2675 1014 2749 qaia
1035 2674 1206 2732 continuata
1226 2673 1301 2731 inter
1315 2687 1356 2744 se,
1378 2684 1438 2729 non
1453 2664 1617 2738 discreta,'

236 2757 416 2817 densationis
433 2759 620 2834 incrementa,
647 2758 701 2818 has
723 2761 844 2836 inquam
861 2760 898 2819 eb
916 2776 1019 2819 causas
1034 2759 1237 2819 refractionem
1251 2758 1351 2831 talem,
1367 2755 1452 2833 cnjus
1469 2753 1593 2814 susam

234 2847 428 2921 requireretur
450 2844 488 2903 ad
512 2844 720 2905 incurvandam
744 2845 881 2919 caudam,
910 2834 947 2905 ¹ut
969 2854 1161 2909 monstrosam
1184 2854 1214 2906 et
1237 2845 1400 2906 chimaerae
1421 2847 1593 2919 portentum

235 2933 358 3011 explosi.
403 2932 494 2992 Recte
522 2934 610 3008 igitar
631 2932 758 2992 fictionis
782 2951 865 2995 meae
889 2934 979 2994 verba
1001 2933 1145 2994 intellexit
1167 2931 1321 2993 Galilaeae
1343 2927 1593 3006 rejiciendamqae

234 3016 374 3095 affirmat,
397 3027 475 3078 recte
498 3020 585 3079 etiam
602 3019 728 3093 Sarsius,
751 3021 879 3081 cundem
894 3039 915 3080 a
929 3039 977 3080 mc
992 3021 1102 3081 ibidem
1116 3037 1179 3107 cssq
1190 3023 1342 3094 rejectam.
1371 3018 1476 3094 Neque
1491 3022 1593 3075 umen

235 3109 341 3181 statui,
370 3107 453 3165 litem
475 3106 652 3181 ιιι-1111111111
674 3108 922 3185 relinquendam,
952 3108 1003 3167 sed
1027 3110 1119 3185 prima
1143 3108 1214 3169 data
1236 3109 1406 3178 occasione,
1434 3105 1465 3162 in
1488 3100 1593 3163 libello

130 3225 133 3232 ·
234 3193 346 3254 scilicet
368 3193 403 3252 de
427 3197 547 3254 cometis
571 3212 711 3255 antrorum
730 3198 823 3268 1601,
852 3198 943 3270 1618,
968 3195 1073 3256 diserte
1097 3196 1165 3266 dixi,
1190 3195 1261 3272 qnid
1284 3195 1320 3256 de
1342 3191 1455 3253 madae
1478 3198 1510 3251 et
1531 3189 1593 3251 lor·

129 3347 132 3352 ,
235 3283 363 3342 melione
386 3292 415 3340 et
429 3282 640 3343 incurvatione
663 3285 809 3345 sentirem.
847 3283 938 3342 Recte
960 3300 1018 3343 non
1042 3285 1137 3343 minus
1160 3281 1312 3343 Galilaeae
1335 3281 1386 3353 sit,
1409 3278 1504 3339 verbu
1518 3277 1594 3336 haee

233 3388 303 3430 meu
325 3387 389 3429 nort
412 3386 470 3428 care
493 3369 670 3447 accipienda
693 3370 728 3430 dc
750 3372 872 3448 speciali
894 3373 950 3430 illa
971 3372 1165 3449 refractione,
1189 3388 1269 3447 quae
1288 3370 1370 3447 pitin
1384 3373 1488 3427 nomen
1504 3369 1593 3424 aeis:

191 3478 194 3482 ·
235 3457 272 3517 de
294 3457 351 3516 hoc
374 3471 444 3515 sane
469 3457 680 3516 incurvationis
703 3459 791 3517 modo
805 3475 955 3533 nunquam
971 3475 1026 3535 ego
1043 3460 1179 3535 cogitavi,
1203 3459 1340 3534 quamvis
1354 3455 1393 3515 sit
1408 3453 1592 3522 verissimus,

27 3598 31 3605 .
121 3551 123 3554 ‘
199 3543 370 3628 ''l'ycboni
394 3545 482 3602 etiam
505 3546 562 3621 ipsi
586 3563 618 3604 er
644 3545 703 3603 elio
726 3546 829 3606 ellectu
854 3547 1034 3605 notissimus.
1080 3544 1128 3606 Sic
1155 3547 1233 3605 enim
1260 3547 1429 3604 incurvatur
1458 3538 1592 3618 qnotidie

235 3646 326 3708 penes
349 3648 404 3690 nos
426 3632 658 3708 uniuscnjusque
681 3631 780 3691 circuli
803 3631 905 3692 stellae
930 3632 1022 3690 rliumi
1046 3649 1140 3705 arcus,
1165 3641 1197 3692 ut
1220 3633 1355 3708 quamvis
1377 3627 1510 3689 stellein
1527 3628 1592 3704 ipro

167 3740 171 3749 ·
237 3712 396 3795 aequatore
428 3727 575 3791 versetur,
607 3727 704 3779 tamen
733 3720 812 3779 linea
840 3720 995 3792 descensus
1025 3720 1088 3797 ejus
1109 3722 1140 3778 in
1163 3720 1344 3780 horizontem
1367 3717 1416 3777 vel
1439 3731 1593 3788 ascensm,

163 3855 165 3859 ,
233 3807 259 3864 si
270 3823 323 3883 per
334 3803 516 3881 aliquantam
531 3808 657 3882 spatium
673 3804 836 3866 altitudinis
849 3816 979 3867 maneret
995 3816 1059 3867 tota
1073 3809 1242 3884 conspicua,
1258 3814 1411 3885 appareret
1426 3805 1593 3861 incurvata.

340 3891 406 3951 Hoc
429 3899 526 3952 tamen
550 3903 594 3953 cst
616 3895 733 3971 insuper
756 3893 935 3966 addendum,
967 3893 1046 3968 quod
1074 3904 1171 3954 utrum
1193 3893 1231 3954 ad
1254 3911 1313 3954 rem
1337 3893 1440 3964 iaciat,
1472 3885 1594 3966 quade

234 3979 415 4039 contendunt
437 3978 495 4038 duo
520 3978 580 4053 illi,
610 3999 669 4040 non
691 3981 797 4059 liquet,
830 3985 937 4058 quippe
966 3999 1031 4041 cam
1060 3982 1165 4041 librum
1189 3981 1344 4042 Gaidnccii
1367 3995 1425 4039 non
1450 3976 1592 4036 viderim:

232 4068 369 4127 nimirum
393 4067 557 4126 incurvatio
579 4070 637 4128 ista
659 4086 800 4146 perquem
824 4071 931 4144 exigna
952 4070 1016 4141 erit,
1040 4071 1149 4147 quippe
1170 4070 1199 4126 in
1224 4087 1283 4144 qua
1306 4074 1395 4145 caput
1416 4073 1447 4126 et
1468 4080 1537 4125 cum
1556 4077 1593 4123 eo

234 4161 351 4215 exortus
378 4152 491 4214 caudae
515 4174 533 4213 a
556 4162 619 4215 tota
640 4154 735 4216 lineae
759 4156 869 4217 caudae
892 4155 1075 4232 longitudine
1098 4156 1170 4214 nihil
1194 4156 1271 4216 ultra
1293 4153 1444 4215 dimidiam
1467 4149 1595 4227 gradum

234 4240 371 4315 deflectit,
395 4257 512 4320 semper
532 4243 650 4319 quidem
673 4260 787 4303 sursum
810 4246 912 4305 versus
928 4245 1076 4316 verticem,
1099 4261 1154 4304 nec
1176 4244 1260 4304 aliter
1288 4244 1345 4304 alai
1367 4238 1486 4317 quando
1503 4241 1596 4315 caput

232 4332 330 4405 ipsum
353 4329 440 4388 tuerit
462 4328 606 4389 horizonti
629 4332 810 4407 proximum,
834 4348 1041 4407 necunquam
1064 4338 1143 4390 totus
1167 4332 1297 4391 semissis
1319 4330 1406 4389 unius
1428 4324 1541 4404 gradus
1562 4324 1592 4383 in

233 4415 288 4477 bac
312 4423 468 4477 curvatura
490 4418 574 4491 inest,
599 4418 653 4476 nisi
678 4418 727 4477 ubl
750 4420 815 4495 ipsa
838 4419 925 4479 etiam
950 4416 1044 4477 cauda
1065 4435 1140 4497 pene
1163 4426 1226 4478 tota
1248 4420 1277 4477 in
1294 4414 1453 4478 dodrantis
1468 4410 1593 4490 planam

234 4503 320 4563 suerit
351 4503 499 4583 projecta,
531 4506 573 4562 sic
603 4513 633 4563 ut
662 4507 758 4580 capite
788 4507 898 4566 oriente
922 4503 969 4564 vel
993 4504 1143 4565 occidente
1165 4505 1231 4565 finis
1256 4504 1367 4565 candae
1390 4518 1448 4560 non
1471 4506 1593 4576 superet

234 4586 292 4649 ‘20⁰
314 4589 509 4650 altitudinem.

339 4676 420 4754 Quas
443 4695 529 4739 casus
551 4678 704 4755 angustias
726 4679 750 4737 si
774 4679 841 4755 quis
863 4677 1106 4753 consideraverit,
1137 4679 1239 4738 merito
1268 4675 1429 4749 dubitabit,
1461 4691 1533 4735 num
1556 4673 1594 4735 de

173 4836 176 4841 ,
234 4760 287 4829 ille
308 4763 421 4833 caudam
444 4766 604 4845 cometicae
627 4766 844 4840 incurvatione,
876 4783 952 4847 quae
975 4767 1048 4828 satis
1069 4767 1171 4831 mebra
1192 4764 1324 4849 satisque
1347 4760 1485 4838 evidens,
1519 4763 1595 4824 satis
