3284 5520
134 370 201 441 446
513 364 657 438 npusoirs
673 363 787 437 Ksplerl
802 362 972 436 Quinque
989 370 1103 422 mutuas

239 543 282 599 De
301 546 420 612 quatuor
437 540 552 598 Gelilsei
570 540 648 597 novis
665 537 783 611 planetis
801 540 867 611 quid
885 539 996 610 sentias,
1010 538 1145 610 iudicium
1155 536 1342 596 eudemum
1353 538 1514 607 anm

136 621 249 679 interim
266 622 336 676 bene
354 618 413 675 vale
432 626 460 675 at
477 619 513 675 ad
530 632 573 674 me
592 633 673 688 quam
691 618 806 691 primum
823 632 984 690 responsum
1001 617 1118 676 remitte.
1223 698 1226 705 Ι

240 715 381 772 Bononiae
398 714 442 771 20.
460 714 528 785 Apu.
548 716 624 772 1610.
657 782 845 841 Exoenonw
862 785 939 841 Tm

832 870 1054 927 studiosissimus

1139 940 1170 998 J.
1189 939 1226 996 A
1244 939 1391 1012 sapim

242 1047 407 1113 sepienda
424 1051 568 1116 repondit:
587 1040 661 1118 Ego,
683 1040 851 1102 Clarissimo
865 1040 929 1118 Vir,
953 1042 1151 1118 cogitaveram
1168 1038 1207 1101 ad
1221 1038 1304 1101 'l'uas
1319 1036 1490 1118 respondeto

139 1127 253 1204 solide3
284 1129 336 1189 sed
365 1139 481 1209 praeter
511 1130 677 1207 opinionem
706 1127 826 1205 accidit,
857 1136 891 1188 ut
921 1126 969 1190 dis
1000 1128 1146 1190 destinata
1168 1128 1321 1205 scriptioni
1342 1127 1375 1186 lu
1397 1125 1491 1187 uultu

138 1216 266 1279 eundum
291 1218 392 1293 ibique
418 1216 578 1294 perspicilli
608 1232 699 1276 causa
728 1224 844 1294 tempus
872 1214 1023 1277 terendum
1052 1226 1140 1278 esset.
1183 1214 1278 1276 Incidi
1308 1216 1338 1272 in
1368 1212 1493 1275 uultur

138 1305 309 1382 Principum
331 1307 493 1381 antiquitus
515 1311 613 1377 notas,
636 1303 698 1363 dies
721 1304 810 1379 abiit;
833 1303 892 1363 alia
914 1302 1010 1364 solido
1025 1319 1167 1381 responso
1182 1300 1360 1380 quaerenda.
1396 1301 1493 1363 Mons

139 1391 277 1453 damnum
305 1391 416 1451 nullum
445 1393 513 1465 erit,
544 1408 613 1450 nam
642 1391 789 1469 descripta
818 1390 984 1451 tabularum
1006 1390 1111 1451 Martis
1140 1407 1199 1451 nou
1225 1389 1339 1464 hsbeo,
1370 1388 1494 1451 nemum

139 1482 211 1540 satis
235 1477 271 1539 de
295 1479 511 1539 conditionibus
533 1487 641 1547 actum,
664 1476 846 1539 neocaesar
867 1477 938 1554 quid
960 1479 1050 1554 hujus
1071 1477 1184 1539 laturus
1199 1479 1238 1538 ait
1253 1475 1302 1538 val
1318 1477 1493 1553 probaturus

140 1567 236 1627 adbuc
258 1583 290 1626 se
311 1566 443 1627 resolvit.
490 1564 555 1626 Hae
578 1566 643 1626 vics
666 1565 792 1625 breviter
814 1582 900 1642 agam
924 1573 953 1625 et
974 1582 1113 1644 parergae
1135 1563 1317 1626 conditiones
1340 1566 1493 1641 attingam.

142 1655 263 1731 Aequas
286 1654 343 1714 lero
366 1652 548 1714 conditiones
572 1650 770 1735 computandi,
782 1654 820 1735 'sl
841 1653 916 1712 bene
931 1660 961 1713 te
976 1651 1120 1731 intelligo.
1159 1650 1275 1712 Addam
1290 1653 1426 1731 proxime
1441 1650 1494 1711 all·

141 1758 225 1818 quas,
249 1748 278 1800 et
300 1758 376 1817 quse
399 1741 521 1800 obscure
545 1742 680 1817 scriptae,
704 1739 769 1799 illus
793 1737 970 1799 dilucidabo.

243 1825 330 1903 Quod
353 1830 591 1905 impressionem,
619 1828 645 1886 si
667 1833 699 1886 tu
723 1825 771 1887 vel
793 1822 945 1886 dimidium
968 1826 1178 1905 exemplarium
1199 1832 1281 1904 pates
1304 1842 1358 1905 pro
1381 1825 1495 1904 impen-

142 1931 240 1975 sarum
263 1912 383 1973 dimidio
406 1908 454 1975 'val
476 1919 585 1974 certum
607 1931 758 1974 numerum
780 1929 833 1991 pro
855 1913 971 1988 labore,
1001 1930 1086 1975 nemo
1109 1916 1164 1975 erit
1185 1915 1216 1973 iu
1239 1910 1416 1988 Germania,
1446 1912 1497 1990 qul

142 2000 191 2063 val
213 2018 308 2061 assem
332 2005 526 2080 impensurum
548 2003 693 2061 sustinent
716 2000 797 2061 solus
820 2001 867 2061 val
885 2001 974 2078 juxta
995 2009 1025 2061 tc
1046 2003 1206 2062 nemimem.
1242 2000 1336 2077 igitur
1357 2008 1412 2061 sut
1429 2006 1495 2078 pets

141 2089 295 2167 pecuniam
319 2105 371 2166 pro
394 2089 495 2149 labore
517 2097 568 2148 aut
590 2086 769 2167 exemplaris
790 2088 847 2149 bac
863 2088 1039 2164 conditione,
1063 2091 1105 2148 uti
1121 2106 1173 2168 pro
1189 2090 1227 2149 iis
1243 2086 1399 2148 dimidium
1411 2088 1496 2165 pretii

140 2174 294 2256 persolvas
316 2183 368 2236 aut
390 2193 426 2236 es
448 2192 506 2234 uon
529 2183 598 2236 anto
621 2178 762 2253 accipias,
786 2193 875 2253 quem
898 2192 954 2254 ego
977 2175 1148 2236 tantundem
1171 2192 1208 2236 sx
1230 2175 1297 2236 aliis
1319 2174 1496 2255 exemplari·

142 2265 197 2324 bos
212 2265 374 2342 praesentis
389 2265 531 2342 pecuniae
546 2262 686 2337 babesm;
706 2272 760 2322 aut
774 2263 900 2340 denique
914 2264 1041 2323 sociatas
1055 2264 1253 2342 impensarum
1269 2262 1497 2339 exemplarium-

141 2368 199 2429 que
222 2358 252 2410 st
273 2348 345 2410 lucri
369 2349 495 2409 indivisa
517 2349 554 2409 ad
577 2348 718 2410 haeredes
740 2360 886 2423 transeat,
917 2353 941 2410 si
964 2352 1129 2427 continget,
1157 2368 1204 2412 mc
1227 2349 1275 2410 vel
1296 2357 1327 2410 tc
1348 2351 1426 2410 morl
1447 2366 1495 2410 re·

140 2439 287 2498 euntibus
309 2437 542 2514 exemplaribus3
565 2436 639 2496 nibil
662 2434 809 2497 dividatur
830 2440 886 2497 nisi
909 2439 1035 2514 pecunie
1054 2454 1200 2516 praesens,
1224 2453 1300 2514 quas
1317 2438 1374 2497 erit
1389 2438 1496 2515 quovis

141 2533 282 2602 tempore.
327 2524 363 2583 Id
385 2523 533 2602 quomodo
557 2525 629 2583 citra
650 2541 774 2601 mugnus
796 2526 944 2603 impensas
966 2523 1014 2584 vel
1036 2527 1187 2604 negotium
1210 2524 1272 2585 llari
1294 2526 1408 2603 possit,
1428 2540 1497 2604 pro·

144 2614 222 2672 xime
245 2613 384 2690 aperiens.
423 2609 520 2672 Unum
544 2610 630 2671 valde
653 2613 817 2671 necessario
841 2630 872 2672 es
895 2610 1067 2672 monendus.
1114 2610 1357 2687 Fundamentum,
1382 2628 1444 2690 quo
1465 2617 1497 2671 tu

142 2701 253 2773 niteris,
277 2716 335 2760 non
359 2697 446 2759 valde
468 2697 574 2777 placet.
618 2696 664 2758 Tu
688 2697 754 2759 ideo
776 2716 890 2760 mecum
912 2701 958 2759 ris
982 2698 1160 2774 contrahere,
1184 2707 1216 2759 ut
1231 2697 1352 2777 Origaui
1377 2697 1498 2777 „liphn-

141 2785 301 2848 meridibus
331 2787 466 2847 tenebras
497 2782 711 2846 offendamusi.
757 2786 821 2864 ligo
853 2788 908 2847 etsi
937 2802 995 2845 non
1026 2793 1127 2847 teneor
1156 2785 1320 2848 indemnem
1348 2794 1498 2865 praestare

143 2873 315 2951 Originum,
340 2873 414 2933 nibil
436 2881 534 2934 tamen
558 2872 646 2949 hujus
667 2874 773 2934 laciam
796 2873 944 2935 vindictas
959 2871 1066 2949 studio,
1091 2874 1170 2952 quod
1183 2891 1264 2934 meus
1279 2873 1496 2935 admonitiones

142 2972 172 3024 et
193 2962 325 3022 oblatam
348 2963 518 3021 societatem
542 2962 705 3021 contemsit
741 2961 846 3038 linque
869 2961 943 3022 baec
965 2979 1077 3022 surnme
1099 2964 1265 3023 necessaria
1287 2963 1342 3022 erit
1358 2959 1496 3035 conditio,

142 3058 175 3109 ut
203 3048 291 3126 hujus
323 3051 411 3109 vestri
434 3048 600 3108 certaminis
621 3049 652 3106 in
675 3047 917 3126 Ephemeridibus
941 3052 1087 3108 communi
1109 3051 1226 3110 nomina
1248 3046 1372 3110 odendis
1392 3064 1432 3110 ue
1452 3046 1498 3109 ls-

143 3138 264 3196 viasimu
288 3134 406 3212 quidem
429 3135 480 3194 fiat
501 3136 621 3195 mentio.
667 3133 781 3210 Quodsi
809 3138 924 3196 interim
952 3135 1020 3196 dum
1049 3139 1199 3197 insternor
1222 3134 1307 3215 plene
1330 3137 1496 3210 conveniat,

142 3223 255 3299 aliquid
278 3230 380 3283 contra
396 3221 556 3299 Origcnum
579 3239 610 3282 es
631 3225 801 3300 scripturus,
825 3223 856 3281 id
877 3225 920 3282 ita
941 3223 1108 3298 modereris,
1132 3241 1169 3284 ns
1187 3240 1235 3283 ms
1249 3232 1301 3283 eut
1316 3231 1497 3284 contractum

143 3311 221 3372 bunc
243 3319 375 3370 nostrum
398 3310 547 3388 implices;
570 3308 670 3369 malim
692 3317 720 3370 te
744 3312 823 3388 prius
847 3310 1015 3371 defunctum
1030 3310 1130 3372 labore
1145 3310 1340 3388 respondendi
1357 3308 1496 3388 Origauo.

141 3399 218 3481 Nam
240 3398 310 3476 quid
334 3401 484 3458 internos
507 3406 622 3474 agatur,
646 3396 808 3458 consultius
831 3405 860 3459 et
881 3400 1043 3476 speciosius
1066 3406 1110 3461 est
1129 3400 1213 3478 focio
1234 3406 1304 3460 ants
1325 3398 1423 3459 verbo
1446 3397 1496 3461 de-

144 3494 316 3548 monstrare.
361 3485 421 3547 Sed
444 3485 545 3545 desino
565 3485 628 3560 jeus
651 3493 781 3564 tempore
805 3484 947 3546 exclusus

243 3598 331 3660 Vale.
377 3598 498 3676 Raptim
520 3597 635 3675 Progne
661 3603 711 3659 10.
734 3597 808 3675 idaji
833 3600 926 3659 1610.

663 3711 699 3772 T.
723 3712 834 3773 Excell.
860 3709 1097 3774 Officiosissimus

1191 3796 1225 3858 J.
1249 3795 1412 3875 neom.

246 3907 402 3976 Magiuus
431 3907 459 3961 in
487 3908 663 3977 responsione
691 3922 741 3963 sua
763 3907 891 3963 traditam
914 3906 1026 3963 nunciet
1050 3905 1162 3977 Kepleri
1185 3906 1414 3963 Dissertationum
1439 3920 1498 3963 cnut

143 3985 243 4043 nuncio
262 3986 378 4054 sidereo,
396 3993 424 4042 et
443 3987 482 4042 sic
499 3986 602 4056 pergit:
707 3985 905 4055 Ephemerides
924 3984 996 4055 quod
1014 3984 1119 4055 attinet,
1140 3990 1195 4039 uta
1208 3983 1325 4040 solidum
1337 3999 1499 4055 responsum

76 4125 83 4141 ‚
143 4071 282 4135 exspecto.
318 4064 412 4119 Meum
430 4065 537 4121 interim
556 4065 674 4119 animum
685 4065 720 4121 D.
733 4064 908 4134 Altogradus,
927 4064 1025 4120 Oratm
1038 4063 1215 4134 Reipublicae
1225 4062 1361 4119 Lucensis
1375 4064 1426 4120 tibi
1437 4078 1499 4134 aps·

143 4144 203 4213 riet,
222 4143 265 4198 cui
283 4141 373 4197 omniu
391 4143 496 4212 scripsi.
527 4141 643 4210 Origano
661 4151 726 4198 unte
744 4145 972 4200 constructionem
991 4142 1202 4211 Ephemeridum
1222 4142 1296 4198 brevi
1313 4143 1411 4212 paucis
1429 4157 1500 4198 erro·

144 4236 209 4290 rem,
229 4235 310 4288 quem
328 4220 356 4274 in
374 4218 543 4289 longitudine
561 4221 736 4279 venetiarum
754 4233 782 4277 et
793 4221 980 4289 Frankofurti,
1000 4236 1123 4275 necnon
1140 4221 1169 4276 in
1187 4221 1346 4291 aspectibus
1359 4221 1500 4290 comunis,

143 4300 217 4355 omui
234 4315 296 4355 cum
314 4298 448 4355 modestis
466 4299 555 4355 denuo
574 4299 729 4369 condotabo,
747 4300 850 4357 relictis
869 4301 1001 4368 consitiis,
1019 4299 1118 4369 quibus
1131 4307 1190 4356 totu
1202 4299 1262 4369 ejus
1273 4299 1394 4370 epistole
1405 4304 1500 4359 sostei

248 4385 325 4443 Vule.
362 4386 503 4441 Bononiae
521 4386 565 4442 26.
584 4385 652 4455 Maji
671 4389 748 4444 1610.

249 4486 318 4546 Quas
336 4487 377 4535 bic
395 4491 421 4535 st
438 4501 514 4552 supra
526 4485 644 4550 Maglona
663 4487 692 4537 ds
705 4487 815 4550 Origano
828 4491 908 4552 ailert,
926 4490 965 4538 bis
977 4490 1128 4539 illustranda
1140 4496 1208 4544 snut.
1238 4491 1404 4551 0r1gsnusin
1415 4490 1500 4556 Epis-

143 4556 281 4606 maridibus
300 4558 352 4605 suis
366 4555 415 4617 [sd.
431 4571 496 4606 anuo
512 4558 591 4616 1⁶99]
611 4559 748 4619 contendit,
767 4559 949 4619 longitudinem
965 4562 1133 4627 Venestorum,
1153 4560 1184 4610 ad
1197 4575 1271 4626 quem
1286 4560 1404 4622 Mtgluus
1417 4562 1500 4624 spus-

145 4628 254 4675 msridss
272 4641 329 4675 suaa
348 4626 468 4689 retulerit,
486 4626 553 4675 uude
572 4629 621 4675 orti
639 4630 690 4676 aiut
707 4629 753 4676 alil
772 4629 867 4690 blagini
885 4644 987 4689 errores,
1006 4629 1094 4679 ideam
1114 4645 1175 4684 asse
1212 4630 1313 4693 Quibus
1324 4637 1410 4681 motus
1420 4631 1500 4693 uort-

144 4709 191 4745 nus
209 4698 235 4745 in
255 4699 352 4761 operis,
376 4697 444 4761 quod
466 4698 596 4759 inscripsit
614 4697 744 4758 ,Tabulae
762 4700 839 4764 primi
856 4701 973 4748 mobilia“
994 4702 1070 4762 [Van.
1090 4703 1182 4767 loon,
1206 4700 1346 4764 appendice
1364 4703 1500 4764 origenem

144 4767 349 4816 celumnlatorem
368 4773 416 4818 etc.
434 4765 561 4832 sppallat,
585 4766 672 4817 multis
694 4769 776 4818 vorbis
801 4773 826 4819 et
842 4769 985 4819 maledictis
1002 4771 1156 4837 respondeus
1175 4773 1278 4833 Origtnl
1296 4771 1498 4823 dubitetionibus

144 4836 247 4887 ruinius
263 4837 416 4893 inbumtnis.
452 4836 552 4900 Quibus
570 4836 667 4901 llegini
683 4839 784 4906 probris
801 4844 827 4889 et
843 4841 944 4904 injuriis
960 4842 1093 4908 perculsus
1105 4842 1230 4905 (ingenus
1245 4842 1274 4893 in
1290 4843 1450 4911 presistious
1466 4841 1498 4895 sd
