3284 5520
596 359 759 431 prameris
775 361 812 418 ad
830 380 929 421 annum
949 364 1025 420 1617.
1426 355 1491 425 499

132 543 188 612 pat
210 552 266 596 nec
289 536 350 597 ulla
372 554 425 614 ape
447 539 623 614 cognitionis
645 541 793 601 lructusve
816 541 937 601 solatur.
982 537 1097 598 Deinde
1115 545 1202 615 typos
1219 534 1404 595 vehementer
1425 553 1492 595 mo·

134 630 219 683 rator
241 624 316 685 baec
339 625 476 684 borarum
499 633 529 685 et
551 628 737 693 minutiarum
760 628 991 705 repraesentatio
1014 627 1198 702 scrupulosa.
1232 623 1331 682 Tertio
1355 634 1492 699 aspectus

134 710 200 786 ipae
224 718 267 770 tot
291 712 466 789 cyphrarum
488 712 557 772 binc
580 715 647 774 indo
671 714 924 775 disseminatorum
947 715 1097 791 perturbat
1118 712 1256 772 lectorem
1280 709 1369 786 paulo
1392 728 1492 771 moro·

134 798 253 872 sionem,
278 816 332 859 nec
354 816 419 859 raro
443 800 544 860 videas
560 801 659 862 seduci
675 812 859 879 prognostas‚
883 804 933 879 qui
949 801 1047 862 taedio
1063 801 1152 860 borae
1167 797 1364 877 inspiciendae
1387 816 1493 875 aspec-

132 890 197 945 tum
221 903 257 945 eo
281 885 328 946 die
351 894 477 962 ponunt,
506 905 566 964 quo
589 889 636 949 dic
659 890 855 950 characterem
878 891 940 967 ejus
970 890 1137 960 inveniunt,
1166 886 1235 946 licet
1257 885 1330 944 bora
1352 884 1491 961 adjuncta

133 971 218 1033 illum
241 973 372 1050 applicet
392 976 513 1051 propius
535 977 666 1036 meridiei
689 981 832 1054 sequenti.

242 1060 305 1122 Nec
328 1061 434 1120 desunt
455 1063 526 1121 milri
550 1063 741 1124 celebriorum
771 1064 1044 1125 matbematicorum
1073 1060 1224 1137 exempla,
1256 1063 1490 1135 restringentium

135 1144 215 1207 banc
238 1150 384 1207 curiosam
407 1157 625 1210 antecessorum
648 1173 832 1231 napcspperao.
869 1152 1043 1229 Cyprianus,
1067 1149 1213 1224 Maginus,
1238 1145 1385 1222 Origanus
1408 1165 1491 1206 scru-

136 1234 210 1311 pula
234 1238 299 1312 ipsa
322 1244 494 1311 aspectuum
518 1240 746 1313 exquisiverunt.
794 1239 882 1297 Venit
896 1237 1092 1309 Everbardus,
1117 1248 1146 1295 et
1169 1237 1305 1311 quamvis
1327 1252 1419 1293 novas
1444 1244 1490 1294 ta·

136 1321 226 1382 bulas
248 1322 405 1401 professus,
431 1323 517 1384 rediit
540 1336 636 1384 tamen
660 1326 698 1386 ad
722 1327 809 1386 horas
833 1329 969 1403 integras.
1007 1323 1056 1383 Sic
1079 1340 1144 1381 cum
1168 1322 1245 1381 idem
1259 1320 1406 1398 Maginus,
1431 1322 1491 1381 Ca-

134 1407 240 1468 tellum
262 1408 436 1484 aemulatus,
461 1413 657 1472 curiosissime
679 1424 742 1473 toto
766 1431 852 1490 opere
876 1411 1079 1488 adscripsisset
1099 1418 1179 1469 ortus
1195 1421 1224 1468 et
1240 1426 1362 1468 occasus
1385 1409 1489 1488 plane-

138 1502 234 1555 tarum
258 1514 324 1555 cnm
346 1497 421 1570 fixis,
444 1515 502 1557 non
527 1503 640 1559 censuit
662 1509 759 1561 tamen
776 1503 921 1577 Origanus
937 1500 1013 1558 idom
1029 1499 1085 1557 sibi
1110 1515 1174 1557 esse
1197 1497 1380 1554 imitandum.
1412 1496 1490 1556 Sane

136 1598 188 1643 nec
211 1582 457 1660 Regiomontani,
489 1588 538 1661 qui
562 1589 671 1663 primus
694 1591 783 1647 moris
807 1596 924 1660 auctor,
957 1586 1122 1647 Sttilderire
1146 1583 1298 1643 consilium
1321 1583 1378 1642 lroc
1400 1585 1489 1643 inisse

137 1670 269 1745 ridetur,
300 1679 333 1729 ut
355 1670 430 1730 adeo
453 1675 624 1751 scrupulose
646 1691 793 1735 momenta
817 1677 1025 1734 constituerent
1054 1680 1240 1751 aspectuum:
1271 1672 1389 1746 saepius
1412 1673 1490 1730 enim

139 1771 234 1818 nasse
257 1756 423 1834 adscriptae
445 1762 573 1820 suntab
596 1764 666 1838 ipsis
690 1763 788 1826 lrorae.

243 1846 285 1904 nt
305 1861 363 1903 non
386 1854 482 1906 tamen
500 1847 670 1908 insolidum
687 1853 771 1908 omisi
787 1851 925 1926 temporis
941 1848 1160 1927 praecisionem,
1184 1843 1215 1903 id
1230 1846 1356 1902 maxime
1372 1851 1491 1922 propter

139 1932 303 1993 medicinae
325 1949 412 1992 usum
435 1943 464 1994 et
488 1933 549 1993 dies
566 1938 690 2010 criticos,
715 1956 775 1997 reru
792 1939 959 2013 cumprimis
974 1937 1076 1993 miram
1093 1940 1122 1992 et
1137 1933 1343 1991 observatione
1361 1931 1489 2005 dignam.

137 2015 248 2079 Omnes
282 2023 359 2080 enirn
391 2030 527 2098 aspectus
551 2022 652 2082 latinae
683 2026 719 2082 ari
752 2033 871 2101 quartas
901 2024 958 2084 diei
989 2040 1060 2082 suae
1089 2029 1157 2079 aunt
1181 2021 1333 2096 assignati.
1379 2018 1491 2077 Versus

133 2107 268 2183 quidem,
293 2110 343 2184 qui
368 2106 426 2167 diei
449 2126 599 2169 numerum
624 2111 712 2171 babet
735 2115 763 2169 in
786 2113 931 2187 margine,
960 2109 1046 2168 index
1071 2115 1115 2168 est
1138 2107 1232 2165 diurni
1255 2108 1407 2182 temporis,
1441 2122 1493 2165 seu

128 2191 276 2255 bonarum
298 2213 349 2253 sex
373 2205 450 2270 ante,
474 2213 526 2255 sex
549 2208 616 2273 post
631 2199 788 2273 meridiem,
813 2205 952 2275 punctum
975 2205 1082 2270 autem,
1107 2196 1238 2271 aspectui
1264 2192 1309 2252 vel
1333 2192 1493 2269 praelixam

123 2282 182 2343 rol
207 2284 417 2360 postpositum,
440 2282 529 2341 index
553 2295 597 2343 est
619 2286 748 2345 meridiei
773 2284 998 2345 submeridiano
1015 2282 1201 2356 Hueunensi3
1224 2283 1319 2358 spatia
1335 2296 1405 2338 vero
1419 2281 1495 2338 iuter

120 2368 275 2429 binorum
299 2368 410 2429 dierum
435 2388 539 2431 versus
561 2376 679 2448 signant
702 2382 817 2449 ternpus
836 2381 1018 2443 nocturnum,
1042 2388 1093 2429 seu
1114 2372 1226 2444 nigram
1250 2366 1356 2427 lineam
1379 2364 1494 2425 babue-

121 2456 204 2527 rinc
229 2460 294 2515 aive
318 2473 354 2515 ea
377 2460 530 2517 caruerint
566 2459 671 2536 ltaque
687 2464 711 2518 si
728 2462 877 2519 elruractor
892 2468 1028 2535 aspectus
1051 2458 1137 2515 luerit
1160 2457 1187 2511 in
1211 2471 1298 2513 uersu
1320 2456 1385 2530 ipso
1408 2470 1495 2530 prae-

121 2545 266 2619 scriptae
289 2546 318 2602 in
342 2547 472 2620 margine
497 2545 570 2619 diei,
602 2557 630 2606 et
653 2558 792 2625 punctum
816 2547 853 2604 nd
877 2548 940 2622 ejus
969 2544 1099 2604 dextram
1122 2544 1165 2601 sic
1188 2537 1284 2623 (Δ),
1316 2540 1496 2616 significatur

121 2638 280 2707 aspectus
312 2630 443 2691 incidens
475 2635 504 2690 in
536 2644 669 2710 quartam
698 2634 757 2694 diei
786 2631 1062 2704 antemeridianam‘,
1097 2633 1142 2689 sin
1170 2638 1310 2707 punctum
1340 2628 1426 2687 luerit
1457 2625 1495 2686 ad

123 2716 287 2777 imiatram
317 2719 360 2776 sic
381 2712 472 2800 (Δ),
504 2733 641 2797 aspectus
671 2732 788 2780 notatur
816 2724 845 2779 iu
875 2719 1067 2796 quadrantem
1097 2717 1228 2776 incidens
1253 2715 1494 2792 pomeridianum.

121 2798 252 2871 Quodsi
277 2813 414 2882 aspectus
437 2814 507 2866 nota
531 2826 632 2885 parurn
657 2811 865 2868 exorbitaverit
887 2826 905 2866 a
926 2825 1011 2865 versu
1029 2806 1087 2864 diei
1109 2822 1190 2877 suae,
1214 2806 1238 2861 ai
1255 2820 1379 2872 sursum,
1402 2804 1496 2878 signi-

121 2882 260 2964 icatur,
292 2892 375 2950 illum
398 2894 528 2954 incidere
554 2898 579 2954 in
604 2895 796 2971 quadrnntenr
819 2901 886 2974 post
908 2894 1033 2953 mediant
1058 2902 1174 2950 noctem
1197 2889 1426 2961 antecedentem,
1450 2890 1495 2946 sin

121 2968 289 3049 leonum,
313 2980 343 3036 in
367 2979 559 3055 quadrantem
584 2987 633 3060 qui
658 2983 805 3042 antecedit
826 2981 952 3041 mediam
976 2990 1089 3039 noctem
1113 2986 1293 3054 sequentem.
1339 2976 1495 3051 Nunquam

121 3067 219 3123 mim
242 3065 393 3126 character
423 3073 553 3145 praecise
584 3071 711 3129 medium
742 3070 855 3129 obtinet
886 3071 960 3127 iuter
991 3067 1065 3127 duos
1094 3083 1194 3125 versus
1227 3065 1349 3123 duorum
1374 3065 1495 3135 dierum,

121 3160 255 3229 temper
278 3154 363 3214 alteri
386 3170 486 3214 eorum
509 3161 626 3235 propior
649 3167 702 3216 est.
738 3157 823 3215 Hanc
847 3155 1067 3235 dispositionem
1091 3161 1162 3231 puto
1186 3153 1321 3210 omnibus
1344 3151 1405 3209 lore
1428 3167 1497 3225 gra·

122 3244 210 3313 hm,
233 3243 285 3317 qui
309 3240 502 3303 electionibus
526 3254 653 3315 utuntur,
678 3245 756 3320 quod
780 3244 900 3301 diurnae
924 3242 1095 3320 plerumque
1118 3243 1176 3297 sint
1191 3238 1349 3298 electiones
1372 3245 1402 3298 et
1424 3253 1494 3296 vero

122 3319 346 3405 *inaspectos
369 3327 463 3387 diurni
487 3327 551 3411 (vel
576 3327 678 3412 quasi)
702 3352 720 3390 a
743 3333 890 3389 nocturnis
913 3334 977 3406 ipso
1000 3331 1058 3387 situ
1080 3330 1138 3385 airrt
1162 3326 1299 3384 distincti.

245 3415 279 3476 Si
302 3418 368 3493 quis
390 3424 435 3475 est
457 3428 608 3494 praeterea
633 3421 770 3495 temporis
790 3418 865 3477 adeo
881 3418 1028 3495 prodigus,
1054 3425 1085 3474 ut
1106 3417 1134 3471 in
1151 3414 1285 3472 onruibus
1300 3414 1423 3488 inceptis
1439 3411 1494 3470 ad·

122 3500 236 3579 quue
260 3504 349 3562 etiam
373 3505 602 3579 cogitationibus
627 3506 665 3564 nd
688 3505 883 3584 Epiremerida
906 3504 987 3564 velut
1010 3501 1047 3561 ad
1072 3499 1220 3561 oraculum
1249 3517 1409 3571 recurrere,
1439 3515 1494 3556 nec

122 3592 296 3649 contentus
318 3593 468 3650 notatione
492 3593 687 3667 quadrantum
712 3594 767 3651 dici
797 3593 882 3651 boras
911 3596 992 3669 ipsas
1022 3597 1051 3650 ot
1073 3587 1210 3664 scrupula
1232 3586 1494 3663 configurationum

126 3662 243 3736 Lunae
268 3692 334 3735 cum
356 3676 483 3756 planetis
507 3683 658 3755 exquirere
681 3687 813 3754 satagat:
844 3682 869 3736 is
900 3696 974 3737 unus
1003 3677 1131 3752 reliquos
1161 3691 1262 3733 ornnes
1290 3674 1425 3750 adeoque
1448 3689 1494 3731 me

128 3752 238 3841 ipsum
261 3763 342 3823 levet
364 3764 473 3838 labore,
498 3766 554 3825 hoc
576 3770 664 3826 etiarn
688 3768 829 3843 adjiciens
853 3768 961 3825 laboris
984 3765 1145 3823 curiositati
1170 3779 1255 3834 suae,
1286 3772 1317 3820 ut
1340 3761 1441 3819 lroram
1466 3770 1496 3819 et

134 3855 288 3913 minutum
310 3860 447 3927 aspectus
477 3855 540 3928 ipse
564 3872 616 3931 pro
640 3873 671 3913 se
696 3862 858 3930 computet,
891 3851 970 3928 quod
1000 3851 1086 3909 iacile
1114 3848 1146 3907 lit
1175 3849 1279 3907 iisdem
1308 3850 1367 3908 lere
1391 3847 1495 3920 modis,

136 3940 251 4017 quibus
274 3937 341 3998 loca
364 3937 548 4015 planetarum
572 3949 793 4019 computantur,
825 3942 853 3997 in
886 3941 985 3998 tirenra
1009 3935 1135 3997 coeleste
1159 3935 1322 3995 inscrenda.
1368 3935 1495 4011 Cogitet,

140 4026 227 4087 uuila
248 4024 402 4102 diligentia
424 4029 573 4104 scriptoris
590 4028 814 4105 Epiremeridum
830 4028 945 4085 liberari
970 4028 998 4082 in
1023 4023 1150 4082 solidum
1173 4024 1273 4082 labore
1297 4024 1375 4081 omni
1399 4023 1497 4080 curio·

139 4116 259 4173 ritatem
282 4129 383 4187 suam,
416 4112 453 4172 ad
483 4118 635 4174 minimum
659 4119 736 4175 euim
761 4115 933 4191 relinquitur
955 4114 1009 4190 ipsi
1035 4110 1164 4171 reductio
1188 4118 1325 4186 aspectus
1348 4109 1384 4166 ad
1409 4109 1498 4167 meri-

138 4200 262 4261 dianum
285 4202 331 4258 ani
354 4200 429 4259 loci:
453 4202 591 4279 expediat
613 4206 702 4280 igitur
726 4201 828 4261 eadem
852 4219 942 4279 opera
956 4202 1044 4260 etiam
1061 4198 1132 4256 illud
1153 4196 1285 4271 alterum,
1310 4195 1389 4272 quod
1412 4193 1498 4254 lacile

139 4287 172 4347 dt
194 4287 256 4347 boc
278 4286 375 4346 modo.

249 4374 455 4450 Praeceptum
478 4375 514 4433 de
536 4376 722 4435 invenienda
744 4376 822 4435 hora
846 4383 991 4450 aspectus.
1037 4374 1071 4432 In
1103 4372 1238 4443 meridie,
1270 4373 1320 4447 (lui
1351 4367 1498 4429 anteeedit

139 4464 326 4542 propositum
349 4470 509 4540 aspectum,
535 4463 612 4536 vide,
637 4472 778 4539 quantum
795 4463 879 4521 Luna
895 4463 941 4522 vel
962 4461 1038 4521 alius
1062 4460 1204 4520 leviorum
1228 4459 1355 4518 abluerit
1376 4476 1395 4516 a
1417 4455 1499 4515 radio

138 4546 192 4610 vel
216 4565 336 4626 corpore
359 4548 532 4626 ponderosi;
557 4550 623 4610 vide
647 4553 744 4621 etiam,
767 4559 910 4628 quantum
933 4559 1056 4625 uterque
1078 4547 1212 4624 proficiat
1236 4547 1272 4604 ab
1297 4562 1355 4603 uno
1379 4543 1498 4603 meridie

136 4634 182 4697 ad
204 4646 385 4714 sequentem.
421 4637 532 4712 Quodsi
550 4637 649 4698 directi
674 4639 780 4697 inerint
801 4638 898 4709 ambo,
922 4644 974 4694 aut
996 4637 1083 4705 ambo
1107 4632 1277 4710 retrogradi,
1302 4634 1396 4690 minor
1418 4631 1499 4689 diur-

136 4740 199 4784 nus
222 4742 242 4784 a
263 4724 368 4802 majori
392 4732 438 4784 est
458 4724 651 4799 auferendus3
674 4729 719 4783 sin
743 4724 817 4784 alter
841 4725 977 4796 directus,
1001 4722 1075 4782 alter
1093 4720 1288 4796 retrogradus,
1314 4718 1410 4778 diurni
1432 4725 1502 4777 sunt

135 4812 170 4871 ln
195 4828 286 4873 unam
309 4830 452 4873 summam
475 4811 659 4888 conjiciendi,
691 4820 722 4872 ut
744 4816 835 4886 scias,
867 4818 979 4889 quanta
1002 4811 1054 4869 liat
1077 4827 1176 4869 eorum
1201 4808 1447 4885 appropinquatio
1471 4807 1500 4863 in

1220 4911 1291 4972 ui*
