3284 5520
141 301 207 370 728
741 241 744 249 Ι
767 297 865 353 &aaa

138 480 255 557 genita,
286 494 392 554 parens
420 487 589 539 ceterarum.
636 476 708 551 Ejus
736 493 806 536 vero
834 475 941 535 lomina
970 479 1055 553 quasi
1085 475 1230 553 quaedam
1260 483 1306 538 tet
1335 476 1498 554 cersidros,

139 569 252 627 habens
275 572 320 624 tot
341 565 482 641 angulos,
507 574 580 641 quot
603 565 695 624 cubus
717 563 807 640 plana
830 581 989 641 corumque
1012 573 1125 639 centra,
1157 566 1266 641 quibus
1290 564 1420 642 singulis
1440 569 1499 624 siu·

139 654 202 732 guli
225 652 401 728 respondent
424 671 460 711 ex
484 651 622 712 octaedro
645 652 755 726 anguli.

243 738 433 799 l'ortiuncula
456 743 556 815 itaque
579 741 718 798 materiae
743 738 868 816 rapidae
883 737 1052 811 deserenda,
1075 739 1100 798 ai
1117 739 1240 815 figuram
1257 739 1350 800 debet
1364 741 1497 817 recipere,

141 827 221 907 quod
241 829 303 904 jam
329 827 451 886 fecimus
474 828 711 897 consentaneum,
734 828 858 904 primum
875 827 982 884 cubum
998 828 1117 902 arripiet
1131 824 1255 902 ejusque
1271 829 1388 886 socium
1404 832 1500 887 octaii·

141 919 222 977 drou.
269 912 415 989 Quorsum
438 932 527 991 supra
549 916 637 972 etiem
660 913 820 972 insterialis
842 912 994 972 alludebat
1014 916 1184 987 necessitas,
1208 914 1369 989 globorum
1391 931 1500 990 aequa·

141 1005 213 1064 lium
240 1003 269 1058 in
299 1019 388 1059 unum
412 1020 550 1060 acetrum
574 1001 769 1060 confusorum.
816 999 1075 1080 Confundebantur
1098 1003 1175 1060 enim
1198 1011 1228 1060 et
1250 1001 1501 1063 adumbrabantur

141 1095 170 1149 in
202 1091 318 1166 punctis
348 1097 534 1148 contactuum
562 1088 727 1147 rudimenta
756 1089 822 1146 cubi
847 1088 1043 1163 octaiidrique.
1089 1089 1128 1145 At
1152 1106 1201 1146 cur
1225 1088 1358 1148 octaiidri
1382 1089 1500 1165 figuram

140 1180 240 1256 potius
263 1187 351 1251 quarn
368 1175 459 1235 cubil
482 1176 528 1234 An
547 1179 616 1251 qnia
632 1176 725 1233 cubus
741 1183 784 1232 cst
800 1174 893 1249 figura
910 1174 1099 1246 dilatationis,
1123 1175 1280 1234 octaiidrou
1298 1175 1500 1236 collectionis?

141 1265 210 1327 Jam
240 1280 310 1322 vero
334 1273 363 1322 et
385 1265 506 1322 materia
531 1273 560 1321 et
583 1266 627 1319 vis
651 1261 797 1321 calorifiea
820 1260 998 1336 colliguntur
1022 1264 1154 1338 impetita
1176 1262 1322 1321 hostiliter
1347 1265 1499 1339 tangore.

141 1351 225 1412 Unde
249 1366 319 1409 vero
343 1359 452 1409 certum
468 1351 514 1423 sit,
539 1349 619 1409 illam
635 1367 699 1409 esse
716 1347 896 1408 dilatationis
911 1348 1042 1424 figuram,
1067 1350 1143 1408 hauc
1159 1350 1370 1410 collectionis?
1392 1350 1499 1430 Nempe

141 1442 212 1516 quia
236 1445 303 1497 octo
327 1437 436 1513 auguli,
461 1438 567 1513 quibus
592 1436 735 1496 illatoris
758 1435 873 1506 diditur,
899 1435 988 1494 iidem
1011 1437 1039 1492 in
1063 1436 1118 1497 hac
1133 1439 1212 1495 intus
1228 1449 1363 1496 centrum
1379 1441 1499 1497 circum-

142 1530 249 1587 sistunt
273 1513 376 1583 eode'nr
400 1542 530 1584 numero.
568 1524 682 1583 Etenim
705 1526 729 1582 si
754 1524 829 1582 cubo
853 1522 965 1582 adimas
989 1523 1114 1598 angulos
1135 1541 1206 1583 sues
1229 1533 1355 1584 octonos
1375 1534 1499 1584 resectos

141 1614 280 1673 lateribus
311 1611 485 1687 aequalibus
507 1614 723 1686 introrsumque
746 1627 921 1687 componas,
953 1610 1040 1686 plane
1065 1614 1226 1671 constitues
1250 1612 1421 1671 antestion.
1466 1614 1500 1672 Et

142 1702 234 1760 cubus
250 1701 279 1756 in
294 1697 403 1774 plures,
428 1717 469 1757 sc.
485 1701 514 1756 in
531 1707 597 1758 octo
613 1698 737 1771 angulos
754 1697 934 1773 diffunditur,
952 1697 1109 1757 octaiidron
1126 1701 1154 1756 in
1169 1701 1335 1774 pauciores,
1352 1708 1426 1776 puta
1440 1717 1497 1762 ser.

248 1787 340 1860 Ajunt
354 1788 515 1860 gemmarii,
541 1786 685 1845 naturalia
701 1787 729 1842 in
744 1785 953 1843 adamantibus
968 1787 1092 1844 inveniri
1110 1785 1257 1859 octaedra,
1272 1787 1498 1863 perfectissimae

143 1881 172 1934 at
194 1873 396 1932 limatissimae
419 1874 539 1933 turmae.
585 1871 618 1930 ld
642 1875 667 1931 si
690 1881 743 1945 est,
767 1870 889 1931 multum
912 1889 967 1931 nos
990 1872 1150 1932 confirmat.
1188 1872 1263 1932 Nam
1287 1873 1422 1932 iacultas'
1437 1878 1498 1933 ani-

143 1959 238 2032 malis,
263 1976 338 2034 quae
362 1962 390 2017 in
408 1959 497 2019 Terra
513 1958 617 2017 indidit
632 1960 782 2018 adamanti
798 1959 920 2018 sormam
936 1959 1073 2032 octaedri,
1099 1979 1134 2019 ex
1150 1963 1335 2036 penitissime
1351 1964 1418 2021 sinu
1433 1979 1499 2021 suae

141 2056 263 2107 naturae
287 2046 484 2123 depromam,
513 2046 616 2107 cadem
638 2065 705 2106 curu
729 2063 838 2122 vapore
862 2064 1015 2123 progressa
1039 2047 1075 2106 de
1098 2046 1201 2121 Terra,
1232 2047 1360 2124 figuram
1383 2049 1499 2109 eandem

142 2134 248 2193 indidit
270 2144 300 2195 et
321 2137 383 2192 nivi
406 2152 441 2195 er
464 2151 575 2210 vapore
598 2132 650 2192 illo
674 2135 852 2196 consistenti.

247 2219 439 2297 Quanquam,
471 2220 550 2297 qued
580 2220 814 2281 decussationem
841 2223 929 2279 trium
951 2219 1159 2281 diametrorum
1182 2224 1302 2294 attinet,
1334 2225 1366 2281 iu
1389 2241 1425 2283 es
1446 2241 1499 2284 uon

142 2311 237 2386 magis
260 2311 338 2367 inest
360 2307 489 2369 octa'e'dri
513 2327 600 2385 quam
624 2309 691 2368 cubi
714 2308 816 2368 torma.
857 2307 921 2366 Illic
944 2306 1054 2382 anguli,
1078 2309 1126 2367 hic
1147 2318 1245 2369 centra
1259 2311 1417 2386 planorum
1433 2329 1499 2370 oon·

142 2403 297 2457 nectuntur
319 2395 488 2472 hujusmodi
513 2398 606 2455 tribus
630 2395 788 2469 diametris,
812 2394 873 2454 illic
896 2395 996 2471 anguli
1017 2395 1222 2457 diametrorum
1238 2397 1277 2455 ad
1292 2407 1434 2470 centrum,
1456 2399 1500 2458 hic

142 2484 276 2561 angulus,
300 2486 351 2559 qui
375 2500 480 2560 eorpus
503 2483 574 2555 linit,
599 2485 777 2559 exprimitur.
816 2483 935 2541 Frustra
958 2484 1048 2558 igitur
1071 2482 1106 2542 dc
1127 2487 1217 2544 totius
1231 2481 1345 2561 figurae
1362 2486 1499 2545 electione

142 2573 314 2648 satagimus,
339 2571 388 2628 ubi
412 2579 457 2630 cst
479 2574 631 2645 utriusque
653 2569 848 2630 rudimentum
871 2569 987 2628 saltem.

201 2708 206 2719 .
248 2655 313 2732 Quo
338 2673 407 2717 vero
431 2659 560 2734 abripior
581 2657 688 2716 stultus
712 2675 776 2734 ego,
801 2660 851 2732 qul
875 2656 943 2715 dnm
966 2673 1041 2732 pene
1056 2656 1138 2716 Nihil
1158 2656 1267 2716 donare
1288 2657 1406 2730 affecto,
1429 2676 1500 2735 pene

143 2747 231 2805 etiarn
246 2744 326 2804 Nihil
349 2762 415 2819 ago,
442 2748 511 2820 quie
535 2764 570 2805 ex
592 2744 649 2803 hoc
671 2761 746 2821 poue
761 2744 859 2805 Nihilo
881 2762 956 2819 pene
980 2743 1120 2803 muudum
1142 2747 1247 2822 ipsum,
1272 2747 1301 2802 in
1317 2761 1379 2821 quo
1396 2750 1500 2819 omnis,

144 2832 302 2904 efformavi,
328 2848 453 2908 cumque
477 2833 515 2891 ab
539 2832 669 2891 animula
692 2833 876 2890 minutissimi
900 2830 1070 2890 animalculi
1091 2849 1181 2910 supra
1194 2832 1361 2909 refugerim,
1382 2835 1446 2908 jam
1461 2844 1501 2894 ter

144 2922 264 2978 maximi
287 2919 431 2992 animalis,
455 2920 537 2996 globi
560 2919 695 2990 Telluris,
720 2919 847 2978 animam
871 2922 900 2976 in
924 2921 1001 2977 nivis
1023 2926 1123 2978 atomo
1146 2918 1297 2979 exhibeo?

247 3006 352 3081 ltaque
374 3007 479 3082 pedem
503 3007 625 3065 releram
648 3014 677 3065 et
699 3005 803 3065 sedulo
827 3006 904 3065 dabo
928 3023 1056 3081 operam,
1081 3015 1113 3065 nt
1135 3006 1215 3082 quod
1231 3006 1342 3066 donavi
1365 3008 1500 3084 quodque

143 3094 213 3165 dixi,
239 3094 267 3150 id
284 3092 362 3152 Nihil
386 3096 432 3152 sit.
472 3095 538 3153 Fiet
560 3102 658 3152 antem
681 3093 719 3165 id,
743 3096 766 3150 si
792 3097 961 3169 quamcito
985 3093 1086 3151 nirula
1109 3111 1176 3152 mea
1197 3093 1343 3169 liquescit,
1369 3105 1430 3154 tam
1447 3100 1500 3155 cito

144 3181 323 3239 ratiunculas
347 3184 417 3238 istas
441 3198 495 3255 ego
520 3183 669 3239 contrariis
692 3181 863 3238 ratiunculis
887 3181 1080 3256 profligavere
1104 3190 1192 3256 atque
1216 3181 1432 3241 annihilavero.

250 3269 328 3325 Dum
347 3271 422 3326 enim
447 3270 504 3328 ista
526 3269 637 3339 scribo,
669 3286 780 3326 rursum
812 3270 905 3325 rrinxit
928 3278 957 3327 et
980 3269 1136 3326 confertius
1160 3286 1247 3343 quam
1271 3287 1374 3346 nuper.
1424 3272 1501 3329 Con·

144 3354 301 3429 templatus
325 3373 389 3412 sunt
412 3355 514 3414 sedulo
534 3356 706 3430 corpuscula
720 3358 805 3427 nivis,
829 3355 974 3413 cadebant
989 3357 1078 3429 igitur
1093 3358 1192 3413 omnia
1206 3356 1333 3429 radiosa,
1359 3358 1411 3416 sed
1429 3359 1501 3415 dno-

144 3461 206 3501 rum
230 3460 386 3517 generum
411 3443 555 3516 quaedam
573 3447 684 3503 minuta
701 3441 795 3513 valde,
818 3442 905 3500 radiis
923 3445 1107 3501 circumcirca
1126 3445 1229 3515 insitis,
1254 3446 1365 3503 incerto
1384 3462 1501 3503 numero

143 3540 172 3589 ct
195 3531 375 3604 simplicibus
399 3533 461 3587 sinc
487 3531 573 3603 villis,
597 3532 660 3588 sinc
676 3532 763 3601 striis,
787 3540 926 3604 erantque
948 3529 1146 3603 subtilissimi3
1172 3533 1198 3586 in
1222 3541 1321 3589 centro
1347 3550 1418 3590 veru
1443 3533 1502 3590 col-

142 3618 224 3691 ligati
241 3617 278 3674 ad
294 3616 532 3691 grandiusculum
547 3616 708 3692 globulum,
734 3625 822 3690 atque
841 3617 943 3673 horum
961 3626 1021 3674 crat
1037 3619 1164 3674 inanima
1179 3636 1254 3694 pars.
1300 3617 1502 3695 Intersparge-

143 3706 248 3762 bantur
272 3716 369 3762 utitem
393 3704 512 3761 secundi
535 3707 649 3778 generis
665 3706 787 3762 rariores
803 3705 982 3777 sextingulae
999 3703 1133 3762 stellulae
1150 3722 1307 3780 carumque
1324 3706 1407 3765 nulla
1422 3708 1502 3765 aliter

142 3793 198 3848 nisi
221 3790 325 3868 plana,
359 3809 454 3865 neqne
479 3791 623 3852 volitabat
645 3808 740 3864 neque
763 3790 901 3862 cadebat,
937 3792 1014 3847 villis
1038 3793 1126 3849 etiarn
1150 3793 1179 3847 in
1203 3793 1326 3851 eandem
1351 3793 1501 3868 planitiem

144 3896 209 3937 cum
233 3877 316 3936 caule
340 3895 393 3935 suo
417 3881 595 3953 compositis.
633 3878 783 3953 Vergebat
803 3886 900 3936 autern
917 3879 1035 3936 inferius
1055 3879 1189 3937 deorsum
1205 3879 1334 3937 radiolus
1351 3885 1500 3956 septimus,

142 3967 228 4039 quasi
251 3964 332 4022 radix
357 3966 472 4039 aliqua,
502 3968 530 4021 in
559 3983 647 4039 quam
678 3964 814 4023 cadentes
838 3966 1047 4023 incumbebant
1070 3984 1163 4040 eaque
1186 3968 1409 4027 sustinebantur
1432 3970 1501 4027 sub·

141 4052 227 4110 limes
250 4052 437 4126 aliquandiu,
468 4050 546 4126 quod
571 4069 615 4110 me
639 4069 726 4127 supra
750 4069 807 4108 non
831 4053 914 4126 lugit,
938 4052 989 4110 sed
1012 4054 1127 4111 sinistre
1152 4064 1305 4130 exceptum
1329 4066 1392 4132 est,
1421 4075 1456 4114 ae
1477 4057 1499 4113 si

142 4141 215 4198 terni
240 4138 373 4198 diametri
397 4156 454 4197 non
479 4149 576 4197 essent
600 4141 628 4195 in
653 4138 755 4197 eodem
779 4139 876 4213 plano.
922 4140 1026 4214 ltaque
1057 4158 1113 4198 non
1138 4143 1233 4200 minua
1257 4142 1337 4218 quod
1361 4142 1500 4202 hactenus

142 4225 211 4299 dixi,
238 4244 327 4299 quam
351 4243 408 4300 quo
433 4226 468 4283 dc
492 4225 566 4299 diri,
591 4245 608 4283 a
631 4225 729 4284 Nihilo
755 4244 841 4300 quarn
865 4229 995 4304 proxime
1019 4227 1112 4286 abest.

245 4313 375 4370 Primum
398 4330 490 4387 genus
513 4330 682 4388 grumosnm
704 4321 775 4388 puto
799 4330 863 4371 esse
882 4333 917 4374 ex
934 4330 1043 4389 vapore
1055 4315 1117 4390 jam
1135 4330 1209 4388 perte
1227 4311 1343 4373 deserto
1361 4334 1380 4374 a
1395 4317 1499 4388 calore,

141 4408 170 4458 et
189 4400 312 4475 jamjam
337 4402 363 4454 in
389 4409 487 4473 guttas
512 4418 622 4474 aqueas
646 4399 862 4460 condensaudo.
898 4402 1003 4476 ltaque
1027 4409 1055 4461 et
1078 4400 1203 4460 rotunda
1226 4410 1302 4473 sunt,
1327 4412 1358 4461 et
1381 4404 1500 4478 figuram

141 4486 291 4561 pulchram
315 4504 372 4541 non
397 4490 571 4558 sortiuntur,
597 4487 712 4545 deserta
731 4487 793 4561 jam
817 4489 854 4546 ab
880 4489 1053 4559 architecto,
1078 4500 1107 4547 et
1130 4487 1246 4545 radiosa
1270 4498 1338 4546 suut
1363 4491 1499 4568 undique,

142 4575 177 4628 iis
200 4576 359 4649 principiis,
386 4591 460 4649 quae
476 4592 564 4651 supra
581 4574 617 4632 ad
635 4575 909 4651 contemplationem
925 4579 1081 4651 pruinosae
1098 4578 1303 4636 consistentiae
1319 4579 1349 4635 in
1368 4578 1501 4638 fenestris

142 4666 210 4719 sunt
232 4659 373 4719 adhibita.

247 4748 280 4808 In
304 4747 432 4807 secundo
457 4765 526 4807 raro
548 4765 664 4826 genere,
688 4748 767 4825 quod
791 4755 835 4808 ost
858 4747 1048 4827 stellularum,
1072 4749 1169 4813 locum
1192 4749 1305 4809 nullum
1321 4750 1415 4813 habet
1430 4770 1500 4813 eon-
