3284 5520
663 307 816 377 Responsio
834 307 954 378 Kepleri.
1430 310 1494 380 679

139 487 213 549 bulo
245 486 322 548 diem
352 486 557 565 intelligerent.
601 486 649 546 Ita
670 485 761 547 Saros
784 494 863 547 esset
885 486 995 548 dicrum
1020 490 1120 562 3600,
1151 493 1266 565 tempus
1288 487 1377 565 paulo
1400 491 1495 548 minus

140 592 233 652 quam
258 581 297 635 10
321 592 473 646 annorum,
496 575 583 633 Nirus
607 573 719 634 dierum
743 581 804 633 600
826 592 879 634 seu
900 581 940 635 20
963 576 1106 634 mensium
1122 575 1380 654 Aegyptiacorum,
1404 576 1496 636 Sosus

139 663 253 722 dierum
277 668 317 722 60
348 680 401 723 sen
433 662 570 721 bimestre
601 669 724 738 tempus.
770 661 900 738 Scaliger
923 658 1018 743 (laag.
1043 661 1114 721 Gan.
1137 662 1186 724 tol.
1210 659 1290 745 248)
1320 671 1378 724 tres
1407 662 1495 723 Saros

139 757 230 825 creat,
254 767 345 808 unum
367 751 534 822 maximum,
558 755 643 808 3600
667 764 817 822 annorum,
841 766 893 809 seu
910 756 950 808 30
966 747 1103 808 Sororum
1126 750 1347 827 periodicornm,
1372 768 1495 826 quorum
1599 767 1604 774 ’

138 837 267 915 quilibet
290 842 351 898 120
375 839 414 897 sit
436 840 587 908 sonorum,
612 843 721 911 quanto
741 843 871 912 tempore
886 854 923 896 ex
938 836 1041 896 diebus
1057 837 1247 897 intercalariis
1263 838 1405 897 conflatur
1419 855 1495 897 unus

138 926 265 997 mensis,
296 932 327 985 et
348 923 452 984 Sarum
475 926 640 998 minimum,
669 922 781 982 dierum
806 930 856 983 30.
900 925 947 983 De
970 922 1084 982 duobus
1107 926 1267 983 minoribus
1291 928 1495 985 auctoritatem

139 1011 252 1088 allegat
271 1011 393 1086 nullam,
417 1011 527 1086 allegat
543 1028 612 1070 sero
628 1010 757 1087 linguam
774 1010 972 1085 Chaldaicam,
996 1013 1025 1068 in
1042 1028 1100 1086 qua
1116 1019 1145 1071 ot
1160 1011 1253 1084 Luna,
1280 1030 1356 1089 quae
1373 1019 1413 1071 30
1431 1012 1495 1072 die·

139 1100 197 1158 bus
221 1101 362 1172 circumit,
386 1105 416 1158 et
436 1101 544 1157 mensis
567 1096 688 1158 totidem
708 1097 828 1170 diarum,
852 1107 993 1158 vocentur
1010 1098 1100 1170 Sara,
1125 1107 1158 1157 ut
1174 1099 1321 1159 Arabibos
1337 1099 1432 1158 Sabar
1446 1100 1493 1159 nel

139 1185 281 1245 Scbebsr.
318 1185 514 1246 Transtulissc
539 1185 644 1244 deinde
668 1202 770 1245 vocem
792 1185 859 1244 illos
882 1185 920 1244 ad
943 1185 1067 1244 similem
1084 1185 1286 1246 collectionem
1302 1188 1421 1262 triginta
1436 1204 1494 1245 non

140 1272 264 1346 dierum,
288 1272 339 1333 sed
363 1272 630 1348 quadrienniorom,
654 1274 684 1330 in
707 1289 795 1331 unam
818 1273 968 1350 periodum
994 1279 1054 1331 120
1078 1290 1233 1348 annorum,
1257 1282 1287 1334 ει
1309 1273 1434 1350 danique
1457 1273 1496 1333 ad

140 1360 232 1420 aliam
255 1362 438 1420 tricenariam
462 1359 662 1419 collectionem
684 1358 868 1436 periodorum
892 1363 920 1419 in
943 1360 1047 1419 Sarum
1070 1363 1238 1419 maximum.

245 1463 395 1542 Quidquid
416 1466 455 1524 sit
470 1464 518 1524 vel
532 1467 653 1524 rationis
669 1464 716 1524 nel
732 1465 923 1536 auctoritatis,
948 1464 1084 1524 accedere
1100 1464 1205 1525 saltem
1220 1465 1265 1524 his
1281 1465 1364 1525 Sosis
1381 1466 1496 1526 videtur

137 1552 242 1628 aliqtm
267 1553 329 1627 jam
361 1552 581 1612 verisimilitudo
610 1570 644 1612 ex
673 1551 815 1612 relatione
837 1551 870 1609 P.
894 1551 1036 1612 Torrentii
1060 1551 1095 1610 de
1118 1552 1252 1611 Sinarum
1277 1553 1377 1630 cyclis.
1422 1554 1496 1614 Post

139 1639 309 1699 Chaldaeos
332 1642 408 1699 enirn
432 1648 499 1697 sunt
521 1639 596 1712 Indi,
619 1646 688 1716 post
710 1638 799 1697 lndos
822 1637 918 1698 Sinae.
956 1640 992 1697 Et
1015 1639 1204 1698 memorabile
1220 1648 1274 1712 est,
1299 1639 1377 1698 lndis
1392 1641 1422 1698 in
1438 1658 1494 1700 usu

140 1744 207 1787 csse
229 1743 371 1785 annorum
395 1726 569 1799 dodecadas,
594 1744 658 1786 cum
682 1727 783 1803 cyclus
806 1743 947 1784 annorum
972 1732 1012 1786 00
1035 1726 1144 1785 babeat
1166 1725 1333 1786 dodecedas
1356 1730 1494 1804 quinque.
1606 1770 1609 1775 -

140 1813 201 1874 Sed
225 1813 389 1873 dodecades
412 1831 501 1873 causa
524 1817 591 1888 (seu
612 1816 817 1891 superstitione
832 1816 945 1890 potius)
969 1815 1100 1872 nituntur
1122 1814 1307 1890 astrologica,
1331 1815 1427 1889 qualis
1451 1822 1497 1874 est

141 1903 171 1958 in
196 1902 291 1978 capite
314 1900 491 1977 astrologiae
516 1900 551 1960 de
574 1901 803 1977 protectionibus
827 1901 942 1960 annuis.
980 1900 1169 1976 sexagenarii
1184 1900 1258 1977 cycli
1275 1918 1365 1960 cansa
1380 1901 1495 1962 videtur

139 1987 206 2047 sole
230 1988 411 2047 concinnitas
435 1986 626 2060 arithmetica,
649 2004 706 2045 non
730 1994 827 2045 motus
850 1987 1001 2049 coelestes.
1038 1987 1112 2046 Nam
1132 1997 1236 2064 epacta
1251 1987 1437 2048 Julianorum
1454 1996 1494 2049 00

141 2074 230 2154 (Τει).
251 2074 327 2133 Rud.
352 2075 401 2134 iol.
428 2073 480 2155 99)
504 2082 548 2134 εει
571 2075 598 2133 d.
624 2081 652 2134 3.
676 2075 704 2133 b.
731 2082 758 2132 ι.
786 2078 837 2133 12’
861 2072 923 2134 39”
949 2074 1020 2134 blm
1046 2077 1147 2145 19““,
1178 2093 1247 2150 ergo
1271 2079 1339 2133 anni
1364 2077 1403 2135 60
1428 2084 1496 2135 sunt

139 2173 199 2221 tres
221 2160 296 2238 cycli
318 2163 459 2222 Metonici
482 2169 511 2222 et
533 2163 696 2222 triennium.
737 2161 802 2220 Hac
825 2164 875 2220 via
896 2176 954 2219 non
977 2159 1082 2220 alludit
1107 2160 1192 2220 Luna
1214 2161 1251 2220 ad
1275 2164 1494 2239 sexagenarium

140 2266 282 2309 annorum
305 2266 465 2309 numerum.
503 2247 578 2308 Sunt
600 2249 718 2325 quidem
742 2251 771 2306 in
794 2250 878 2307 annis
894 2253 933 2308 59
957 2265 1071 2307 menses
1089 2254 1160 2321 730,
1185 2248 1284 2325 cyclus
1307 2249 1495 2326 Pythagorae

141 2344 171 2396 et
195 2335 368 2413 Oenopidae
391 2336 474 2408 Chii,
507 2335 557 2394 sed
589 2335 693 2395 desunt
722 2335 843 2395 totidem
874 2336 994 2410 tropicis
1018 2335 1079 2394 dies
1102 2337 1213 2394 circiter
1239 2344 1266 2394 7.
1313 2336 1349 2394 Ει
1374 2342 1412 2397 59
1437 2354 1495 2396 non

140 2433 209 2482 sunt
234 2430 285 2482 60.
329 2423 487 2483 Possemus
510 2423 627 2498 quidem
651 2423 718 2482 illos
742 2429 780 2482 23
806 2421 868 2480 dies
891 2422 1107 2494 intercalarius,
1139 2424 1167 2479 in
1191 2426 1275 2481 annis
1299 2429 1383 2482 3000
1407 2427 1495 2483 omit·

140 2510 255 2583 tendes,
278 2527 440 2586 possemus,
464 2514 591 2585 inquam,
616 2513 663 2577 sic¹
677 2510 743 2568 illos
759 2508 930 2569 distribuere
947 2511 975 2566 in
990 2511 1198 2585 sexagenarios
1214 2511 1313 2587 cyclos
1328 2527 1378 2570 seu
1395 2511 1494 2583 Sosos,

139 2606 174 2658 ut
201 2605 347 2658 currerent
373 2599 492 2657 alternis
520 2596 598 2673 pleni
627 2606 655 2657 et
684 2597 817 2656 diminuti
839 2614 893 2656 suo
915 2597 1099 2656 intercalario
1123 2596 1225 2656 ultimo
1249 2614 1341 2673 usque
1363 2601 1392 2657 in
1419 2605 1496 2659 13ωῃ

138 2695 185 2745 ter
207 2692 237 2744 et
258 2685 348 2745 semel
371 2688 399 2743 in
426 2691 535 2755 llmum,
558 2693 590 2744 ut
612 2686 668 2747 hio.

169 2941 220 2995 120
283 2939 337 2996 120
399 2940 449 2995 120
516 2941 566 2996 120
647 2947 835 3004 omissionem
859 2961 894 3004 ex
917 2960 994 3003 anuo
1010 2943 1132 3004 Juliano
1156 2945 1271 3022 cyclum
1288 2951 1469 3023 excogitasse

165 3026 220 3082 120
286 3027 335 3081 120
400 3027 450 3082 120
515 3027 564 3083 120
645 3029 1116 3103 annorum60,120ve1180.
1165 3033 1356 3108 Aequabilior
1378 3038 1469 3095 etiam

167 3114 220 3169 120
284 3112 335 3168 120
397 3115 448 3170 120
512 3112 563 3167 120
644 3119 676 3177 fit
699 3137 792 3177 annus
815 3119 959 3194 tropicus,
989 3120 1014 3176 εἰ
1037 3120 1223 3179 intercaletur
1245 3120 1310 3197 lega
1332 3122 1471 3183 solutaa

167 3200 220 3343 {gg
283 3200 334 3342 1Ξὲ
397 3202 449 3343 133
511 3200 562 3254 180
643 3206 716 3283 cycli
740 3207 838 3266 brevis
860 3206 1036 3283 rationibus,
1058 3213 1091 3264 ut
1113 3223 1203 3285 supra
1225 3206 1343 3267 dictum.

169 2852 337 3062 1201120
399 2855 450 2908 120
515 2855 566 2910 120
691 2857 730 2915 At
744 2875 802 2918 non
820 2864 864 2916 est
880 2855 1048 2935 verisimile,
1065 2856 1150 2916 Sinas
1167 2858 1204 2918 ob
1220 2858 1469 2920 intercalariorum

247 3447 294 3507 Eo
317 3455 448 3525 temporo
470 3448 672 3509 observarunt
693 3449 853 3516 solstitium
872 3466 967 3525 propo
989 3448 1142 3523 cuspidem
1159 3448 1332 3529 Sagittarii,
1354 3469 1418 3510 nors
1432 3471 1496 3512 mc-

138 3538 221 3596 mini
246 3534 378 3610 prodas,
410 3539 454 3594 ito
481 3543 517 3594 ct
541 3537 611 3607 y'cm
642 3537 795 3610 bucusque
822 3538 996 3610 processerit
1025 3537 1108 3595 ultro
1131 3539 1171 3594 52
1192 3536 1324 3611 prades,
1356 3544 1498 3615 congruit

138 3625 274 3683 moritum
298 3641 368 3682 oum
389 3623 572 3699 Tycbonicis.
611 3622 739 3682 Primum
755 3623 790 3682 de
805 3631 885 3681 motu
902 3625 1113 3698 praecessionis
1129 3626 1378 3699 aequinoctiorum
1394 3645 1496 3686 verum

138 3717 187 3772 est
209 3708 296 3784 (Tab.
312 3709 389 3768 Rud.
406 3710 455 3773 sol.
472 3705 538 3791 43),
563 3711 648 3767 annis
673 3715 756 3770 4000
781 3717 944 3786 competere
962 3715 1012 3772 50.
1030 3713 1082 3769 40’
1101 3712 1149 3769 1”.
1188 3710 1323 3770 Secundo
1347 3713 1382 3773 dc
1407 3733 1496 3791 „pro-

139 3797 294 3859 cessione“
325 3796 511 3857 confirmatur
538 3797 638 3872 lapsus
662 3799 818 3855 memoriae
841 3797 925 3854 initio
947 3805 1079 3871 notatus,
1111 3800 1298 3872 aequinoctia
1321 3808 1349 3858 et
1372 3800 1497 3860 solstitia

137 3902 199 3944 non
222 3893 424 3960 processerunt
447 3885 501 3943 sub
525 3882 599 3955 fixis,
623 3883 674 3943 sed
698 3891 924 3960 praecesserunt.
971 3884 1003 3941 ln
1021 3884 1140 3963 cuspide
1157 3883 1289 3961 Sagittae
1305 3887 1392 3946 stello
1408 3886 1494 3967 (Tab.

139 3971 191 4031 l'ol.
220 3978 277 4029 111
304 3980 334 4029 ct
359 3972 433 4048 116)
465 3973 518 4029 snit
547 3987 623 4029 anno
651 3976 732 4029 1000
756 3973 785 4026 in
811 3967 868 4029 25⁰
891 3969 942 4029 30‘
965 3970 1124 4047 Sagittarii.
1171 3971 1203 4030 Si
1231 3973 1281 4031 Sol
1311 3973 1389 4049 apud
1419 3974 1496 4035 hanc

139 4057 257 4139 stellam
286 4059 459 4118 coniecisset
487 4057 643 4116 solstitium
666 4058 818 4116 hibernum
842 4065 909 4115 ante
932 4074 1024 4116 annos
1049 4064 1149 4131 4000,
1182 4058 1269 4118 bodie
1289 4061 1444 4121 conficeret
1466 4061 1496 4120 id

141 4148 271 4206 existens
299 4145 377 4221 apud
405 4146 478 4204 lixas
506 4147 535 4200 in
560 4141 616 4203 30⁰
638 4145 754 4216 Librae,
778 4144 888 4203 scilicet
910 4144 988 4220 apud
1012 4145 1153 4204 fimbriam
1179 4146 1316 4221 Virginis.
1362 4148 1427 4206 Non
1450 4157 1496 4208 est

140 4235 231 4309 igitur
254 4233 353 4308 aliqua
375 4232 431 4291 fixa
454 4251 488 4291 ex
512 4231 733 4290 constellatione
749 4232 898 4306 Sagittarii
922 4231 970 4289 bic
989 4232 1188 4308 intelligenda.
1227 4232 1327 4292 Tertio
1344 4251 1411 4310 ergo
1427 4252 1495 4310 pcr-

140 4318 295 4397 pendatur,
319 4319 389 4395 quid
412 4323 449 4378 sit
472 4318 550 4377 Sinis
573 4321 670 4395 cuspis
688 4317 861 4394 Sagittarii?
891 4318 996 4394 Cuspis
1012 4327 1056 4379 est
1071 4328 1230 4378 extremum
1246 4328 1385 4396 punctum
1401 4324 1496 4399 sagit·

141 4416 206 4481 tse3
229 4408 298 4482 quid
322 4409 346 4463 si
369 4405 416 4466 bic
439 4408 477 4465 sit
499 4406 665 4464 extremitas
679 4406 766 4482 hujus
784 4404 1034 4465 dodecatemoriii
1056 4407 1093 4464 Et
1108 4414 1177 4465 tuuc
1194 4424 1307 4483 semper
1322 4409 1378 4468 hoc
1394 4427 1495 4469 verum

142 4504 187 4554 est
211 4502 240 4552 et
262 4494 396 4552 omnibus
419 4494 534 4565 seculis,
559 4493 637 4567 quod
662 4492 712 4551 Sol
736 4509 855 4551 versans
870 4494 899 4549 in
917 4496 1099 4553 extremitate
1114 4493 1271 4570 Sagittarii,
1297 4514 1359 4568 seu,
1383 4506 1415 4554 ut
1431 4514 1494 4569 nos,

142 4585 172 4638 in
199 4583 338 4658 principio
362 4581 549 4657 Capricorni,
574 4580 706 4638 conficiet
728 4579 899 4651 solstitium,
923 4581 979 4639 hoo
1004 4590 1048 4641 est
1071 4579 1150 4655 qnod
1172 4580 1245 4640 illud
1268 4584 1306 4640 sit
1327 4583 1494 4643 babendum

143 4684 197 4746 pro
219 4667 277 4728 tine
299 4667 465 4742 Sagittarii,
497 4671 525 4725 in
550 4684 608 4742 quo
632 4666 682 4725 Sol
705 4666 970 4726 existens'conlicit
992 4667 1148 4726 solstitium
1172 4667 1290 4727 humile.
1336 4670 1495 4730 Confirmat

143 4773 239 4816 meam
268 4756 551 4833 interpretationem,
584 4753 663 4831 quod
686 4754 718 4812 P.
743 4754 911 4813 Torrentius
934 4755 1020 4828 dicit,
1052 4772 1084 4814 se
1106 4772 1164 4813 non
1187 4758 1353 4817 meminisse
1375 4757 1494 4837 gradus.
