3284 5520
475 330 519 388 Ad
535 330 635 388 hhrum
654 332 689 387 ΙΙ.
715 331 928 403 Anti-Tychonis
946 346 1007 402 cap.
1025 331 1050 386 4.

515 542 1007 626 umhmbmm

189 688 219 748 1.
249 685 337 762 Quod
359 689 447 765 igitur
469 694 568 763 negat,
591 687 756 748 necessario
778 688 872 763 sequi,
895 693 928 744 nt
951 685 1029 761 quod
1051 701 1166 744 omnem
1182 699 1282 743 cursus
1298 686 1343 741 sui
1359 689 1437 742 trac·

77 778 140 830 tum
165 773 221 833 suh
243 791 303 834 nno
326 784 406 835 carto
428 774 537 835 circulo
560 774 704 851 sphaerae
727 776 855 832 maximo
878 773 1068 850 spectandum
1087 771 1213 844 exhibet,
1236 771 1266 828 id
1281 777 1437 847 propterea

76 876 129 935 per
152 858 297 922 coelestes
319 862 435 922 incedat
458 878 592 939 campos:
624 861 685 935 hic,
717 860 796 938 quod
824 877 933 919 meram
960 862 1165 920 necessitatem
1189 861 1308 930 attinet,
1340 874 1436 934 neque

77 962 123 1006 me
154 946 247 1008 hahet
274 948 475 1010 adversarium
506 945 662 1033 (quamdin
693 966 729 1008 ex
757 949 844 1007 unico
873 948 973 1007 mnndi
1002 947 1069 1007 loco
1099 953 1214 1006 cometa
1235 952 1384 1022 spectatur
1407 952 1436 1003 et

77 1032 203 1094 seclusis
233 1035 434 1113 parallaxibus
465 1032 696 1118 consideratur),
729 1052 824 1112 neque
853 1034 1023 1112 'Pythonem
1054 1033 1211 1093 admodum
1240 1033 1314 1092 ierit.
1360 1031 1436 1090 Nam

78 1120 184 1198 Tycha
209 1122 406 1200 incipiendum
429 1126 486 1185 sibi
507 1132 587 1184 ratus
610 1125 648 1183 ab
671 1126 707 1183 iis
729 1124 917 1199 argumentis,
941 1140 1017 1199 quae
1039 1124 1167 1197 speciem
1190 1120 1332 1180 haberent
1351 1137 1436 1195 egre·

80 1211 161 1283 giam
184 1209 224 1269 ad
246 1211 419 1271 excitandos
441 1211 583 1272 lectorum
597 1213 711 1270 animos
727 1218 815 1286 snp'er
829 1212 980 1287 proposita
996 1210 1178 1285 quaestione,
1202 1213 1355 1267 contentus
1372 1223 1436 1267 esse

79 1298 177 1371 potuit
205 1296 258 1356 illa
287 1298 509 1374 probabilitate,
541 1316 617 1376 quae
646 1305 675 1359 et
705 1299 919 1357 existimatione
942 1296 1077 1374 populari
1100 1306 1130 1355 ct
1152 1291 1325 1356 auctoritate
1347 1302 1435 1369 prae-

78 1385 252 1443 stantissimi
274 1386 394 1446 artificis
415 1388 566 1459 niteretur,
597 1384 756 1446 secundum
785 1385 946 1444 doctrinam
974 1386 1117 1460 topicam,
1148 1400 1238 1458 quam
1260 1381 1435 1441 Aristoteles

79 1472 141 1547 ipse
164 1470 337 1549 plerumque
360 1475 389 1532 in
412 1473 666 1550 disquisitionibus
688 1475 750 1532 suis
773 1472 921 1532 observat
966 1471 1003 1529 Et
1031 1473 1059 1529 in
1090 1470 1179 1545 hujus
1201 1468 1321 1545 quidem
1344 1485 1435 1545 argu·

78 1560 169 1617 menti
191 1562 382 1637 usurpatione
396 1561 499 1639 'lpcho
520 1568 604 1621 tanto
627 1563 724 1638 potnit
744 1577 808 1620 esse
823 1560 959 1633 securior,
983 1567 1093 1636 quanto
1109 1557 1228 1632 majoris
1244 1556 1357 1615 roboris
1373 1565 1436 1616 erat

79 1646 134 1705 sibi
159 1648 295 1707 conscius
317 1665 370 1724 per
391 1655 564 1725 argumenta
585 1649 748 1724 sequentia.

181 1731 241 1793 Sed
264 1750 327 1806 nos,
351 1734 472 1797 dimissa
493 1737 702 1813 propositionis
725 1733 892 1794 omnimoda
914 1735 1099 1807 necessitate,
1123 1739 1305 1792 transeamus
1328 1731 1366 1791 ad
1387 1733 1434 1790 in·

79 1820 214 1894 stantiae,
236 1821 343 1897 quibus
366 1825 411 1882 ris
433 1823 521 1899 hujus
543 1822 761 1901 probabilitatis
784 1827 979 1897 oppugnatur.

182 1909 212 1965 2.
242 1907 364 1969 Poterat
384 1919 486 1970 auctor
508 1912 552 1971 uti
574 1909 634 1984 illa,
658 1927 734 1986 quae
756 1911 880 1967 sumitur
902 1909 940 1966 ab
964 1914 1081 1967 extento
1104 1903 1154 1965 tilo
1169 1905 1318 1965 Maestlini
1338 1900 1372 1987 ¹),
1396 1905 1434 1964 ad

77 1992 278 2069 judicandum,
302 2013 379 2073 qnae
401 1998 505 2058 stellae
527 2000 557 2057 in
581 1997 705 2059 eundem
729 1996 867 2056 circulum
890 1997 1049 2053 maximum
1069 1993 1208 2054 incidant.
1246 1993 1341 2052 Filum
1358 1995 1435 2053 enim

79 2098 123 2141 res
146 2089 193 2141 est
216 2081 302 2142 oculo
325 2083 413 2160 plane
435 2088 569 2161 proxima
591 2087 768 2160 minimeque
791 2086 819 2141 in
844 2082 961 2142 aethere
982 2084 1050 2142 sita.
1097 2079 1209 2156 Quodsi
1239 2089 1353 2141 cometa
1374 2079 1434 2140 ali·

80 2170 143 2244 quis
167 2169 295 2245 impulsu
320 2188 496 2250 quocunque
518 2172 678 2233 secundnm
701 2171 741 2230 fili
764 2170 908 2247 ejusmodi
932 2168 1051 2228 ductum
1066 2169 1214 2242 traiiceret
1227 2167 1275 2227 hic
1291 2171 1319 2225 in
1335 2176 1435 2227 nostro

79 2259 153 2328 air're,
175 2257 307 2316 futurum
329 2261 430 2335 ntique
452 2261 548 2331 fuerit,
571 2267 604 2319 ut
626 2260 758 2336 trajectio
782 2258 855 2334 ejus,
869 2258 924 2316 suh
947 2274 1005 2316 nno
1029 2255 1138 2315 circulo
1161 2256 1289 2315 maximo
1315 2254 1435 2314 ordina·

79 2350 163 2404 retur.
202 2342 337 2405 Inveniet
358 2346 450 2408 lector
472 2348 529 2407 hoc
552 2365 644 2423 genus
668 2346 832 2421 argumenti
854 2345 964 2421 passim
985 2346 1014 2401 in
1031 2346 1103 2402 meis
1119 2342 1267 2418 operibus.
1305 2342 1346 2401 Ar
1360 2341 1435 2401 nihil

79 2428 244 2506 hujusmodi
267 2432 371 2508 objicit
387 2433 617 2495 claromontius:
641 2435 835 2511 negligenter,
859 2434 884 2491 si
908 2447 966 2489 non
990 2430 1072 2504 vidit,
1097 2432 1252 2506 sapienter,
1277 2431 1302 2488 si
1326 2430 1434 2505 quihus

80 2519 215 2593 operibns
236 2517 306 2578 huic
328 2521 485 2582 instantiae
509 2523 745 2582 contraveniatnr
767 2519 921 2596 praevidit.

180 2606 209 2666 3.
246 2605 390 2666 Nimirum
420 2610 523 2669 oculus
549 2608 587 2668 ad
616 2627 734 2669 sensum
756 2609 894 2667 immotus
922 2605 1005 2665 locus
1033 2605 1097 2680 ejus
1121 2604 1225 2662 unicus
1248 2604 1286 2663 sit
1309 2611 1433 2680 oportet,

80 2698 285 2769 praetereaque
308 2695 441 2771 trajectio
463 2713 559 2773 neque
583 2696 659 2756 diem
683 2699 841 2770 integrum,
871 2710 967 2770 neque
990 2692 1078 2752 horas
1101 2689 1270 2762 duodecim,
1300 2690 1433 2767 adeoque

81 2795 113 2838 ne
142 2777 219 2840 ultra
246 2780 349 2840 horam
378 2782 497 2858 quidem
523 2786 686 2844 continuari
716 2783 817 2856 debet,
848 2789 879 2841 et
900 2783 925 2840 si
947 2779 995 2839 vel
1019 2780 1114 2840 solam
1136 2779 1238 2837 horam
1262 2777 1364 2851 durat,
1396 2778 1434 2838 ad

81 2867 171 2942 ipsum
201 2874 283 2927 recta
311 2872 452 2931 verticem
480 2872 639 2932 contendat
667 2878 796 2946 oportet,
827 2886 864 2929 ne
886 2866 1072 2945 parallaxeos
1095 2869 1252 2926 misceatur
1273 2868 1434 2941 negotium,

82 2970 142 3012 cnm
164 2971 182 3014 e
204 2963 306 3015 contre
328 2966 453 3030 cometa,
476 2958 543 3036 plus
565 2976 654 3034 qnam
677 2956 751 3017 dnos
774 2973 888 3017 menses
907 2955 1025 3027 durans,
1049 2962 1143 3014 ortum
1160 2960 1190 3013 et
1204 2969 1343 3013 occasum
1358 2970 1435 3030 quo·

82 3040 146 3101 tidie
167 3042 278 3114 iecerit,
302 3041 341 3102 ad
363 3043 550 3105 altitudinem
572 3048 610 3105 ab
633 3045 785 3105 horizonte
808 3061 866 3103 non
890 3046 1028 3117 exiguam
1051 3045 1172 3102 enitens.

179 3130 209 3190 4.
248 3129 370 3190 Poterat
396 3140 427 3192 et
454 3132 639 3209 disciplinam
667 3135 762 3209 ipsam
789 3130 977 3191 adversarius
1004 3132 1035 3189 iu
1058 3131 1286 3189 controversiam
1311 3128 1434 3203 trahere,

82 3214 239 3288 ostendere,
263 3216 336 3276 nihil
359 3236 424 3279 esse
447 3220 611 3280 divinitatis
632 3221 662 3281 in
685 3219 810 3295 trajectu
833 3217 993 3288 rectilineo,
1017 3219 1042 3277 si
1058 3220 1083 3276 is
1099 3223 1231 3277 cometae
1248 3216 1434 3290 coucedatur,

83 3318 140 3360 cnm
166 3302 310 3381 pleraque
338 3305 476 3377 missilia,
508 3310 537 3367 vi
566 3323 706 3384 corporee
736 3308 764 3364 in
794 3308 921 3382 spatium
945 3307 1021 3364 aiiris
1044 3321 1185 3376 excussa,
1216 3301 1435 3377 regularitatem

81 3396 171 3449 rectae
186 3398 338 3466 tueantur3
362 3401 415 3451 aut
435 3397 461 3452 si
483 3397 602 3454 omnino
626 3392 743 3471 placeat
764 3410 817 3470 pro
841 3399 956 3453 cometa
979 3391 1113 3465 circulus,
1137 3397 1254 3468 poterat
1275 3392 1304 3447 in
1329 3390 1435 3449 dilem-

82 3483 152 3537 mate
175 3485 278 3538 nostro
301 3478 466 3542 desiderare
489 3483 649 3542 membrum
674 3480 905 3540 dissimulatum:
929 3497 998 3539 nam
1020 3497 1115 3554 neque
1131 3479 1346 3538 substructione
1361 3480 1433 3537 novi

81 3563 153 3623 orbis
183 3580 259 3641 opus
287 3583 368 3639 esse,
399 3585 494 3646 neque
523 3568 624 3628 divina
646 3570 677 3627 in
701 3585 821 3645 corpure
844 3576 976 3627 cometae
1000 3569 1138 3640 scientia,
1170 3568 1240 3642 quin
1263 3565 1435 3639 angelorum

78 3666 164 3710 unum
187 3652 307 3713 concedi
330 3670 426 3729 posse,
451 3659 502 3732 qni
525 3673 630 3732 corpus
653 3664 785 3716 comatae
809 3657 898 3714 etiarn
920 3656 949 3712 in
973 3654 1031 3713 hoc
1053 3663 1153 3713 nostro
1177 3658 1259 3724 aere,
1283 3660 1317 3711 nt
1338 3669 1434 3727 quon-

78 3736 142 3798 dam
163 3738 282 3798 stellam
296 3739 462 3817 Magorum,
485 3743 705 3819 regularissima
727 3748 905 3818 transportet
927 3744 1098 3818 agitatione.
1136 3741 1212 3801 Nam
1228 3741 1315 3800 etiam
1331 3739 1434 3818 Tycho

77 3827 137 3901 ipse
158 3823 287 3887 alternat
308 3830 337 3885 in
360 3831 423 3888 suis
445 3831 571 3907 scriptis,
593 3848 672 3890 nnnc
694 3832 855 3905 ingenitam
877 3831 1031 3890 scientiam
1052 3837 1194 3903 statuens,
1217 3845 1295 3888 nunc
1315 3830 1436 3904 genium

76 3912 244 3989 subjiciens.

180 4002 208 4060 5.
245 4000 286 4059 Ar
307 4000 380 4060 nihil
403 4002 507 4062 horum
530 4003 640 4081 Scipio.
678 4001 817 4062 Crederes
840 4005 929 4063 etiam
951 4002 1000 4063 hic
1022 4002 1104 4062 illum
1128 4004 1185 4063 sibi
1201 4024 1218 4062 a
1233 4000 1434 4080 parallaribus

72 4094 215 4162 metuere,
240 4088 348 4164 quibus
369 4089 503 4150 similiter
525 4093 612 4151 etiam
635 4090 733 4166 angeli
758 4106 847 4166 opera
869 4093 898 4148 in
922 4090 1092 4152 elementari
1116 4093 1236 4167 regione
1260 4092 1432 4164 signaretur.

72 4177 116 4235 At
136 4192 196 4235 non
220 4182 266 4234 est
286 4175 358 4249 hoc,
382 4193 440 4236 non
463 4179 568 4238 metuit
589 4178 646 4239 sibi
668 4195 687 4237 a
710 4176 918 4254 parallaribus,
942 4196 978 4238 ne
1001 4181 1031 4235 in
1054 4179 1091 4236 iis
1113 4178 1247 4256 quidem,
1271 4194 1347 4252 quae
1372 4178 1433 4253 ipsa

72 4261 218 4340 producit.

181 4350 210 4407 6.
250 4346 328 4424 Quid
349 4352 439 4426 igitur
461 4351 580 4411 tandem
603 4350 728 4428 Scipio?
759 4350 856 4421 Velim
887 4349 1023 4426 equidem
1047 4350 1149 4411 audire
1172 4368 1270 4411 coram
1293 4366 1434 4426 praesen·

72 4446 133 4497 tem
163 4434 294 4511 quidque
325 4437 382 4496 sibi
413 4437 485 4497 velit
515 4437 565 4497 iol.
593 4439 662 4496 116.
697 4441 766 4497 lli.
798 4436 904 4497 clarius
935 4436 1152 4498 edisserentem.
1198 4437 1327 4497 Facilius
1356 4438 1433 4495 eninr

71 4532 196 4584 naturae
225 4540 322 4582 rerum
349 4523 525 4600 profundum
555 4522 675 4601 aliquod
704 4542 843 4584 arcanum
865 4528 1037 4599 extorseris,
1069 4543 1158 4601 qnam
1178 4525 1225 4584 his
1248 4524 1312 4600 ejus
1336 4524 1434 4584 verbis

47 4627 193 4671 0sensnm
217 4609 338 4669 clarum.
377 4609 491 4686 Quodsi
512 4621 609 4672 umen
632 4629 690 4671 non
715 4614 832 4671 omnino
854 4611 962 4671 frustra
985 4612 1128 4674 desudavi
1143 4615 1172 4670 in
1189 4611 1317 4673 eruendo
1333 4629 1431 4683 sensu,

71 4698 132 4758 hoc
153 4695 272 4756 videtur
295 4696 391 4757 dicere
414 4699 529 4776 Scipio:
561 4700 657 4776 posito
681 4698 759 4774 qnod
783 4704 898 4758 cometa
919 4707 1038 4777 gyratur
1061 4702 1099 4760 ab
1122 4699 1222 4776 aliquo
1246 4698 1339 4758 sidera
1363 4716 1433 4758 coe-

69 4786 152 4861 lesti,
176 4784 256 4863 quod
277 4801 336 4846 non
359 4788 477 4849 omnino
500 4786 672 4849 adversatur
694 4785 807 4865 Tycho,
827 4787 890 4863 jam
914 4785 944 4848 id
962 4787 1049 4849 simul
1066 4787 1165 4850 etsub
1179 4786 1289 4849 circulo
1304 4787 1432 4849 marimo
