3284 5520
632 361 763 419 chiliadis
780 361 1014 435 Supplsmentum.

644 567 702 627 IX.
725 566 1006 630 PRAEcEPTUhl.

257 680 386 741 Cuilibet
408 684 497 741 arcui
518 699 610 742 suum
632 684 789 758 arripuere
811 681 1046 758 Leporitlrmam
1068 686 1134 742 aaa
1155 701 1268 761 mopno
1289 683 1404 745 labore.

252 801 378 861 Rursum
415 801 462 863 hie
496 800 659 862 subsidium
697 811 814 880 paratur
847 801 996 862 doctrinae
1034 803 1243 880 triangulorum
1277 804 1501 884 sphaericornm,

149 907 213 966 cap.
239 892 265 947 7.
297 888 435 964 traditae,
478 907 531 967 pro
568 891 705 963 curiosis,
747 891 797 966 qui
832 888 1026 966 dedignantur
1061 894 1176 967 operari
1213 910 1278 952 eum
1306 892 1500 968 Logarithmir

147 977 277 1038 rudibus.
316 976 489 1056 Praeceptio
512 978 567 1038 erit
589 977 715 1039 verbosa
738 975 865 1054 quidem,
889 984 921 1036 at
942 992 1000 1036 non
1024 976 1111 1039 valde
1134 982 1307 1055 necessaria,
1332 997 1370 1041 na
1393 988 1503 1042 metuas

149 1065 326 1212 Wlfflin
358 1152 434 1212 enim
464 1153 494 1210 in
522 1150 579 1212 hac
608 1149 741 1211 Chiliade
772 1158 832 1209 tam
860 1166 944 1209 arcus
974 1168 1062 1227 quam
1094 1150 1276 1228 Logarithmi
1310 1153 1509 1239 exhibeantur

146 1238 325 1317 scrupulosi,
357 1249 387 1299 et
414 1239 593 1300 differentiae
623 1240 697 1298 inter
728 1255 812 1297 arcru
843 1236 961 1313 quidem
991 1239 1161 1314 interjectae
1192 1251 1324 1301 crescant
1356 1245 1503 1317 continuo,

147 1329 221 1387 inter
244 1325 448 1402 Logarithmos
477 1343 548 1386 vero
577 1324 761 1399 decrescant,
793 1332 827 1383 ut
856 1327 896 1384 ita
919 1325 1112 1401 nennobique
1136 1337 1253 1387 maneat
1275 1346 1352 1387 unus
1376 1337 1407 1389 et
1429 1330 1504 1391 idam

147 1431 284 1474 numerus
307 1421 456 1474 constans:
480 1413 611 1474 laborem
633 1412 768 1491 equidem
792 1411 870 1472 haud
892 1411 988 1471 levem
1011 1416 1159 1488 sumserit,
1184 1417 1247 1490 qui,
1271 1418 1504 1495 quotiescunque

147 1519 221 1579 opus
251 1502 337 1561 tuerit
359 1500 550 1579 Logarithmo
580 1508 698 1574 exacto,
730 1501 818 1560 toties
846 1498 1090 1577 multiplicatione
1119 1500 1322 1577 scrupulorum
1345 1512 1375 1563 et
1398 1522 1505 1564 secun·

147 1589 248 1649 dorum
272 1606 409 1649 excessus
431 1606 516 1649 arcus
538 1590 567 1647 in
591 1586 783 1649 differentiam
799 1587 1064 1664 Logarithmornm,
1086 1597 1121 1646 ut
1142 1590 1170 1646 in
1194 1606 1346 1649 numerum
1369 1594 1504 1668 apicibus

147 1687 292 1738 carentem
320 1676 441 1754 (diversi
469 1675 582 1736 scilieet
608 1675 737 1752 generis)
765 1684 794 1735 et
821 1692 949 1747 rursum,
983 1675 1052 1735 iacti
1077 1674 1223 1736 divisione
1246 1679 1274 1734 in
1299 1676 1502 1753 differentiam,

146 1782 182 1824 ex
204 1762 349 1841 scropulis
372 1769 400 1824 st
423 1763 559 1823 secundis
582 1768 774 1837 constantem,
800 1764 898 1822 senari
922 1761 995 1821 velit
1015 1771 1128 1838 partem
1150 1764 1410 1840 proportionalem.

250 1850 307 1911 Hic
334 1851 422 1926 igitur
441 1851 547 1928 Jareut
569 1848 749 1926 Logaritbmi
771 1868 802 1908 se
826 1852 919 1926 ipsos,
954 1858 986 1907 ut
1008 1850 1194 1910 contribules.
1241 1850 1313 1911 cum
1336 1870 1408 1912 arcu
1432 1852 1504 1913 chi·

146 1935 241 2011 liadis,
258 1940 307 2013 qui
322 1940 452 2014 proxime
468 1940 561 1997 minor
576 1938 727 2014 proposito
743 1954 811 1996 arcu
826 1935 875 1997 vel
890 1934 999 2013 angulo
1015 1936 1110 2009 tuerit,
1134 1937 1263 1997 suscribo
1278 1937 1502 2016 Logarithmum

145 2033 280 2086 exactum
303 2042 428 2101 eumque
450 2042 549 2084 arcum
572 2024 710 2084 subtrahe
733 2042 752 2083 a
773 2026 933 2102 proposito,
957 2032 985 2083 et
1009 2026 1151 2101 quaesitis
1174 2027 1203 2083 in
1226 2029 1421 2103 sexagenaria
1442 2037 1502 2088 tam

145 2129 265 2172 excessu
287 2114 440 2191 propositi,
463 2130 550 2188 quam
574 2110 736 2172 differentia
758 2113 833 2171 inter
855 2110 929 2169 duos
952 2128 1037 2171 arcus
1052 2110 1204 2185 Chiliadls,
1227 2114 1302 2172 inter
1325 2129 1402 2189 quos
1425 2114 1504 2177 cadit

143 2202 326 2277 propositus,
361 2199 581 2276 Logaritbmum
608 2198 697 2275 hujus
718 2199 827 2259 nuditer
848 2198 953 2258 saltem
976 2207 1143 2275 excerptum
1166 2200 1248 2259 auter
1270 2218 1288 2259 a
1310 2199 1502 2277 Logarithmo

143 2285 208 2345 radi
236 2286 330 2363 illius3
363 2287 512 2347 residuum
535 2287 629 2363 junge
660 2285 850 2362 Logarithmo
879 2284 943 2345 rudi
972 2285 1151 2346 differentiae
1183 2288 1346 2347 vicinorum
1378 2288 1502 2351 duorum

143 2373 407 2451 Logaritbmornm,
430 2375 622 2452 prolongatae
642 2373 804 2434 secundum
826 2380 983 2450 praecepta
1004 2373 1205 2450 praecedentis
1227 2376 1333 2451 capitis
1355 2384 1387 2435 et
1409 2394 1502 2454 quac·

142 2463 218 2522 sitae
239 2464 316 2522 inter
337 2462 506 2523 absolutos:
539 2478 654 2521 summa
676 2470 710 2520 at
736 2460 943 2537 Logarithmus
965 2460 1093 2520 ostendit
1114 2478 1228 2521 rursum
1251 2463 1326 2522 inter
1347 2463 1502 2527 absolutor

143 2566 310 2623 numerum,
343 2552 394 2626 qui
425 2548 592 2609 decurtatus
619 2548 717 2625 prodit
743 2557 856 2626 partem
878 2547 1126 2625 proportionalem
1150 2549 1337 2609 auferendam
1359 2568 1380 2609 a
1402 2551 1501 2630 Log's·

141 2636 247 2696 rithmo
271 2646 373 2697 exacto
396 2654 480 2698 arcus
502 2639 633 2714 proxime
656 2637 776 2695 minoris
799 2637 923 2713 primum
947 2637 1108 2713 exscripto,
1131 2644 1165 2696 ut
1183 2637 1282 2713 justus
1306 2641 1501 2700 constituatur

143 2722 349 2801 Logarithmus
371 2742 456 2784 meus
478 2725 629 2801 propositi.

247 2832 452 2902 Exemplum.
488 2834 569 2900 cupio
593 2834 783 2895 Logarltbmum
801 2848 872 2883 arcus
890 2833 1001 2885 ⁷1⁰40‘
1020 2834 1080 2889 10¹2

299 2907 329 2955 ln
347 2904 463 2955 chiliade
480 2907 581 2955 invenio
599 2906 714 2968 proxime
731 2905 852 2953 minorem
888 2906 932 2957 71.
951 2907 994 2957 07.
1014 2908 1057 2963 21.
1081 2906 1143 2966 Log.
1162 2905 1277 2958 5204.οὅ

736 2992 858 3039 Excessus
877 2993 929 3042 dati
964 2993 990 3043 2‘
1007 2993 1060 3045 49⁰
1088 2994 1149 3054 Log.
1169 2995 1274 3044 305800

497 3063 645 3111 Ditlsrsntia
664 3061 769 3110 duorum
787 3062 814 3109 in
832 3060 945 3112 chiliade
965 3067 1006 3116 10.
1027 3067 1059 3115 57
1086 3065 1149 3124 Log.
1171 3065 1274 3114 170000
1292 3065 1373 3119 rudis.

1002 3153 1138 3202 Bariduum
1176 3155 1289 3207 135800.

245 3241 406 3299 Differentie
430 3242 543 3298 duorum
562 3241 800 3312 Logarithmorum
821 3243 915 3298 10532
938 3244 1113 3315 prolongata,
1139 3253 1170 3301 ut
1192 3245 1407 3313 0051053200.
1431 3248 1500 3303 inter

142 3322 283 3378 absolutos
319 3320 461 3392 quaesita,
498 3321 546 3377 dat
575 3319 780 3388 Logarithmum
815 3321 920 3377 225000
955 3323 1058 3378 rudem.
1107 3325 1186 3379 Adde
1219 3324 1358 3380 residuum
1389 3327 1497 3394 135800,

141 3418 245 3458 summa
264 3402 375 3459 360000.
413 3401 488 3456 llaec
506 3408 537 3457 ut
553 3399 746 3469 Loparithmus
766 3399 885 3454 ostendit
903 3400 974 3457 inter
992 3403 1132 3458 absolutos
1151 3405 1275 3461 272500.
1312 3403 1418 3459 Deletis
1437 3420 1499 3459 vero

141 3479 239 3535 iterum
253 3479 357 3535 duobus
370 3478 481 3547 ultimis,
500 3477 531 3532 fit
544 3494 607 3548 pars
620 3476 833 3546 proportionalis
846 3477 933 3548 2725,
947 3479 1046 3547 quibas
1060 3481 1159 3536 ablatis
1172 3483 1206 3537 ab
1220 3481 1358 3551 exscripto
1374 3484 1497 3551 523455,

141 3566 227 3613 restat
245 3558 358 3614 btcl.tc
375 3556 581 3625 Logarithmus‚
609 3562 739 3623 quautam
763 3555 1005 3623 proportionalitas
1029 3558 1117 3612 locum
1143 3559 1238 3627 babet,
1267 3566 1391 3617 exactus.
1428 3562 1497 3616 iiam

141 3635 230 3705 eapite
248 3637 274 3691 8.
300 3635 418 3690 veriores
445 3643 472 3689 et
496 3635 648 3704 plerunque
675 3631 861 3688 exactissimos
888 3632 1029 3690 docuimus
1055 3637 1193 3706 assignare
1221 3637 1346 3707 sinubus,
1376 3638 1422 3707 qui
1450 3653 1498 3708 per

143 3729 190 3770 ecs
209 3714 265 3770 suis
284 3714 401 3770 arcubus
419 3711 577 3767 transscribi
594 3718 719 3782 possunt.

645 3856 686 3915 X.
709 3854 990 3919 PRAEcEPTUM.

327 3971 463 4030 Vicissim
487 3970 685 4047 Leporitlrmo
707 3970 882 4048 scrupuloso
905 3989 1013 4030 arcum
1036 3989 1128 4031 suum
1150 3974 1315 4050 ossipnore.

244 4092 374 4153 Primum
398 4110 462 4153 cum
486 4093 676 4169 Logarithmo
700 4092 855 4166 chiliadis,
884 4096 933 4168 qai
956 4095 1088 4170 proxime
1110 4094 1204 4170 maj0r
1226 4095 1313 4155 tuerit
1333 4099 1495 4175 proposito,

141 4181 272 4242 exscribe
301 4198 400 4241 arcum
428 4181 631 4258 scrupulosum
662 4196 727 4239 cum
756 4178 916 4239 differentia
939 4183 1082 4257 subjecta.
1128 4181 1211 4241 'lunc
1233 4182 1373 4245 subtrahe
1396 4184 1496 4262 Loga-

139 4269 277 4329 rithmum
306 4270 485 4347 propositum
515 4269 553 4328 ab
584 4269 729 4344 exscripto
759 4269 890 4344 proxime
919 4270 1047 4345 majore,
1080 4286 1232 4328 excessum
1255 4269 1334 4330 illius
1358 4277 1389 4332 et
1410 4270 1496 4333 simul

140 4356 331 4417 differentiam
362 4355 485 4416 duorum
514 4357 542 4413 in
567 4354 699 4415 chiliade
730 4354 872 4432 prolonga
898 4356 1015 4432 aequali
1044 4356 1174 4415 locorum
1203 4373 1338 4434 numero,
1374 4368 1407 4419 ut
1437 4362 1496 4420 sint

139 4452 236 4504 tamen
266 4447 392 4505 minores
422 4446 548 4504 maximo
574 4441 726 4502 chiliadis.
770 4440 820 4501 Sic
851 4445 938 4518 igitur
969 4445 1098 4502 formatis
1127 4446 1163 4503 iis
1194 4451 1224 4504 et
1246 4446 1320 4505 inter
1341 4444 1495 4507 absolutos

140 4533 289 4607 quaesitis,
315 4530 534 4608 Logarithmum
557 4529 645 4605 hujus
669 4531 707 4589 ab
730 4529 811 4588 illins
829 4528 1018 4607 Logarithmo
1042 4533 1132 4605 anter,
1155 4531 1272 4591 residuo
1295 4533 1373 4593 adde
1395 4533 1496 4611 Loga-

139 4619 276 4679 rithmum
298 4618 477 4680 differentiae
499 4635 619 4678 arcuum
642 4619 670 4675 in
693 4620 885 4692 sexagenaria
908 4620 1073 4693 quaesitae,
1105 4623 1148 4678 sic
1169 4619 1372 4680 accumulatur
1392 4620 1494 4699 Loga-

138 4706 263 4766 rithmus
291 4709 380 4785 partis
408 4706 633 4786 proportionalis
662 4722 697 4766 ex
723 4706 916 4781 sexagenaria
943 4705 1043 4766 itidem
1067 4706 1265 4783 excerpendae
1288 4715 1319 4769 et
1340 4707 1494 4770 addendas

139 4796 220 4856 moui
242 4796 395 4871 exscripto.
816 4792 826 4818 ⁸
