3284 5520
632 327 675 383 De
692 326 931 398 Ephemeridibus.
1392 329 1460 399 477

109 501 183 579 lunt,
206 503 260 565 sed
283 506 398 567 uariant
418 505 471 566 illa
492 508 610 567 reversi.
656 506 769 568 Deinde
793 516 1022 568 consentaneum
1045 513 1104 583 est,
1135 508 1197 568 rim
1218 508 1372 586 eclipticae
1393 511 1458 569 exi·

109 592 190 651 niam
213 595 318 668 inesse,
341 602 498 671 propterea
520 593 600 671 quod
625 594 670 654 vel
692 594 743 653 Sol
767 597 847 655 vitas
870 595 955 654 dator
975 594 1057 654 illam
1080 597 1271 674 impraegnat,
1295 595 1459 657 velTellua

109 677 280 739 lomicilium
309 691 441 741 nostrum
469 681 524 739 sub
547 681 600 741 illa
621 681 777 740 invehitur.
822 681 897 743 Tale
922 681 992 757 quid
1016 691 1080 741 esto
1102 684 1192 743 etiam
1214 683 1332 743 Saturni
1356 685 1459 744 ineolis

109 782 155 827 ura
177 767 331 845 ecliptica,
354 771 409 828 sub
433 785 492 844 qua
515 768 627 830 scilicet
648 772 826 829 eccentrieus
849 768 966 829 Saturni
990 769 1153 845 ordinatur,
1186 787 1241 830 nos
1264 769 1315 829 illa
1339 773 1401 843 vis,
1432 774 1459 830 ai

109 871 160 929 pua
189 864 250 930 est,
282 873 338 915 non
371 858 413 915 lta
441 858 554 915 attinet.
600 855 673 915 Cum
703 859 792 931 igitur
820 856 940 917 directio
967 864 1185 934 praesupponat
1212 857 1459 934 eonligurationcs

109 939 234 1015 pdiooas
256 949 286 1002 et
309 943 501 1020 configuratio
524 943 582 1003 duo
606 943 786 1019 configurata
808 948 945 1021 requirat,
970 944 1021 1003 illa
1043 962 1134 1021 penes
1156 963 1209 1005 nos
1230 954 1298 1005 sunt
1314 945 1457 1005 Saturnus

109 1037 129 1087 rt
151 1028 260 1107 aliquis
283 1030 391 1107 gradus
413 1038 531 1090 nostras
554 1029 716 1107 eclipticas.

207 1116 346 1177 Antiseiis
377 1135 432 1194 ego
460 1134 532 1177 sane
555 1134 612 1176 non
636 1120 772 1196 exiguam
798 1119 856 1177 vim
879 1118 1050 1191 tribuerem,
1079 1119 1105 1178 si
1127 1136 1194 1179 cum
1216 1126 1336 1196 aspectu
1362 1127 1458 1179 essent

109 1200 696 1281 61)11616,110οΠ6111001),611
721 1202 825 1278 16οὅ
856 1222 921 1264 cum
947 1203 1003 1266 160
1020 1213 1054 1282 ii,
1079 1215 1131 1266 aut
1150 1204 1232 1279 0οὅ
1263 1202 1456 1289 6111601112

109 1306 137 1350 tu
161 1308 233 1351 vero
256 1295 345 1352 etiam
368 1292 539 1352 intermedia
561 1295 685 1352 antiscia
708 1295 767 1350 vim
789 1292 928 1366 babeant,
951 1311 1009 1353 non
1029 1293 1144 1353 videtur
1159 1293 1367 1370 quaerendum,
1391 1311 1456 1352 cum

109 1376 195 1455 lgura
217 1379 303 1453 absit,
327 1382 409 1439 verbi
433 1397 522 1438 causa
545 1378 670 1453 63οΠ
695 1375 864 1460 1127οὓ
904 1380 955 1439 nst
978 1381 1095 1457 quidem
1119 1383 1148 1439 in
1171 1381 1222 1439 illo
1246 1391 1354 1459 puncto
1377 1381 1458 1439 hori·

109 1467 206 1539 tontis,
231 1466 281 1525 ubi
298 1463 401 1550 0011)),
431 1464 459 1540 ὅ
483 1469 581 1540 611111,
605 1469 754 1544 geminata
776 1468 822 1526 vis
838 1467 973 1546 aphotica
987 1484 1039 1527 seu
1055 1468 1185 1546 patiendi
1199 1476 1334 1545 respectu
1351 1468 1386 1528 0⁰
1400 1463 1456 1553 iu),

109 1554 171 1628 ruia
194 1570 261 1613 eum
284 1562 363 1614 totus
386 1554 506 1614 horizon
530 1554 607 1613 hanc
630 1558 688 1613 vini
703 1554 822 1627 babeat,
846 1556 972 1614 maxime
988 1554 1061 1614 illud
1076 1565 1215 1635 punctum
1231 1555 1329 1627 habet,
1353 1557 1456 1629 inquo

109 1658 159 1699 am
189 1643 285 1701 oriens
314 1642 465 1719 eclipticae
492 1642 600 1717 gradus
627 1660 715 1718 quam
743 1645 926 1703 anaeraticus
953 1645 1052 1701 oritur.
1100 1645 1139 1703 At
1160 1645 1280 1720 planeta
1302 1645 1331 1700 in
1356 1643 1455 1715 3οΠ

109 1737 249 1801 versante,
279 1739 404 1788 nonest
428 1732 455 1785 in
481 1728 537 1787 270
560 1724 600 1809 ἐζ)
625 1729 708 1789 loeus
730 1732 928 1801 anaercticus,
959 1729 1041 1789 nulla
1063 1731 1109 1789 vis
1132 1730 1257 1808 agendi3
1286 1746 1344 1789 non
1368 1732 1458 1806 igitur

109 1812 157 1875 ti⁰
180 1811 221 1896 Θ
246 1814 334 1876 debet
357 1816 444 1876 tribui
468 1819 513 1874 ris
536 1816 617 1889 talis,
650 1817 746 1893 qualis
777 1816 874 1877 sextili
905 1816 951 1876 vel
976 1817 1129 1894 quadrato.
1174 1818 1232 1878 Sed
1256 1817 1344 1877 latius
1368 1818 1457 1877 etiam

109 1904 265 1963 utendum
294 1905 339 1962 vis
367 1904 504 1982 aphetieu
531 1905 736 1979 antisciornm3
766 1906 901 1963 nimirum
929 1906 957 1962 in
982 1906 1133 1981 exemplo,
1163 1908 1189 1965 si
1212 1906 1323 1965 oriatur
1346 1903 1381 1965 3⁰
1405 1906 1455 1979 Π,

109 2008 165 2049 rum
190 1992 283 2050 omnis
306 1990 406 2050 radius
430 1999 495 2068 post
516 1989 616 2063 3⁰11,
640 2008 816 2068 quoeunque
840 1991 999 2052 horizontis
1020 1991 1087 2052 loco
1111 1994 1227 2065 oriatur,
1253 1993 1312 2051 vim
1334 2009 1458 2052 616616-

109 2080 188 2139 icam
211 2077 328 2151 babeat,
351 2080 478 2137 maxime
498 2078 578 2137 illam
594 2079 715 2138 habebit
728 2078 777 2138 ille
792 2079 900 2153 radius,
924 2082 974 2155 qui
991 2079 1029 2138 ab
1045 2081 1145 2155 aliquo
1161 2079 1279 2157 planeta
1295 2082 1324 2138 in
1341 2078 1397 2139 270
1413 2075 1454 2159 Θ

109 2164 189 2239 edit,
214 2169 283 2241 quia
306 2165 353 2225 hic
376 2165 427 2224 illo
451 2166 610 2225 horizontis
633 2166 698 2225 loco
721 2169 820 2240 orittu,
844 2167 894 2225 ubi
912 2175 955 2226 est
971 2165 1078 2242 duplex
1095 2170 1140 2226 vis
1155 2168 1300 2244 aphetlca.
1339 2168 1457 2227 Verun-

109 2270 196 2312 61161
220 2253 293 2312 haec
316 2270 371 2329 ego
394 2270 454 2312 non
476 2273 511 2314 ex
535 2253 721 2330 pleropboria
744 2253 876 2331 disputo,
904 2271 957 2313 nec
980 2263 1013 2313 ut
1035 2257 1209 2314 auctoritate
1232 2272 1298 2313 mea
1320 2256 1456 2330 cuiquam

109 2341 301 2415 tersuadeam,
325 2339 378 2398 sed
401 2342 479 2416 quia,
502 2359 578 2417 quac
601 2342 728 2416 majores
744 2340 780 2399 de
797 2339 1006 2401 directionibus
1021 2341 1212 2414 tradiderunt,
1236 2340 1329 2400 multa
1343 2344 1456 2401 eminus

109 2426 134 2485 rd
157 2435 282 2488 naturae
305 2427 423 2486 modum
447 2426 577 2488 alludere
600 2427 688 2488 video
710 2446 764 2488 nec
787 2427 910 2487 libenter
934 2430 1022 2506 igilur
1044 2429 1160 2504 rejicio,
1190 2446 1228 2489 ne
1256 2429 1306 2487 illa
1329 2429 1456 2504 quidem,

109 2533 174 2592 puae
203 2514 358 2575 conciliare
388 2515 553 2576 omnimode
583 2534 648 2575 curn
675 2524 780 2575 natura
810 2515 940 2574 nondum
969 2533 1106 2593 possnm;
1139 2516 1192 2575 sed
1225 2532 1325 2575 omncs
1350 2518 1456 2577 verisi-

109 2602 277 2663 nilitudiues
300 2603 442 2679 expendo.
480 2603 513 2663 Si
535 2603 572 2663 ad
596 2613 729 2662 naturam
752 2609 882 2680 penetro,
905 2603 980 2664 hene
1002 2603 1109 2677 habot;
1133 2607 1178 2662 sin
1205 2607 1300 2663 minus
1327 2622 1455 2682 possum,

109 2688 170 2751 ides
195 2693 284 2767 igitur
306 2690 475 2765 dogmatum
498 2691 536 2748 sit
559 2708 648 2766 penes
671 2693 809 2766 antiquos
823 2692 989 2766 magistros.
1027 2690 1101 2750 Nam
1125 2692 1266 2769 possibile
1289 2699 1334 2751 est
1356 2692 1457 2768 aliqua

109 2793 167 2839 'era
191 2795 266 2852 esse,
290 2794 412 2852 quorum
436 2795 540 2837 causas
562 2795 599 2836 ne
622 2780 742 2836 minimo
763 2777 880 2854 quidem
897 2781 1026 2856 cogitatu
1041 2780 1150 2855 possim
1166 2780 1292 2855 assequi,
1315 2779 1457 2855 possibile

109 2866 230 2925 icissim
260 2874 320 2940 eat,
348 2882 459 2941 paucas
485 2883 616 2941 gemmas
644 2867 766 2942 aurique
788 2882 881 2941 grana
903 2868 930 2923 in
955 2868 1063 2942 ingenti
1087 2866 1203 2925 cumulo
1228 2866 1339 2925 inutilis
1363 2874 1456 2926 terrae

109 2970 161 3014 sse
184 2952 297 3025 abdita,
321 2954 415 3029 iisque
439 2954 529 3012 erutis
552 2960 582 3012 ct
604 2956 784 3012 conservatis
807 2960 903 3014 cetera
926 2954 1036 3014 utiliter
1057 2954 1148 3029 abjici
1169 2955 1278 3014 omnia.

202 3534 267 3592 ι1611
283 3537 358 3606 ipsas
377 3536 509 3592 adeuntes
527 3536 723 3607 Ephemerides
741 3537 810 3592 haec
828 3537 1034 3606 praemittimus.
1070 3538 1183 3608 Forma,
1209 3553 1264 3607 qna
1285 3536 1453 3605 prodierunt,

109 3624 132 3675 rt
152 3630 206 3681 ea,
232 3629 313 3685 qnam
332 3616 426 3671 dicunt
447 3617 578 3685 ›quarti‹
616 3616 729 3672 Tabulis
746 3617 814 3686 ipsis
831 3619 981 3685 praemissa
999 3624 1042 3671 est
1058 3617 1223 3673 introductio
1242 3615 1276 3670 ad
1295 3614 1455 3684 Ephemeri-

109 3712 156 3753 am
178 3694 244 3749 unni
262 3694 345 3762 1617,
372 3710 442 3762 quae
462 3694 582 3749 excurrit
600 3692 634 3749 ad
655 3694 687 3748 39
706 3694 835 3763 paginas,
861 3693 925 3748 illae
943 3709 1075 3749 annorum
1096 3697 1163 3752 liiii
1182 3702 1209 3750 et
1230 3694 1297 3751 1618
1316 3694 1458 3752 dedicatae

109 3782 160 3832 int
180 3771 343 3842 Imperatori
360 3773 506 3841 Matthiae,
525 3773 573 3826 illa'
591 3773 654 3826 anni
673 3773 741 3828 1620
759 3772 858 3828 Joanni
876 3772 999 3842 Nepero,
1016 3773 1118 3828 Baroni
1135 3771 1334 3829 Merchistonii.
1366 3772 1456 3842 Ephe·

111 3851 216 3911 erides
234 3867 364 3907 annorum
381 3852 553 3909 1621-1628
572 3854 651 3908 simul
669 3853 828 3923 prodierunt
845 3872 917 3910 anno
931 3854 1000 3911 1630
1012 3855 1120 3923 Sagani,
1140 3853 1282 3909 dedicatae
1295 3852 1456 3908 Proceribus

109 3931 300 3991 rehidueatua
312 3930 440 3985 Austriae
458 3933 614 4000 superioris,
633 3933 729 3987 eodem
747 3950 827 3997 anuo,
845 3935 943 3989 iterum
962 3950 1016 3988 uno
1029 3932 1188 4002 complexae
1200 3929 1345 3991 volumine,
1364 3930 1455 4000 Ephe·

109 4010 216 4068 .erides
234 4010 572 4079 11161111629-1636,
592 4011 733 4066 dedicatae
751 4011 958 4068 Wallenstenio.
995 4011 1115 4082 Singulis
1133 4009 1360 4079 Ephemeridibus
1378 4027 1456 4079 prae·

109 4105 170 4147 ne
186 4094 265 4142 sunt:
286 4089 314 4156 1)
333 4103 415 4143 66166
433 4089 611 4157 praecipuae,
640 4088 671 4157 2)
689 4087 771 4142 litera
795 4088 962 4143 dominicalis
986 4096 1014 4144 et
1032 4089 1104 4144 festa
1121 4089 1243 4153 mobilia,
1270 4088 1299 4155 3)
1317 4088 1456 4155 ingressus

109 4169 169 4227 olis
187 4165 312 4233 in-signa
329 4166 486 4235 cardinalia,
505 4169 535 4237 1)
555 4167 701 4237 descriptio
720 4168 871 4237 eclipsinm.

201 4244 325 4299 Tabulae
343 4244 412 4300 baec
429 4245 547 4301 babent:
570 4250 593 4315 1)
611 4247 671 4301 1666
690 4247 861 4315 planetarum
879 4246 1005 4316 omnium,
1025 4246 1096 4301 Solis
1112 4244 1262 4313 Lunaeque
1280 4243 1314 4298 ad
1334 4244 1455 4313 singulos

109 4324 197 4383 renale
218 4324 284 4391 dies,
303 4324 329 4393 2)
349 4324 578 4393 configurationes
596 4326 691 4381 Lunae
709 4343 770 4381 cum
788 4326 906 4397 planetis
925 4332 953 4380 et
970 4323 1044 4391 Sole,
1070 4324 1095 4391 3)
1114 4321 1344 4390 configurationes
1361 4322 1455 4394 plane-

109 4421 185 4464 irum
213 4402 371 4458 inferiorum
396 4412 423 4458 et
442 4404 512 4460 Solis
538 4422 598 4459 cum
622 4405 747 4474 reliquis,
775 4406 801 4472 l)
821 4405 930 4460 easdem
948 4403 1118 4473 planetarum
1136 4401 1307 4470 superiorum
1325 4401 1397 4455 inter
1415 4417 1453 4457 se.

109 4504 124 4541 1
142 4483 268 4551 margine
285 4482 496 4549 Euhemeridum
516 4500 647 4538 annorum
669 4486 744 4553 1617,
763 4484 829 4540 1621
841 4514 874 4522 -
885 4483 952 4539 1629
971 4487 1148 4535 recensentur
1165 4486 1343 4546 tempestates
1361 4479 1454 4546 singu-

109 4578 184 4620 rrum
203 4562 315 4631 dierum,
334 4576 402 4631 quas
415 4561 551 4630 Keplerus
568 4561 626 4629 ipse
640 4559 800 4629 observarit,
819 4559 964 4630 adscriptis
984 4558 1204 4614 observationum
1224 4556 1302 4612 locis.
1334 4557 1365 4610 Ι1
1379 4557 1454 4612 66166

109 4645 232 4714 ejusque
256 4642 337 4697 166161
359 4641 468 4710 (singuli
495 4656 602 4696 menses
628 4639 695 4694 duas
721 4640 834 4710 implent
858 4639 953 4708 iacies)
980 4637 1133 4694 referuntur
1160 4634 1274 4691 effeetus
1299 4636 1454 4705 astrologiei

110 4730 258 4794 specuium
275 4721 491 4790 praecipuorum.

201 4798 234 4855 Iu
252 4801 442 4870 computandis
454 4799 682 4870 Ephemeridibns
700 4812 787 4866 nsque
799 4795 835 4850 ad
846 4810 946 4851 aunum
961 4797 1029 4853 1620
1046 4795 1197 4864 adiutorem
1210 4793 1306 4849 habuit
1318 4790 1454 4861 lieplerus
