3284 5520
525 286 798 359 Epistoiee,liepieri
816 286 986 357 aliorumque
1002 292 1115 343 mutuae

590 460 626 531 Θ
661 462 692 513 0⁰
711 461 755 515 29⁴
774 464 806 518 V
871 464 992 516 Latitudo

598 536 688 597 prs.
728 538 755 589 ο.
774 539 809 595 [1
844 534 875 581 4⁰
892 534 936 584 ‘27‘
953 541 1017 599 sept.

596 600 620 661 B
644 608 688 657 28.
713 608 756 657 14.
773 609 808 665 [1
843 607 870 657 0.
892 610 937 658 41.
956 607 1043 659 merld.

592 670 686 738 2427.
711 676 803 733 aas
845 679 869 729 1.
911 678 936 727 ³.
956 678 1044 730 msrid.

598 742 684 802 625.
709 746 802 803 29154
841 748 867 796 0.
892 748 935 799 59.
954 756 1018 808 sept.

598 813 618 881 ῼ
646 818 688 868 13.
710 820 754 867 29.
776 820 805 873 )(
847 820 871 868 1.
894 814 1019 870 2411111.

596 883 617 947 32
643 887 686 939 27.
713 889 753 937 17.
774 890 803 943 )(
846 890 868 936 1.
893 890 936 940 31.
955 902 1015 935 mer.

592 958 623 1019 gt
644 960 687 1009 12.
710 958 753 1009 et.
771 968 815 1007 ετ.

244 1054 386 1132 Cuperem
410 1056 545 1131 equidem
568 1056 625 1117 boe
647 1057 794 1131 ingenium
819 1072 905 1114 nosse
921 1055 958 1114 ab
975 1056 1110 1115 omnibns
1125 1054 1336 1131 qualitatibus:
1360 1062 1405 1117 est
1418 1056 1479 1115 euin

138 1144 254 1220 genesis
278 1160 376 1202 earum
399 1161 467 1215 una,
492 1145 528 1203 de
551 1138 657 1222 quibu-s
681 1142 754 1202 libro
770 1142 822 1201 IV.
846 1142 1090 1202 Harmonicorum
1106 1144 1203 1220 capite
1220 1150 1248 1201 1.
1271 1144 1386 1220 scripsi.
1423 1142 1480 1203 Sunt

138 1238 276 1306 aspectus
298 1230 419 1306 partiles
442 1234 571 1291 omnium
593 1232 793 1311 pisaurum,
818 1242 847 1290 et
869 1229 922 1289 ilia
944 1245 979 1297 0(
1013 1226 1048 1311 ‘il
1084 1238 1107 1299 (ς
1141 1232 1171 1288 in
1194 1229 1322 1290 confinio
1343 1228 1481 1307 Plejaduu

139 1318 287 1378 hominem
313 1317 433 1377 denotat
454 1320 646 1397 singularium
671 1321 840 1397 opinionum
863 1320 968 1393 suique
991 1318 1117 1391 arbitrii,
1149 1318 1304 1378 confusum
1327 1324 1357 1377 et
1379 1319 1482 1377 intrica-

139 1412 214 1477 tum,
240 1408 268 1462 in
293 1404 480 1481 dogmatibus
503 1416 533 1467 et
553 1408 680 1485 negotiis
703 1414 782 1465 vitae
805 1408 1055 1479 actuosissimum,
1078 1406 1271 1482 suspicacem,
1296 1422 1419 1465 avaram
1440 1406 1483 1465 ite·

138 1510 261 1568 euntque
291 1494 457 1568 profusum,
490 1502 520 1555 et
547 1505 725 1556 secretorum
756 1494 941 1555 consiliorum
970 1501 1000 1552 et
1023 1495 1152 1552 vicissim
1174 1496 1263 1553 etiam
1287 1491 1484 1563 turbulentum,

139 1580 310 1639 seditiosum
333 1598 386 1657 pro
409 1600 439 1640 rc
462 1591 532 1642 nata
555 1592 584 1642 et
607 1583 749 1643 audacem
772 1580 808 1641 ad
832 1583 1025 1640 temeritatem
1047 1597 1150 1655 usqae.
1189 1579 1238 1639 sd
1260 1580 1341 1639 diem
1355 1596 1484 1657 geneseus

139 1669 296 1741 annotavi,
325 1671 425 1727 nescio
455 1687 490 1728 ex
521 1687 580 1746 quo
610 1670 764 1743 historico,
790 1668 957 1729 aeneadas
979 1674 1172 1745 tempestates.
1218 1666 1486 1727 assumsistis

139 1757 204 1832 ipso
226 1762 356 1831 tempore
381 1765 512 1817 versetur
533 1775 585 1833 per
608 1757 795 1827 directionem
819 1760 892 1815 inter
924 1764 946 1824 ὅ
981 1765 1011 1815 et
1035 1750 1072 1835 ‘li
1098 1756 1280 1831 conjunctos,
1303 1772 1364 1813 nou
1387 1758 1505 1825 mirum.

139 1845 162 1899 si
188 1842 367 1917 reipublicae
391 1845 516 1919 negotiis
539 1846 611 1921 ipse,
635 1848 663 1901 in
687 1845 739 1904 tali
759 1843 826 1901 tem
850 1845 1026 1902 constitutus
1042 1848 1182 1919 mutaque
1198 1842 1353 1919 dignitate,
1376 1841 1485 1901 multum

139 1946 171 1988 se
195 1932 334 2003 misceat3
358 1928 430 1987 iliud
455 1932 553 2007 potius
575 1933 690 2005 miram,
711 1932 736 1991 si
758 1948 817 1989 non
841 1928 966 2005 aiicujus
983 1940 1079 1989 motus
1094 1928 1204 2007 publici
1220 1939 1325 1989 auctor
1339 1930 1396 1989 erit
1412 1928 1485 2005 idque

139 2015 196 2075 hoc
219 2018 284 2094 ipso
308 2024 437 2093 tempore
459 2026 527 2094 post
548 2019 622 2078 iliud
645 2018 798 2079 concilium
820 2017 1014 2093 planetarum,
1038 2016 1209 2095 plerumque
1232 2018 1261 2075 in
1277 2016 1381 2075 Tauro
1401 2032 1485 2077 meuse

139 2104 232 2179 Majo.
273 2102 388 2179 Quippe
411 2114 530 2164 secutus
553 2116 597 2166 est
619 2113 733 2165 cometa
747 2123 847 2165 mense
864 2106 999 2179 Augusto
1016 2106 1045 2163 iu
1064 2100 1108 2192 Q
1123 2105 1228 2181 etjam
1244 2104 1303 2163 hoc
1318 2108 1386 2181 ipso
1401 2120 1485 2163 mense

139 2190 299 2250 Novembri
323 2191 456 2251 videmus
479 2193 554 2251 alios
577 2194 650 2254 dnos
673 2202 811 2267 cometas,
836 2192 994 2252 australem
1015 2210 1106 2251 uuum
1130 2195 1159 2250 in
1181 2186 1243 2275 11]),
1270 2192 1342 2263 ἐς,
1368 2193 1425 2271 iii,
1453 2192 1486 2251 sic

140 2286 173 2337 ut
195 2286 284 2355 capnt
307 2279 371 2353 ejus
393 2280 450 2338 sub
473 2280 624 2340 horizonte
642 2290 769 2353 maneat,
793 2280 888 2340 cauda
904 2279 979 2338 ultra
995 2276 1052 2339 40ο
1074 2280 1163 2357 longa
1178 2281 1353 2355 promineat,
1377 2278 1485 2338 alterum

139 2368 215 2423 inter
239 2374 428 2441 aeqrratorenr
453 2376 482 2427 et
505 2370 655 2428 zodiacum
680 2370 708 2425 in
735 2365 790 2428 16υ
815 2370 854 2445 tit,
884 2384 975 2444 prope
998 2366 1129 2427 Lancem
1153 2368 1270 2426 boream
1294 2365 1484 2435 clarissimum,

139 2454 258 2525 flavum,
283 2454 466 2512 snbrutilum.
504 2454 562 2515 Sed
587 2456 698 2525 desino,
723 2457 777 2514 erit
799 2458 875 2513 enim
899 2464 1014 2531 tempus
1033 2454 1118 2531 plura
1133 2454 1279 2523 monendi,
1305 2455 1356 2514 ubi
1373 2470 1420 2513 me
1434 2450 1483 2513 fidit

139 2540 332 2599 relationibus
356 2541 514 2616 adJnveris.
558 2543 643 2602 Vale.
675 2543 769 2601 Linzii
793 2542 939 2615 Austriac,
964 2540 1042 2601 Prid.
1067 2541 1131 2603 cal.
1155 2541 1330 2601 Decembris
1357 2546 1447 2601 1618.

246 2652 371 2699 Blsucbus
389 2654 517 2715 respondit
535 2656 672 2703 Februario
689 2670 773 2703 mense
794 2656 861 2704 1119
880 2659 906 2703 ot
924 2668 1030 2703 errorem
1048 2652 1163 2715 liepleri,
1189 2666 1262 2717 quam
1280 2667 1361 2717 supra
1380 2652 1482 2715 distans,

141 2721 243 2783 corrigit
262 2720 382 2781 („idcireo
406 2724 503 2783 trescio,
530 2724 656 2788 quomodo
680 2725 816 2773 secuuduur
840 2726 911 2772 iilam
935 2726 1036 2784 genesin
1063 2724 1186 2773 senatoris
1203 2722 1294 2772 Veneti
1320 2730 1391 2773 ratus
1415 2722 1482 2781 irretit¹

86 2834 91 2843 .
141 2806 195 2840 esse
214 2789 319 2839 Comitis
339 2792 451 2849 sterant,
471 2808 526 2841 cnm
546 2794 634 2842 Cermee
653 2794 757 2843 Alersni
775 2809 820 2853 ego
840 2796 937 2857 sim.“):
955 2808 1021 2859 quas
1040 2794 1070 2843 ds
1089 2795 1141 2842 vita
1158 2808 1205 2842 sua
1222 2794 1304 2857 deque.
1319 2794 1422 2855 liepieri
1435 2792 1482 2841 tiu

139 2862 225 2909 nrnnla
243 2860 351 2924 profert,
370 2859 488 2922 leguntur
506 2864 555 2912 vol.
574 2866 606 2913 V.
626 2880 650 2927 p.
673 2868 715 2921 68.
735 2866 780 2913 nbi
798 2867 872 2912 etism
893 2872 988 2925 partem
1008 2864 1179 2927 responsionis
1198 2863 1302 2925 Kepieri
1321 2860 1482 2925 dsprslrsutlfl.

141 2930 190 2979 iiia
208 2946 266 2979 vero
285 2946 343 2992 pars
361 2935 530 2993 responsionis
550 2935 589 2981 iris
607 2935 748 2997 supplenda
766 2939 809 2983 est.
846 2934 969 2995 lieplerns
988 2935 1018 2982 sd
1038 2948 1080 2997 aa,
1104 2948 1169 2997 quas
1186 2934 1317 2983 Blsuchus
1336 2934 1387 2994 ,ds
1403 2930 1482 2981 nobili·

140 3006 192 3049 tate
211 3004 271 3049 sus‘·
291 3004 397 3064 superbe
415 3005 542 3068 retulerat,
561 3006 622 3053 haec
638 3009 724 3065 joeoss
742 3006 823 3067 magis
841 3019 915 3068 quam
934 3005 1000 3053 saria
1019 3006 1123 3066 proiert:

247 3087 332 3163 Qnod
358 3098 482 3149 stemma
505 3100 586 3150 tuum
609 3095 789 3163 recensuisti,
813 3092 842 3150 id
865 3094 893 3149 in
919 3092 1050 3152 beneficii
1074 3098 1157 3167 parte
1179 3106 1275 3166 pono:
1297 3090 1395 3149 iecisti
1416 3090 1484 3159 enin,

141 3187 173 3234 ut
195 3176 398 3251 intelligerem,
422 3188 563 3252 quantum
586 3198 642 3254 ego
664 3190 819 3256 patronum
845 3183 872 3236 in
896 3181 946 3238 illa
969 3180 1082 3254 Regina
1097 3179 1212 3238 urbium
1225 3180 1400 3253 provinciae
1415 3176 1485 3237 nobl-

140 3265 269 3322 lissimae
293 3267 441 3339 totiusque
465 3265 540 3325 adeo
564 3269 643 3326 orbis
659 3269 793 3327 habeam.
833 3268 901 3344 ipsa
925 3266 1121 3343 philosophia,
1145 3283 1221 3341 quae
1245 3264 1391 3325 hactenus
1414 3264 1486 3323 rusil-

141 3368 215 3410 cano
238 3350 342 3410 habitu
366 3370 478 3411 mecum
496 3357 733 3425 conversabatur,
758 3364 914 3431 postquam
931 3353 1114 3427 intellexerit,
1138 3354 1176 3412 ad
1192 3362 1323 3428 quantae
1338 3351 1487 3413 nobtttuir

141 3441 235 3496 virum
264 3439 336 3496 milri
363 3440 488 3517 posthae
516 3442 613 3501 iutnra
641 3446 679 3500 sit
707 3444 903 3515 internuncia,
932 3441 1128 3500 honestiorem
1156 3440 1245 3499 hodie
1273 3448 1376 3513 togam
1400 3440 1488 3499 induit

140 3526 289 3583 Excitavit
317 3528 405 3585 etiam
426 3530 544 3604 spiritus
568 3532 596 3586 in
620 3548 666 3589 mo
689 3529 845 3589 nonnullos
868 3530 1030 3605 Imperator
1052 3527 1264 3603 sigismundus.
1311 3528 1362 3587 ste
1386 3530 1489 3587 enims

140 3613 301 3687 majoribus
323 3615 396 3672 meis
411 3614 522 3673 habeo:
546 3619 764 3693 progenitorum
779 3635 909 3677 meorum
925 3634 1013 3674 tenum
1029 3633 1095 3675 cnm
1110 3617 1206 3687 iratre,
1230 3614 1396 3675 Henricum
1411 3616 1490 3683 illum,

141 3700 218 3757 hunc
242 3699 438 3775 tuitiensem,
472 3705 546 3761 inter
568 3704 643 3762 alios
667 3708 715 3779 qui
740 3714 822 3763 erant
845 3707 873 3762 in
897 3706 1039 3763 comitatu
1062 3704 1126 3778 ejus
1148 3704 1262 3778 equites
1284 3702 1405 3761 Suevos
1427 3714 1491 3761 anuo

144 3792 226 3846 1430
251 3786 362 3846 Itomae
391 3790 419 3845 in
443 3798 533 3864 ponte
556 3791 696 3851 'liberino
720 3800 833 3852 creatos
856 3794 977 3867 Equites
1000 3799 1129 3850 auratos.
1174 3791 1282 3849 Verum
1307 3792 1412 3869 inopia
1435 3805 1492 3867 pro·

141 3876 237 3932 ximos
261 3882 328 3933 ante
351 3893 397 3934 me
418 3876 481 3950 jam
504 3898 522 3935 a
546 3888 660 3937 centurn
684 3883 768 3939 annis
792 3880 902 3955 abjecit
925 3882 954 3936 in
969 3885 1161 3937 mere-aterum
1177 3886 1207 3937 et
1223 3876 1363 3953 opificum
1378 3878 1494 3937 humiles

142 3961 271 4033 ordines,
295 3964 395 4037 itaque
420 3963 594 4025 documenta
610 3970 734 4043 primum
748 3969 892 4043 neglecta,
917 3966 1043 4042 deniqne
1059 3967 1168 4025 omissa
1184 3973 1267 4039 suut,
1292 3964 1389 4027 donec
1405 3965 1495 4025 blaxi-

140 4048 341 4197 111Ιέ11υεῖ11.
370 4068 447 4110 anno
474 4060 554 4112 leitil
587 4072 645 4113 avo
669 4073 734 4114 meo
759 4054 992 4114 testificationem
1016 4053 1248 4129 qualemcunque
1271 4052 1495 4128 generalissimis

142 4155 192 4196 ver
214 4140 238 4195 is
259 4146 305 4197 tra
327 4146 397 4199 eret.
796 4148 803 4157 ·

246 4224 304 4284 Sed
335 4225 373 4284 ad
403 4242 472 4284 rem.
520 4227 564 4284 lie.
594 4227 659 4286 loeo
683 4228 784 4287 Lunae
814 4230 842 4285 in
872 4237 923 4288 tua
951 4230 1052 4303 genesi
1081 4228 1135 4285 etsi
1158 4243 1217 4286 non
1240 4244 1316 4303 opus
1341 4245 1408 4288 esse
1431 4236 1496 4305 pute

141 4310 304 4371 subtilitate
327 4312 364 4371 ad
389 4312 577 4387 astrologiam
601 4324 629 4373 et
652 4314 835 4388 directiones,
859 4332 969 4374 morem
993 4324 1089 4373 tamen
1113 4314 1166 4372 tibi
1186 4332 1286 4389 geram
1302 4323 1333 4373 et
1348 4316 1498 4394 scrupulos

142 4400 341 4459 consectabor.
381 4400 476 4475 Quam
500 4401 557 4459 disi
581 4411 758 4461 menstruam
781 4407 988 4479 aequationem
1006 4402 1116 4471 Lunae,
1142 4419 1177 4460 ea
1196 4400 1269 4459 nihii
1285 4404 1395 4461 attinet
1411 4420 1498 4479 nego-

141 4488 215 4543 tium
244 4486 332 4557 titud,
364 4487 444 4562 quod
467 4491 569 4564 scripsi
592 4493 620 4545 in
644 4489 746 4566 eclipsi
770 4494 837 4549 anni
865 4494 946 4551 1598
970 4489 1222 4549 animadversum:
1255 4488 1307 4547 illa
1330 4492 1410 4548 enim
1434 4500 1501 4549 nota

142 4572 198 4630 init
219 4576 306 4632 ctiam
323 4574 494 4635 Ptolemaeo
518 4575 680 4651 diciturque
704 4600 873 4654 apmnsvmg
887 4576 1049 4649 duramina,
1073 4594 1139 4636 curn
1161 4575 1227 4650 hoc,
1251 4575 1332 4650 quod
1356 4579 1385 4635 iu
1411 4578 1501 4656 eclip-

142 4660 224 4718 sibus
248 4662 382 4733 observo,
406 4666 444 4721 sit
466 4661 537 4721 nilril
561 4664 640 4723 aliud
665 4683 753 4741 quam
776 4667 914 4741 aequatio
938 4666 1085 4742 temporis.
1122 4664 1208 4734 Nam,
1228 4665 1284 4721 nisi
1299 4662 1396 4739 fallor,
1422 4683 1503 4726 com·

143 4751 247 4823 putavi
271 4767 326 4826 ego
351 4749 389 4811 ad
413 4751 515 4811 boram
531 4758 560 4811 3.
578 4752 629 4811 ta‘
651 4752 805 4830 aequalem
821 4754 963 4829 Venetiis,
987 4752 1067 4829 qaod
1082 4759 1160 4812 esset
1175 4750 1212 4810 ad
1229 4751 1257 4811 b.
1274 4756 1304 4811 8.
1323 4755 1378 4813 bii‘
1394 4750 1505 4815 Urani-
