3284 5520
149 306 214 375 820
503 300 546 357 De
564 302 738 373 septuaginta
755 298 968 357 hebdomadibus
985 299 1015 355 iu
1031 296 1155 354 Daniele.

167 520 170 525 -
255 475 290 563 8)
312 478 451 557 Ejusdem
483 487 527 539 est
549 489 579 539 et
607 478 663 539 hoc
694 481 920 551 aestimationis,
945 478 1025 556 quod
1051 477 1126 538 Nsh.
1152 477 1181 539 8.
1204 474 1346 533 scribitur
1368 470 1503 530 resumtis

149 572 215 632 sesti
238 567 501 641 tabernaculorum,
526 567 604 643 quod
628 569 677 625 vix
700 577 745 627 est
768 567 921 638 credibile,
945 569 1069 643 primum
1092 565 1146 624 sub
1168 562 1314 622 Nehemia
1338 566 1495 618 resumtum

149 658 227 735 Ergo
250 656 305 715 hoc
328 663 416 732 caput
439 663 484 714 est
507 672 574 731 pars
597 653 662 713 libri
686 655 709 713 1.
735 655 853 715 Esdrae.

256 740 287 823 9)
309 742 467 802 Manifesta
487 751 531 801 est
546 745 687 802 corrrrcxio
702 743 776 802 h'eln
797 750 835 802 10
853 760 918 802 cnm
938 750 963 801 1.
980 740 1049 801 Esd.
1067 757 1129 817 cap.
1146 739 1260 809 ultimo,
1284 736 1359 811 quia
1374 734 1504 808 utrinque

149 833 246 907 agitur
269 830 303 889 de
324 829 497 888 derinrendie
519 832 662 888 extrancis
686 831 839 908 conjugiis.
884 831 1019 906 Denique
1039 826 1205 903 manipulus
1228 828 1344 899 integer
1363 821 1505 879 variarmn

149 917 245 994 legum
269 919 308 976 ibi
332 920 508 990 continetur,
541 934 662 992 quarum
685 918 795 976 nullam
818 916 974 977 verisimile
1003 926 1047 975 est
1069 916 1124 975 sub
1146 913 1291 974 Nebemia
1315 909 1435 969 denium
1462 910 1505 965 iu-

148 1014 318 1065 stauratam.
364 1005 440 1078 Ergo
458 1006 575 1063 omnino
590 1003 690 1081 aliqua
706 1015 750 1064 111
773 1006 905 1065 conlusio
929 1015 958 1064 et
980 1001 1196 1080 transponenda
1217 1000 1329 1059 haeed
1356 998 1455 1073 capita
1469 993 1504 1053 ad

147 1092 234 1152 linem
255 1092 321 1151 libri
344 1094 438 1169 primi.

255 1178 306 1258 10)
328 1179 352 1237 E
375 1179 518 1238 contrario
542 1180 696 1238 manifesta
719 1188 764 1238 est
792 1182 938 1255 separatio
961 1181 1065 1255 capitis
1087 1177 1175 1253 hujus
1205 1176 1284 1236 1111
1317 1171 1464 1233 Nebemia
1488 1186 1505 1225 a

148 1272 278 1342 111113,
302 1266 381 1343 quod
409 1269 534 1344 pertinet
556 1266 592 1324 ad
616 1267 766 1325 historiam
787 1267 945 1326 Nebemiee
968 1267 1096 1325 indubie.
1140 1264 1215 1323 Nam
1239 1265 1264 1321 si
1287 1278 1356 1338 cap.
1381 1262 1400 1319 9
1426 1277 1452 1314 s.
1478 1263 1504 1314 ‘2-

148 1366 356 1429 seperaverunt
383 1354 562 1429 alienigenas
585 1374 604 1412 1
626 1372 673 1427 11,
705 1354 851 1430 quomodo
875 1372 940 1431 cup.
967 1360 1014 1414 13.
1043 1351 1158 1412 demum
1186 1362 1215 1411 et
1239 1352 1288 1407 vix
1313 1349 1420 1425 paucis
1442 1355 1504 1420 post

149 1439 251 1499 diebus
281 1459 315 1499 ex
345 1442 409 1517 lege
437 1444 521 1517 quusi
550 1459 658 1499 norum
689 1441 801 1517 aliquid
830 1443 968 1513 audiunt,
997 1439 1175 1517 separandos
1197 1434 1407 1513 alienigenas?
1444 1429 1504 1492 lmo

148 1537 264 1604 oportet
286 1530 483 1588 intercessisse
507 1539 620 1604 tempus
642 1527 756 1604 aliqnot
777 1546 927 1603 asinorum,
944 1529 1041 1604 quoad
1064 1545 1177 1587 rursum
1194 1533 1295 1606 eontra
1311 1523 1390 1582 haue
1413 1521 1504 1596 legem

148 1624 316 1691 peccarent,
348 1618 423 1675 sieut
453 1619 541 1674 etium
573 1633 710 1675 successu
740 1618 878 1692 temporis
909 1626 1010 1676 eontra
1040 1616 1134 1690 legem
1162 1614 1198 1674 de
1226 1613 1375 1688 conjugiis
1399 1625 1504 1685 peeca-

147 1712 223 1766 runt.
268 1703 314 1761 Ad
337 1705 486 1762 minimum
509 1702 576 1762 hinc
598 1706 738 1779 sequitur,
762 1705 880 1763 confuse
903 1706 1041 1780 seriptum
1063 1702 1223 1762 Nebemiee
1246 1699 1364 1758 librum.

257 1788 307 1869 11)
330 1790 361 1849 Si
385 1808 473 1866 quam
496 1790 583 1850 tidem
605 1801 730 1850 meretur
752 1791 826 1851 liber
849 1797 878 1851 3.
906 1791 1031 1860 Esdrae,
1063 1789 1111 1849 ille
1135 1792 1253 1848 omnino
1277 1789 1308 1843 in
1332 1784 1502 1861 repetitione

148 1879 277 1937 annectit
305 1885 332 1938 2.
356 1878 426 1936 Esd.
444 1880 473 1937 8.
497 1881 584 1952 capiti
606 1884 642 1936 10
666 1878 717 1935 lib.
735 1878 757 1940 l.
803 1880 934 1953 Cumque
958 1879 1114 1938 viderimus
1134 1874 1344 1953 praecedentes
1367 1873 1502 1943 rationes,

144 1964 207 2039 jam
230 1981 316 2041 porro
347 1975 376 2024 et
407 1965 480 2024 haee
511 1968 585 2023 ratio
613 1965 681 2023 inde
712 1964 827 2041 pondus
857 1965 968 2042 aliquid
1000 1967 1133 2041 acquirit.
1178 1964 1290 2039 Nempe
1321 1960 1432 2036 aliquia
1459 1974 1502 2016 me

147 2054 226 2129 prior
255 2051 311 2112 hoc
341 2052 560 2127 animadvertit,
590 2061 680 2129 utque
711 2052 767 2112 lroc
798 2055 965 2129 corrigeret,
998 2054 1102 2111 librum
1128 2057 1157 2112 3.
1182 2052 1291 2110 Esdrac
1320 2048 1453 2124 scripsit,
1474 2047 1501 2103 in

149 2155 208 2214 quo
231 2137 288 2198 hoc
310 2139 427 2215 quidem
451 2149 602 2199 assecutus
626 2149 686 2214 est,
710 2139 761 2200 sed
786 2143 814 2198 in
838 2141 904 2200 aliis
927 2148 956 2199 11
978 2142 1039 2216 ipse
1062 2141 1205 2216 peccavit.

255 2226 401 2305 12)11111
436 2229 523 2286 etiam
558 2229 633 2286 ratio
664 2228 812 2286 titulorum
846 2230 874 2284 in
905 2227 950 2287 his
981 2227 1061 2286 libris
1091 2226 1190 2286 haberi
1218 2233 1326 2302 potest.
1373 2222 1450 2282 Nam
1472 2224 1499 2279 1.

148 2311 265 2388 quidem
296 2313 410 2373 titulum
434 2314 544 2373 Esdrae
571 2318 644 2390 gerit
666 2332 716 2391 per
746 2315 895 2389 accidens,
920 2317 990 2391 quia
1012 2331 1053 2373 sc.
1077 2314 1177 2390 aliqua
1209 2312 1244 2372 de
1268 2311 1361 2371 Esdra
1395 2311 1435 2370 ibi
1459 2308 1500 2379 la·

147 2408 267 2474 guntur,
297 2418 373 2478 quae
402 2402 516 2461 luerunt
545 2403 573 2459 in
597 2402 702 2461 librum
729 2408 756 2463 1.
781 2401 942 2463 inserenda.
987 2401 1046 2461 Sed
1068 2404 1212 2478 genuinus
1242 2400 1307 2476 ejus
1332 2397 1436 2458 titulus
1459 2406 1501 2456 est

147 2488 181 2560 is,
206 2490 255 2563 qui
278 2489 446 2565 praefigitur
468 2506 532 2565 cap.
560 2496 587 2559 1,
613 2509 640 2549 v.
667 2496 695 2550 1.
721 2491 830 2565 „verba
853 2489 1044 2559 Nebemiae“,
1068 2506 1154 2564 quem
1181 2491 1269 2547 etiarn
1293 2485 1392 2546 adhuc
1417 2484 1500 2544 hodie

146 2576 280 2633 retinent.
325 2575 441 2635 Tertius
471 2593 540 2634 vero
564 2576 673 2636 Esdrae
697 2576 762 2637 ideo
785 2577 841 2636 hoc
864 2595 968 2637 nornen
999 2578 1086 2652 gerit,
1111 2579 1181 2652 quia
1204 2584 1250 2636 est
1271 2576 1356 2649 quasi
1380 2572 1500 2649 supple-

146 2672 293 2733 mentum,
322 2663 368 2722 vel
396 2672 428 2722 ut
457 2680 547 2739 supra
577 2663 636 2722 dixi
659 2664 787 2740 Paralip.
813 2666 859 2724 vel
883 2662 1085 2741 ineruptionem
1107 2663 1244 2724 librorum
1268 2662 1393 2721 duorum
1417 2678 1499 2738 prae-

147 2748 321 2809 cedentium.
367 2749 424 2810 Sic.
450 2750 593 2810 2.Μ111.
619 2750 694 2810 idem
719 2753 859 2824 eontinet,
884 2751 962 2828 quod
985 2740 1059 2812 liber
1084 2758 1111 2810 1.

254 2838 305 2911 13)
329 2837 396 2897 Η11
425 2837 554 2909 aceedit,
579 2838 656 2915 quod
680 2839 727 2897 hio
752 2845 780 2898 3.
805 2840 878 2898 liber
907 2838 1047 2916 pleraque
1077 2840 1162 2914 primi
1189 2839 1311 2913 repetit,
1336 2835 1413 2895 nihil
1434 2850 1500 2895 vero

148 2940 183 2982 cx
207 2924 336 2983 seeundo
359 2925 450 3000 affert,
474 2934 590 3000 praeter
612 2925 668 2984 hoc
691 2929 787 3003 ipsum
810 2936 851 2986 ex'
868 2925 918 2986 lib.
936 2932 965 2985 2.
990 2944 1014 2986 1.
1030 2931 1064 2985 8:
1090 2925 1165 2986 unde
1188 2941 1302 2984 rursum
1325 2922 1499 2999 colligimus,

146 3008 202 3069 hoc
225 3010 276 3071 lib.
300 3012 341 3088 ll,
364 3018 393 3072 8.
418 3015 561 3087 pertinere
584 3012 621 3071 ad
645 3014 694 3073 lib.
719 3013 742 3071 1.

249 3098 286 3157 Ε1
309 3099 443 3173 quidem,
467 3098 545 3174 quod
569 3100 764 3158 conclusionis
787 3099 853 3160 loco
877 3084 932 3159 diei
956 3110 1068 3179 potest,
1093 3118 1156 3175 cap.
1184 3107 1232 3159 11.
1256 3099 1308 3159 lib.
1332 3100 1372 3160 Il.
1398 3101 1432 3158 fit
1455 3117 1499 3157 re-

146 3182 224 3242 ditus
248 3185 285 3243 ad
309 3205 397 3262 supra
419 3204 590 3262 suspensum
615 3188 781 3261 historia'm,
806 3197 835 3247 et
857 3187 945 3264 paulo
975 3197 1042 3267 post
1064 3188 1172 3247 reditus
1197 3190 1283 3246 etiam
1315 3187 1499 3246 adeundam

144 3290 298 3348 personam
321 3277 458 3349 primam,
483 3275 531 3331 ubi
556 3292 668 3332 rursum
697 3275 831 3333 audimus
852 3276 1023 3335 Nelremiam
1054 3276 1220 3350 loquentem
1245 3274 1279 3334 de
1302 3292 1345 3334 se.
1392 3275 1499 3335 Verum

146 3368 179 3417 ut
201 3360 353 3419 redeamus
376 3361 413 3419 ad
438 3362 634 3436 conjecturas,
659 3365 766 3437 quibus
789 3364 941 3440 probatur,
975 3363 1173 3422 confusionem
1204 3361 1334 3438 aliquam
1358 3363 1499 3422 accidisse

144 3448 175 3503 in
197 3446 254 3506 hoc
277 3448 350 3506 libro
373 3449 531 3508 Nebemiee
555 3452 699 3526 capitibus
723 3451 942 3525 posterioribus,
967 3460 1010 3509 111
1033 3450 1105 3508 hacc

251 3533 301 3612 14)
325 3535 402 3611 quod
419 3554 483 3612 cap.
504 3545 550 3608 11,
568 3540 615 3596 ubi
640 3538 732 3596 redire
757 3537 871 3596 videtur
893 3537 930 3595 ad
954 3536 1042 3596 telam
1065 3537 1213 3608 historiae,
1237 3539 1372 3612 superius
1389 3554 1455 3613 cup.
1474 3546 1498 3596 1.

143 3637 331 3696 suspensum,
364 3630 460 3682 tumen
492 3624 634 3698 ejusmodi
666 3625 764 3696 affert,
797 3643 872 3700 quae
902 3628 996 3701 magis
1027 3624 1162 3683 videntur
1191 3623 1267 3682 alius
1298 3642 1378 3696 esse,
1413 3644 1499 3701 quam

143 3706 312 3768 Nebemiee.
357 3710 432 3768 Nam
455 3727 512 3768 non
537 3711 620 3783 dicit,
645 3729 788 3786 quosnam
810 3731 845 3770 ex
869 3712 939 3783 11111,
964 3714 1013 3787 qui
1037 3711 1189 3782 redierunt,
1214 3713 1269 3786 ipsi
1292 3711 1424 3786 elegerit,
1449 3713 1498 3772 sed

145 3798 264 3870 quinam
288 3815 306 3854 a
329 3798 438 3871 populo
462 3797 546 3856 111111
570 3802 641 3869 1111,
667 3809 698 3856 11
726 3802 755 3855 11
779 3798 946 3859 Jerusalem
969 3799 1149 3871 habitarent,
1182 3816 1276 3874 neque
1306 3808 1422 3858 tantum
1445 3799 1499 3859 Je-

141 3883 371 3959 rosolymarum,
405 3884 457 3943 sed
491 3887 578 3943 etiarn
612 3886 786 3961 reliquarum
821 3889 971 3945 civitatum
1004 3885 1182 3944 habitatores
1214 3887 1241 3942 in
1279 3885 1335 3945 line
1359 3896 1498 3946 recenset.

143 3965 227 4029 Unde
244 3974 373 4047 suspicio
398 3980 450 4043 est,
467 3972 524 4029 lroe
547 3975 658 4030 initium
675 3991 739 4048 eali.
760 3980 807 4034 11.
831 3973 1051 4049 intelligendum
1075 3973 1110 4031 de
1133 3974 1231 4049 primis
1248 3971 1498 4034 Jerusalemsrnm

142 4054 365 4131 habitatoribus,
390 4076 446 4118 non
471 4058 507 4117 de
531 4060 733 4136 supplemento
756 4061 813 4120 lroe
828 4060 996 4135 Nebemiee,
1019 4062 1088 4136 quia
1111 4078 1259 4136 uunquam
1283 4067 1352 4136 post
1373 4060 1499 4121 reditum

141 4143 209 4202 urbs
233 4145 320 4222 plane
342 4163 437 4205 vacua
460 4148 522 4204 init.
902 4200 905 4206 .

248 4231 331 4291 Adde
357 4235 413 4311 11)
444 4234 564 4308 quoda
589 4253 614 4291 v.
642 4234 788 4294 1111111
816 4234 853 4293 ad
878 4238 998 4296 verbnm
1021 4236 1125 4311 repetit
1152 4253 1188 4294 ex
1211 4252 1274 4311 cup.
1300 4240 1318 4294 9
1345 4236 1498 4312 usquead

141 4336 170 4376 v.
199 4320 235 4377 19
260 4317 397 4395 Paralip,
422 4339 509 4397 quem
542 4312 708 4379 existimant
735 4323 772 4380 ab
797 4322 889 4381 Esdra
917 4327 1066 4400 scripturn.
1111 4324 1258 4382 Fortassis
1290 4323 1379 4398 igitur
1412 4327 1498 4383 etiam

140 4403 197 4463 hoe
224 4412 271 4464 11.
297 4416 385 4483 eaput
414 4417 457 4466 est
481 4408 590 4466 Esdrae
615 4408 807 4468 tribuendum.
853 4408 936 4470 Hace
959 4414 1057 4487 opinio
1081 4419 1162 4469 tanto
1186 4412 1278 4485 magis
1301 4411 1498 4483 confirmatur,

141 4492 219 4566 quod
252 4495 306 4567 16)
329 4495 436 4554 Esdras
459 4495 688 4555 Nethinaeorum
718 4505 747 4555 ot
775 4514 923 4556 servorum
948 4498 1112 4557 Salomonis
1135 4498 1266 4556 meminit
1288 4514 1352 4574 cap.
1379 4505 1410 4558 2.
1442 4498 1497 4557 Hic

141 4595 204 4654 cup.
232 4581 378 4643 1111111.
403 4584 623 4642 111111111111
654 4586 761 4642 cisium
785 4585 863 4642 urbis
887 4585 1006 4645 eaedem
1035 4585 1164 4645 familiae
1192 4592 1372 4660 repetuntur.
1421 4584 1498 4661 Quid

137 4665 162 4722 si
187 4668 275 4741 igitur
297 4668 453 4728 Nelremias
481 4670 554 4729 haee
576 4669 673 4729 adhuc
696 4689 731 4730 ex
762 4672 862 4747 aliquo
887 4676 1093 4732 commentario
1118 4672 1291 4732 recenseat?
1338 4674 1438 4749 Atque
1461 4691 1496 4732 en

137 4767 198 4811 rem
220 4756 418 4832 manifestam,
441 4757 562 4832 111113,
587 4764 637 4833 26,
662 4774 728 4817 cum
752 4759 872 4842 eisdam
895 4762 1089 4838 inciperentur
1111 4759 1259 4821 aedificari
1282 4763 1367 4841 muri,
1390 4760 1496 4823 Nothi·
