3284 5520
492 344 534 400 Ad
551 343 648 399 librum
666 344 701 399 ll.
721 343 934 412 Anti-Trebouia
952 359 1014 415 cap.
1036 347 1077 403 tl.
1100 348 1139 402 tir.
1429 348 1494 417 197

140 528 228 587 sumit
251 527 394 585 usitatum
416 524 695 584 demonstrationum
717 523 813 596 robur,
837 526 878 583 sic
895 523 1109 585 claromontius
1132 523 1206 583 redit
1226 524 1262 583 ad
1279 524 1409 587 elumbes
1423 544 1493 588 suas

140 614 357 674 assultationes.

244 704 274 758 2.
304 700 418 778 Tycbo,
442 716 507 759 cum
531 716 566 758 ex
590 697 736 756 distantiis
759 705 889 758 cometae
904 717 922 758 a
937 697 1029 759 stellis
1045 702 1216 777 opportunis
1232 700 1380 759 elicuisset
1393 717 1494 760 comc-

139 797 185 848 tac
213 788 428 864 longitudinem
459 795 488 846 et
515 785 698 845 latitudinem
728 785 798 844 tollo
826 803 880 845 suo
905 788 962 858 dd,
993 805 1028 847 ex
1052 787 1097 844 lris
1121 786 1344 847 declinationem
1366 786 1417 846 tol.
1443 792 1492 846 71.

139 876 175 934 ad
199 875 304 934 horam
323 877 351 945 s,
372 876 433 950 jum
458 874 507 932 tol.
530 875 598 932 135.
625 881 831 931 commemorat
855 877 941 932 etiarn
966 875 1186 934 observationes
1210 874 1348 934 aztmuthi
1372 882 1401 933 et
1423 874 1494 933 alti-

139 961 249 1022 tudinis
272 963 309 1022 ad
333 963 433 1021 lroram
452 963 479 1019 5.
497 960 558 1018 28‘.
597 960 717 1019 Summa
741 960 995 1020 demonstrationis
1010 962 1159 1037 'l'ycbonis
1183 971 1227 1020 cst
1249 962 1331 1021 haec.
1371 960 1493 1022 Cometa

138 1053 165 1107 in
190 1049 315 1108 dirersis
338 1047 470 1124 ejusdcm
493 1046 550 1105 diei
574 1046 729 1105 aziruutlris
750 1056 779 1106 st
795 1047 999 1107 altitudinibus
1016 1066 1072 1107 non
1090 1056 1134 1108 est
1150 1049 1347 1125 deprehensus
1363 1051 1492 1108 variasse

138 1136 365 1197 declinationem
393 1138 485 1194 visam
515 1134 581 1209 plus
609 1152 696 1210 qurum
720 1136 748 1190 in
773 1137 959 1210 proportione
983 1145 1079 1195 motus
1101 1135 1216 1195 horarii.
1263 1137 1390 1194 Primum
1415 1139 1491 1195 enim

138 1226 310 1284 observarit
331 1223 434 1300 Tyclro
465 1222 595 1281 diversas
618 1219 786 1280 altitudines
811 1222 876 1294 OE,
907 1223 960 1281 DF
985 1226 1153 1299 invenitque
1178 1241 1276 1282 earnm
1301 1222 1492 1283 differentiam

141 1308 195 1370 17⁰
219 1311 260 1371 6¹.
306 1310 420 1370 Deinde
443 1312 625 1384 computavit
649 1308 764 1367 easdem
788 1309 967 1379 altitudines,
992 1310 1050 1382 ΟΒ,
1076 1311 1128 1368 DF
1152 1328 1203 1386 per
1226 1309 1375 1370 aeimutlra
1399 1310 1491 1383 Han,

138 1398 231 1472 Han,
255 1399 342 1459 simul
367 1398 523 1457 observata
546 1394 623 1454 boris
649 1398 676 1455 5.
701 1400 752 1454 26‘
775 1403 803 1454 et
828 1400 853 1456 7.
879 1397 939 1470 54¹,
967 1404 996 1456 et
1017 1415 1069 1474 per
1092 1397 1315 1458 declinationem
1339 1396 1399 1471 BC,
1423 1398 1489 1471 BD,

138 1487 326 1546 observatam
350 1483 467 1562 quidem
490 1482 526 1542 ad
543 1482 645 1542 horam
662 1485 690 1555 s,
716 1498 767 1542 ae·

138 1573 356 1633 commodatam
390 1588 460 1630 vero
493 1587 545 1647 per
577 1578 766 1646 augmentum
1102 1570 1155 1630 rig.
1175 1573 1200 1619 o.

138 1661 287 1720 buranum
301 1660 338 1720 ad
354 1665 502 1718 momenta
516 1661 702 1735 praescripta,
719 1659 767 1713 in·
1106 1673 1132 1719 a

139 1750 278 1823 uenitque
298 1765 396 1808 earnm
419 1744 605 1805 altitudinum
629 1743 765 1803 differen-
1066 1752 1110 1871 s
1307 1761 1328 1807 Β

139 1838 209 1893 tiam
227 1832 285 1893 170
301 1835 339 1894 9¹.
372 1833 473 1893 Tertio
496 1836 651 1909 supposuit
665 1831 764 1907 paral-

138 1922 214 1980 laxin
238 1920 394 1999 aequalem
420 1919 514 1978 lunari
544 1928 573 1978 et
594 1920 636 1979 sic
659 1921 763 1977 iterato

138 2012 322 2086 computavit
344 2006 513 2067 altitudines
536 2006 602 2079 cll,
635 2006 687 2064 DF
718 2009 764 2063 in-

139 2100 292 2174 venitque,
322 2113 406 2155 seras
429 2104 498 2153 tune
520 2092 688 2152 altitudines
712 2092 764 2151 de-

139 2185 236 2244 buisse
260 2184 373 2244 differre
396 2199 446 2259 per
471 2178 525 2240 160
546 2182 605 2239 57¹.
653 2181 695 2238 Ex
718 2179 764 2238 bis

140 2289 222 2347 porro
248 2270 418 2331 differentiis
433 2268 629 2344 conjecturam
644 2268 713 2326 lecit
729 2266 764 2326 de

142 2358 292 2434 parallaxi,
316 2360 506 2431 aicargaeus,
531 2353 765 2415 haecaaimutlra
819 2369 841 2411 n
984 2367 1004 2412 n
1066 2368 1086 2410 r
1459 2368 1475 2409 1

144 2454 170 2505 et
188 2446 246 2506 bae
269 2444 480 2504 declinationes
498 2445 562 2502 sine
577 2440 694 2518 quidem
710 2459 765 2517 pa·

143 2533 240 2592 rallaxi
264 2533 377 2592 iaciunt
399 2530 589 2590 differentiam
612 2528 798 2588 altitudinum
823 2549 953 2591 verarum
977 2534 1129 2608 aequalem
1153 2535 1212 2593 lere
1229 2532 1409 2591 differentiae
1425 2528 1495 2590 alti-

146 2619 270 2679 tudinum
295 2622 438 2691 viaarum,
468 2626 496 2676 ut
522 2634 588 2675 cnm
610 2616 751 2693 parallaxl
776 2618 869 2678 lunari
893 2619 1002 2678 iaciunt
1026 2620 1215 2680 differentiam
1240 2623 1368 2679 visarum
1390 2635 1442 2695 per
1466 2618 1495 2678 9‘

146 2708 289 2783 majorem,
314 2724 402 2782 quam
424 2722 566 2764 veranum.
617 2703 648 2763 Si
670 2705 759 2779 igitur
782 2707 1000 2765 observaturum
1024 2726 1076 2785 per
1098 2710 1292 2769 instrumenta
1307 2704 1494 2765 altitudinum

148 2793 302 2855 differentia
326 2794 428 2852 luisset
453 2792 561 2867 major,
592 2808 679 2866 quam
708 2790 870 2852 differentia
899 2804 1130 2871 computaturum
1150 2798 1212 2854 sine
1238 2792 1394 2872 parallaxi,
1427 2800 1496 2852 tunc

149 2891 309 2957 argueretur
332 2888 446 2940 cometa
468 2878 629 2954 parallaxin
653 2877 781 2952 aliqrram
805 2881 924 2953 secisse,
955 2890 985 2941 at
1008 2901 1066 2942 non
1090 2890 1202 2941 tanturn
1224 2897 1285 2940 non
1307 2879 1413 2954 major,
1443 2879 1494 2938 sed

150 2970 257 3048 insuper
286 2970 374 3028 etiam
403 2968 496 3025 minor
524 2974 568 3025 est
598 2965 817 3041 animadversa,
850 2968 962 3028 scilicet
995 2966 1050 3029 17⁰
1074 2974 1112 3029 6‘.
1158 2970 1235 3046 Ergo
1265 2966 1351 3045 plane
1381 2965 1494 3026 nullum

151 3054 366 3135 deprehenditur
388 3054 545 3129 vestigium
568 3052 762 3128 parallaxeos.
1400 3112 1403 3117 ,

245 3145 274 3202 3.
314 3142 482 3201 Notandum
505 3148 550 3199 est
570 3140 627 3211 bic,
651 3140 730 3217 qtrod
754 3145 1001 3218 computationem
1026 3152 1180 3220 utramque
1202 3140 1383 3220 ingrediatur
1397 3139 1492 3200 decli-

150 3234 218 3291 natio
243 3231 411 3303 obeervata,
436 3232 463 3286 iu
487 3230 580 3304 prima
602 3234 715 3286 tuntum
738 3230 995 3305 proportionaliter
1018 3240 1114 3305 sueta,
1138 3234 1166 3289 in
1190 3229 1320 3290 secunda
1338 3230 1426 3287 etiam
1442 3245 1495 3304 per

150 3317 302 3392 parallaxin
325 3317 505 3376 tormentata.
544 3316 581 3373 Et
603 3317 673 3390 quia
695 3317 724 3371 in
748 3319 843 3392 priore
866 3317 940 3377 haec
964 3317 1217 3395 proportionaliter
1233 3324 1321 3376 aucta
1336 3314 1493 3374 declinatio

151 3412 270 3479 praestat
292 3402 462 3464 altitudines
486 3403 665 3471 observatas,
690 3420 759 3478 ergo
782 3404 883 3479 procul
906 3403 995 3464 dubio
1018 3406 1071 3464 tuit
1086 3406 1137 3464 illa
1153 3406 1225 3482 ipsa,
1250 3420 1325 3479 qrrae
1341 3410 1371 3460 et
1384 3403 1493 3461 instru-

150 3495 243 3552 nentia
267 3491 371 3550 luisset
395 3492 551 3550 observata
574 3506 625 3565 per
648 3490 800 3549 distantias
824 3510 842 3549 a
864 3491 943 3565 lixis,
976 3495 1001 3551 si
1030 3511 1082 3552 eac
1106 3493 1262 3552 distantiae
1286 3489 1323 3548 ad
1347 3496 1493 3548 momenta

150 3579 198 3639 duo
221 3582 344 3638 seorsim
367 3577 490 3636 luissent
512 3579 660 3652 repetitae.
707 3575 809 3635 Omnis
839 3581 914 3637 enim
944 3582 990 3639 vis
1014 3579 1267 3640 demonstrationis
1290 3594 1342 3653 per
1364 3573 1492 3635 auimuth

149 3677 171 3724 et
190 3665 377 3726 altitudinem
400 3665 542 3724 recumbit
563 3666 593 3720 in
618 3663 856 3736 declinationem,
881 3683 956 3742 qarae
979 3667 1162 3728 altitudinem
1185 3671 1322 3743 praestat.
1368 3662 1399 3722 Si
1423 3680 1492 3739 ergo

147 3753 346 3814 declinationis
376 3758 564 3827 augmentum
593 3751 739 3809 horarium
770 3756 863 3811 tenuit
885 3756 1101 3831 proportionem
1126 3755 1275 3830 augmenti
1298 3750 1392 3809 dinmi
1416 3754 1495 3810 circa

146 3840 204 3901 illos
227 3840 301 3914 dies,
325 3842 465 3916 sequitur,
488 3838 673 3915 parallaxeos
697 3839 829 3898 ellectum
854 3858 905 3916 per
927 3841 980 3900 has
1004 3841 1091 3901 horas
1113 3843 1201 3901 luisse
1224 3838 1347 3911 nullum,
1371 3835 1493 3915 proinde

146 3938 170 3988 et
190 3931 288 4005 ipsam
310 3925 421 3985 nullam
445 3935 474 3985 ct
496 3928 538 3984 sic
561 3933 704 3985 cometam
728 3929 756 3982 in
779 3927 921 3985 altissimo
945 3928 1062 3988 aetberc
1087 3930 1261 3988 constitisse.

246 4022 274 4074 4.
306 4013 421 4091 Operae
444 4015 568 4089 pretinm
591 4015 679 4088 igitur
702 4022 745 4073 cst
767 4013 815 4073 hic
839 4013 1029 4087 considerare,
1054 4035 1112 4092 qna
1136 4018 1164 4073 in
1188 4032 1218 4074 rc
1240 4012 1353 4071 differet
1368 4011 1413 4068 ris
1430 4012 1493 4085 ipsa

145 4101 229 4178 bajus
251 4104 414 4178 argumenti
439 4118 457 4158 a
479 4100 688 4176 praecedentis.
727 4102 798 4159 Cum
822 4104 910 4175 igitur
934 4120 970 4161 ea
992 4103 1140 4163 derivetur
1159 4121 1193 4162 ex
1211 4099 1414 4170 declinatione,
1440 4097 1493 4156 de·

143 4189 259 4248 clinatio
283 4206 353 4247 vero
377 4189 561 4264 potissimum
585 4186 718 4246 eliciatur
740 4206 774 4247 cx
798 4187 953 4247 latitudine
976 4190 1013 4249 ab
1037 4190 1181 4269 ecliptica,
1205 4190 1283 4265 prior
1298 4187 1386 4261 igitur
1402 4201 1492 4260 argu·

143 4277 282 4336 mentatio
305 4277 488 4354 potissimum
513 4276 565 4331 lnit
589 4283 732 4351 occupata
755 4276 830 4333 circa
853 4276 1060 4352 longitudinis,
1084 4280 1141 4336 ieta
1164 4286 1209 4335 eat
1232 4277 1307 4334 cirea
1330 4269 1492 4330 latitudinis

142 4362 307 4439 parallaxes
331 4360 525 4438 detegendas3
552 4360 603 4418 illa
625 4363 773 4421 nitebatur
795 4363 981 4438 regularitate
1004 4366 1102 4440 potius
1125 4363 1294 4433 celeritatis,
1319 4360 1376 4416 isra
1399 4360 1492 4433 magia

144 4450 298 4526 despecte
321 4450 416 4509 lineae
438 4456 550 4515 motus,
574 4448 684 4507 scilicet
707 4448 742 4507 de
766 4450 873 4508 circulo
896 4453 1023 4509 maximo
1046 4451 1217 4528 participat,
1249 4448 1304 4505 nisi
1328 4443 1409 4520 quod
1431 4443 1492 4503 illic

143 4537 332 4614 longitudinis
357 4534 490 4597 celeritas
512 4536 567 4594 luit
590 4534 722 4594 desumto
746 4552 780 4594 ex
805 4535 911 4595 circulo
935 4547 1065 4598 cometae
1088 4539 1220 4615 proprio,
1242 4535 1290 4595 hic
1312 4547 1369 4590 non
1393 4550 1412 4590 a
1434 4533 1491 4591 cir-

143 4623 208 4684 culo
230 4626 348 4702 proprio
372 4639 426 4682 uec
449 4623 487 4682 ab
511 4622 654 4697 ecliptica,
678 4622 728 4681 aed
750 4623 787 4681 ab
802 4633 961 4699 aequatura
977 4626 1100 4687 dellexio
1117 4628 1145 4682 in
1162 4621 1314 4684 consilium
1329 4618 1490 4679 adducitur.

248 4712 276 4769 5.
317 4712 413 4786 Atque
435 4709 491 4768 boc
515 4726 570 4785 ego
594 4709 745 4769 discrimen
769 4719 922 4786 propterea
945 4713 1075 4785 inculco,
1107 4720 1137 4771 ut
1162 4718 1324 4788 opportune
1346 4723 1492 4780 moneam,

143 4803 168 4860 si
189 4799 307 4859 omissis
331 4800 419 4860 etiam
441 4796 589 4856 arimutlro
604 4805 633 4859 et
648 4795 811 4873 altitudine,
835 4800 1036 4861 tantummodo
1051 4801 1172 4861 lixarum
1190 4817 1209 4859 a
1224 4804 1337 4859 cometa
1352 4794 1491 4855 distantia
