3284 5520
504 332 547 388 Ad
565 331 663 389 librum
680 334 730 389 Ill.
750 332 961 404 tuti-'tychonis
979 347 1039 403 666.
1059 334 1082 388 b.
1101 333 1126 389 6.
1426 333 1490 403 239

137 514 252 589 utrique
276 510 343 572 loco
366 510 507 573 Carrenis
524 521 554 574 et
568 509 754 590 Urauiburgo
778 520 912 589 vergeret
933 512 971 571 ad
994 527 1140 586 occasum,
1163 512 1358 572 conveniebat
1380 514 1490 589 utique,

137 598 342 677 siparallaxin
358 600 517 673 habuisset,
541 609 574 659 nt
589 603 613 659 is
630 600 764 678 'lychoni
778 601 933 661 borealiori
947 609 1126 676 spectaretur
1141 599 1366 673 meridionalior,
1391 599 1492 659 Land-

138 690 239 763 gravio
271 686 498 747 meridionaliori
527 688 789 764 septentrionalior.
836 689 877 746 At
904 704 980 748 nunc
1008 686 1115 747 accidit
1143 690 1335 747 contrarium:
1365 704 1433 746 nam
1456 704 1492 747 ex

141 776 398 835 observationibus
413 774 647 851 Landgraviauis
672 775 819 852 colligitur
841 775 923 834 locus
947 774 1067 833 dimidio
1089 775 1148 833 tere
1171 774 1263 849 gradu
1286 775 1441 834 australior
1464 782 1494 833 et

141 863 223 922 simul
247 863 327 922 bona
343 872 427 939 parte
441 863 550 938 gradus
564 866 734 941 promotior.
771 863 888 922 Recidit
903 879 972 937 ergo
987 863 1077 922 resin
1094 865 1268 921 contrarium
1283 861 1491 939 parallaxibus.

242 951 273 1009 3.
310 949 346 1008 Id
368 949 497 1026 quidem,
520 950 628 1010 7676767
650 948 865 1009 claramontius
889 966 951 1025 cap.
973 957 1000 1007 7.
1023 948 1073 1007 761.
1091 950 1164 1008 316.
1188 948 1275 1026 61776,
1297 952 1415 1026 6666766
1438 966 1492 1008 666

145 1039 249 1110 venire,
273 1043 305 1094 at
327 1054 364 1096 ne
386 1047 492 1113 suopte
514 1056 546 1096 66
568 1038 668 1114 gladio
688 1038 815 1113 jugulet,
840 1037 1027 1096 retractiones
1049 1045 1210 1096 caussatur.
1251 1040 1342 1112 Atqui
1365 1046 1395 1097 et
1415 1037 1494 1096 altus

145 1124 190 1183 1677
214 1132 333 1184 cometa
354 1131 384 1183 et
405 1126 430 1183 si
454 1128 580 1185 maxime
602 1127 706 1184 7676667
729 1124 856 1196 humilis,
880 1124 952 1182 nihil
975 1132 1072 1183 tamen
1090 1123 1242 1199 proliceret
1256 1126 1400 1197 retractio,
1424 1125 1494 1201 quia

147 1209 344 1288 deparallaxi
368 1212 515 1288 loquimur
537 1213 679 1272 horizonti
703 1230 778 1289 pene
801 1211 953 1290 parallela,
976 1226 1041 1270 cum
1066 1211 1198 1271 retractio
1221 1211 1293 1270 671771
1314 1219 1448 1289 operetur
1463 1213 1492 1269 iu

148 1297 232 1371 latus,
256 1305 352 1358 totum
374 1301 403 1357 in
427 1298 528 1358 altum.
574 1299 660 1375 Quod
682 1300 753 1359 licet
775 1299 973 1359 Claramoutio
996 1298 1107 1358 discere
1130 1315 1257 1375 suosque
1281 1302 1494 1358 astronomico-

150 1402 200 1445 rum
221 1386 314 1445 libros
336 1386 404 1446 hinc
425 1403 543 1463 augere.

243 1476 273 1531 4.
304 1470 346 1533 Ut
367 1490 425 1533 nou
449 1474 554 1548 dicam,
578 1474 657 1551 quod
680 1473 783 1534 eadem
804 1473 961 1551 utrobique
982 1473 1070 1533 tuerit
1087 1472 1212 1532 altitudo
1228 1481 1367 1547 cometae,
1391 1474 1494 1536 eadem

153 1562 227 1634 igitur
249 1568 280 1620 et
301 1560 452 1634 retractio,
484 1560 565 1621 nulla
595 1564 624 1620 iu
654 1580 689 1623 ea
717 1561 803 1640 culpa
831 1561 1009 1621 diversitatis
1032 1561 1134 1637 hujus:
1165 1562 1377 1621 convincuntur
1406 1562 1494 1638 igitur

154 1648 361 1708 observationes
384 1651 495 1709 erroris.

244 1737 274 1794 6.
312 1734 375 1794 Nee
404 1739 526 1795 veniunt
554 1737 584 1793 76
608 1738 824 1797 contentionem
847 1734 950 1813 ‘tycho
974 1744 1003 1794 et
1025 1734 1245 1812 Landgravius:
1277 1736 1410 1796 coneedit
1432 1738 1495 1813 ipse
1534 1732 1538 1739 '

157 1819 347 1897 bmdgrsvius
362 1821 496 1900 'syenem
519 1832 699 1900 excusatque
721 1841 763 1897 se,
787 1824 866 1900 quod
889 1822 1095 1883 mathematico
1118 1832 1187 1882 tunc
1206 1825 1346 1898 caruerit,
1370 1824 1494 1885 necdum

158 1908 334 1969 intrumenta
362 1919 539 1984 correxerat,
570 1913 640 1986 quin
664 1919 694 1971 et
716 1909 892 1971 observandi
914 1908 1002 1969 modo
1025 1911 1137 1971 lubrico
1160 1918 1316 1990 estuans,
1346 1928 1397 1990 per
1419 1923 1495 1971 tcm-

159 2011 228 2072 pora,
258 1996 409 2056 aximutha
439 2007 467 2057 et
496 1997 684 2072 altitudines,
717 2015 775 2057 uou
804 2015 855 2076 per
882 1997 1036 2057 distantias
1059 2016 1077 2057 a
1100 1998 1178 2070 fixis,
1211 2014 1287 2074 quae
1310 2001 1384 2059 ratio
1407 2002 1496 2059 tutior

159 2099 208 2143 esse
227 2083 312 2143 solet.

244 2168 312 2231 Una
342 2171 436 2244 igitur.
458 2171 514 2230 hae
544 2171 714 2247 exceptione
743 2170 842 2249 repelli
873 2179 997 2246 possunt
1019 2189 1119 2232 omnes
1142 2175 1423 2248 argumentationes,
1456 2175 1495 2233 ab

162 2256 399 2324 observationibus
421 2253 603 2335 Landgravii
628 2258 778 2332 deductae,
803 2260 938 2335 quamvis
961 2261 1047 2318 uuica
1068 2259 1133 2318 sola
1154 2267 1302 2336 sequatur.

248 2352 276 2404 6.
315 2346 390 2404 Nam
421 2345 501 2420 quod
526 2345 740 2405 claromontius
771 2348 1010 2422 protestationem
1033 2345 1180 2423 Tychouis
1209 2348 1274 2405 76167
1303 2350 1412 2422 arguit,
1445 2348 1496 2422 qui

163 2430 254 2492 unllam
277 2435 319 2491 ait
340 2449 372 2492 se
396 2432 619 2509 deprehendisse
642 2432 805 2509 parollaxiu
829 2451 864 2492 ex
887 2436 1104 2508 comparatione
1126 2451 1245 2493 suarum
1260 2452 1325 2493 eum
1340 2433 1495 2510 Landgra-

163 2519 256 2590 vimis,
288 2537 328 2579 ea
355 2537 386 2580 re
418 2520 611 2593 demonstrat,
642 2537 730 2596 quam
759 2522 860 2596 iniquo
882 2522 921 2578 sit
944 2523 1042 2579 animo
1064 2523 1093 2578 in
1118 2520 1262 2580 delectum
1284 2521 1495 2581 adversarium.

162 2601 211 2664 lton
233 2609 310 2667 enim
334 2605 369 2665 de
393 2617 507 2667 cometa
530 2610 556 2666 is
578 2608 645 2666 66777
674 2611 765 2666 1577.
789 2617 857 2666 7666
879 2606 1025 2682 16667767,
1056 2608 1107 2666 sed
1131 2607 1167 2667 dc
1190 2610 1308 2683 ceteris,
1339 2617 1495 2685 postquam

162 2689 347 2770 landgravius
379 2703 408 2755 et
437 2696 655 2755 observatorem
685 2697 924 2754 mathematicum
954 2703 982 2754 et
1013 2696 1203 2755 instrumenta
1229 2695 1352 2755 meliora
1379 2696 1494 2755 babuit.

163 2775 321 2858 Quemquam
344 2792 374 2841 et
397 2781 432 2842 de
456 2784 491 2840 776
515 2782 771 2843 observationibus
795 2790 927 2842 cometae
950 2784 1017 2841 anni
1044 2788 1136 2843 1677.
1169 2800 1267 2843 verum
1296 2791 1356 2858 est,
1386 2781 1496 2842 nullam

160 2870 237 3013 {quiin
260 2869 327 2930 elici
350 2869 524 2945 6676116676.
571 2867 654 2944 Quae
679 2871 755 2929 enim
778 2868 816 2929 ad
838 2867 1021 2945 impossibile
1043 2868 1192 2946 redigunt,
1220 2871 1336 2946 ineptae
1363 2878 1432 2930 suut
1457 2869 1495 2930 ad

204 2955 415 3034 cindagiuem.

507 3078 549 3144 hd
572 3076 643 3158 dap.
665 3077 693 3141 b.
719 3074 772 3142 761.
796 3075 865 3142 tot.
889 3078 919 3142 61
942 3076 969 3141 b.
994 3074 1047 3142 ror.
1064 3075 1129 3142 317.

248 3220 276 3277 l.
315 3216 410 3278 Credo
439 3233 526 3277 unam
553 3218 648 3278 solam
677 3218 776 3294 bigam
804 3219 910 3296 reperit
932 3216 1031 3294 Scipio
1055 3219 1293 3278 observationum
1316 3218 1494 3296 Landgravii

159 3302 356 3383 6766176676,
377 3322 452 3382 quae
475 3322 527 3380 pro
550 3307 662 3366 rationo
684 3303 880 3382 parallexeos,
903 3314 936 3363 ut
958 3307 1007 3379 677,
1032 3323 1096 3365 6666
1117 3316 1196 3365 76676
1219 3305 1391 3366 habuerunt.

248 3394 276 3450 7.
315 3392 388 3469 Ejus
419 3394 508 3468 igitur
537 3395 710 3454 tractatione
741 3392 816 3452 alias
841 3399 880 3453 20
904 3392 995 3452 766766
1026 3393 1127 3470 implet
1157 3400 1186 3451 et
1215 3400 1313 3453 tamen
1342 3395 1371 3450 in
1399 3391 1495 3451 medio

157 3473 253 3553 176767,
276 3480 462 3539 conflictatus
484 3496 551 3539 cum
570 3480 857 3553 contradictionibus,
882 3478 950 3538 dum
973 3497 1071 3540 areum
1095 3479 1209 3539 duabus
1231 3479 1378 3541 methodis
1402 3497 1496 3556 quae·

153 3564 240 3640 sitnm,
263 3568 315 3642 qni
337 3565 452 3644 prodire
476 3567 603 3627 debebat
624 3567 711 3640 idem,
737 3567 915 3628 differentem
942 3569 979 3625 16
1003 3569 1061 3627 7676
1082 3566 1221 3644 gradibus
1244 3567 1333 3628 elicit

248 3658 277 3714 3.
316 3652 383 3731 Qua
411 3672 444 3714 rs
471 3665 634 3714 commotus
663 3653 800 3714 mendum
821 3656 920 3731 667766
945 3655 1007 3714 7617
1029 3655 1172 3732 suspicari
1194 3655 1496 3734 insuppositionibus

150 3736 301 3817 'l'ychouia
349 3741 390 3800 At
420 3741 526 3801 trustra
556 3751 616 3814 est,
646 3759 742 3818 oeque
771 3740 968 3802 misericordia
998 3759 1119 3802 moveor
1149 3741 1310 3803 laborantis
1341 3744 1496 3815 incassum,

147 3842 239 3904 usque
261 3827 382 3904 77776776,
415 3846 503 3905 quam
528 3828 662 3906 Tychoni
685 3832 823 3901 intentat,
855 3828 1407 3907 676776767671176666667667666
1434 3827 1498 3889 eal·

146 3912 203 3973 culi
224 3917 270 3974 667
293 3917 433 3991 ambages
456 3920 621 3992 quaesitum
645 3924 675 3977 et
696 3917 843 3977 detectum
866 3933 947 3976 eam:
976 3923 1098 3992 quaerat
1128 3916 1203 3977 elios
1233 3917 1424 3996 opitulatores
1450 3933 1497 3975 me

143 4003 307 4063 otiosiores.

251 4097 280 4149 4.
311 4089 378 4150 Nou
401 4090 506 4164 dicam,
530 4090 610 4167 quod
632 4099 743 4150 motum
767 4098 898 4150 cometae
916 4090 994 4167 apud
1009 4090 1179 4169 Tychouem
1195 4090 1312 4150 deducit
1327 4091 1364 4150 ab
1379 4090 1452 4148 hora
1467 4096 1495 4150 6.

142 4174 183 4236 ad
204 4187 385 4238 momentum
408 4179 622 4238 observationis
646 4177 845 4250 Cassellanae,
869 4178 949 4253 quod
972 4180 1114 4257 superiori
1137 4179 1211 4238 libro
1235 4177 1411 4255 a'l'yohonc
1433 4177 1497 4236 tac·

144 4272 209 4323 tum
231 4266 348 4341 ipsein
371 4267 600 4326 controversiam
623 4269 718 4338 traxit,
742 4264 809 4341 legi,
835 4282 923 4341 quarn
945 4266 987 4323 illi
1012 4266 1183 4339 intentabat,
1216 4268 1358 4342 7666666
1382 4281 1496 4341 parens.

145 4350 251 4412 Liceat
273 4351 317 4411 illi
340 4370 410 4412 sane
435 4352 587 4426 deducere,
611 4355 680 4428 quia
703 4352 837 4430 Tychoui
859 4353 970 4411 licitum
993 4353 1057 4412 tuit.

251 4441 280 4498 5.
319 4438 397 4515 Quin
427 4458 482 4515 ego
514 4441 569 4500 hoc
600 4438 642 4497 illi
671 4440 797 4516 amplius
821 4439 868 4498 vel
890 4442 953 4499 sine
977 4438 1090 4500 6616616
1113 4442 1237 4500 libenter
1260 4439 1335 4497 ultro
1359 4436 1497 4510 concedo,

142 4528 170 4587 67
193 4527 277 4586 loeus
300 4535 433 4587 cometae
456 4535 603 4588 momento
626 4530 764 4604 temporis
787 4527 889 4586 eodem
914 4526 1028 4587 duobus
1050 4531 1079 4586 76
1102 4528 1191 4601 76676,
1223 4536 1281 4585 7667
1304 4528 1406 4601 666676
1428 4525 1498 4584 alti-

143 4614 258 4673 tudinis
280 4614 342 4691 poli
365 4614 504 4691 gradibus
527 4615 565 4674 617
588 4617 712 4674 76776667
736 4614 944 4687 differentibus,
968 4616 1049 4673 77666
1072 4618 1168 4673 estun
1191 4615 1246 4673 hac
1268 4631 1323 4671 suc
1345 4612 1498 4672 altitudine

144 4719 213 4763 eum
239 4700 403 4762 ditterentia
424 4704 600 4762 minutorum
628 4704 665 4760 15
689 4701 881 4776 longitudinis
905 4713 934 4762 et
960 4704 998 4761 14
1021 4702 1200 4775 16777677676,
1232 4699 1394 4776 6676116776
1418 4701 1498 4760 nasci

140 4790 288 4866 majorem
310 4788 407 4850 lunari
428 4790 561 4868 partibus
584 4790 658 4849 bene
681 4788 788 4848 multis.
