<?xml version="1.0" encoding="UTF-8"?>
<!DOCTYPE html PUBLIC "-//W3C//DTD XHTML 1.0 Transitional//EN"
    "http://www.w3.org/TR/xhtml1/DTD/xhtml1-transitional.dtd">
<html xmlns="http://www.w3.org/1999/xhtml" xml:lang="en" lang="en">
 <head>
  <title>
</title>
<meta http-equiv="Content-Type" content="text/html;charset=utf-8" />
  <meta name='ocr-system' content='tesseract 3.04.00' />
  <meta name='ocr-capabilities' content='ocr_page ocr_carea ocr_par ocr_line ocrx_word'/>
</head>
<body>
  <div class='ocr_page' id='page_1' title='image "./joanniskepleria07frisgoog_0084.png"; bbox 0 0 3284 5520; ppageno 0'>
   <div class='ocr_carea' id='block_1_1' title="bbox 561 332 1451 404">
    <p class='ocr_par' dir='ltr' id='par_1_1' title="bbox 561 332 1451 404">
     <span class='ocr_line' id='line_1_1' title="bbox 561 332 1451 404; baseline 0.004 -16"><span class='ocrx_word' id='word_1_1' title='bbox 561 332 622 389; x_wconf 83' lang='lat' dir='ltr'><strong>Lib.</strong></span> <span class='ocrx_word' id='word_1_2' title='bbox 638 333 659 389; x_wconf 90' lang='lat' dir='ltr'><strong>t.</strong></span> <span class='ocrx_word' id='word_1_3' title='bbox 685 333 799 389; x_wconf 80' lang='lat' dir='ltr'><strong>cometa</strong></span> <span class='ocrx_word' id='word_1_4' title='bbox 817 334 881 389; x_wconf 85' lang='lat' dir='ltr'><strong>anni</strong></span> <span class='ocrx_word' id='word_1_5' title='bbox 900 335 978 391; x_wconf 86' lang='grc'><strong>1607.</strong></span> <span class='ocrx_word' id='word_1_6' title='bbox 1409 338 1451 404; x_wconf 77' lang='lat'><strong>71</strong></span> 
     </span>
    </p>
   </div>
   <div class='ocr_carea' id='block_1_2' title="bbox 86 511 1535 4869">
    <p class='ocr_par' dir='ltr' id='par_1_2' title="bbox 87 511 1454 1464">
     <span class='ocr_line' id='line_1_2' title="bbox 92 511 1454 591; baseline 0 -17"><span class='ocrx_word' id='word_1_7' title='bbox 92 514 131 574; x_wconf 89' lang='lat' dir='ltr'><strong>tb.</strong></span> <span class='ocrx_word' id='word_1_8' title='bbox 156 513 204 588; x_wconf 89' lang='lat' dir='ltr'><strong>V;</strong></span> <span class='ocrx_word' id='word_1_9' title='bbox 226 516 257 573; x_wconf 91' lang='lat' dir='ltr'><strong>in</strong></span> <span class='ocrx_word' id='word_1_10' title='bbox 280 512 352 575; x_wconf 82' lang='lat' dir='ltr'><strong>OPo</strong></span> <span class='ocrx_word' id='word_1_11' title='bbox 373 514 467 574; x_wconf 87' lang='lat' dir='ltr'><strong>sectio</strong></span> <span class='ocrx_word' id='word_1_12' title='bbox 489 518 507 575; x_wconf 81' lang='lat' dir='ltr'><strong>d</strong></span> <span class='ocrx_word' id='word_1_13' title='bbox 528 522 575 574; x_wconf 87' lang='lat' dir='ltr'><strong>est</strong></span> <span class='ocrx_word' id='word_1_14' title='bbox 596 512 693 573; x_wconf 90' lang='lat' dir='ltr'><strong>adbuc</strong></span> <span class='ocrx_word' id='word_1_15' title='bbox 715 511 754 571; x_wconf 87' lang='lat' dir='ltr'><strong>ad</strong></span> <span class='ocrx_word' id='word_1_16' title='bbox 777 512 854 573; x_wconf 86' lang='lat' dir='ltr'><strong>latus</strong></span> <span class='ocrx_word' id='word_1_17' title='bbox 872 512 907 587; x_wconf 87' lang='grc' dir='ltr'><strong>Ρ,</strong></span> <span class='ocrx_word' id='word_1_18' title='bbox 931 512 1019 590; x_wconf 86' lang='lat' dir='ltr'><strong>longe</strong></span> <span class='ocrx_word' id='word_1_19' title='bbox 1042 532 1061 572; x_wconf 90' lang='lat' dir='ltr'><strong>a</strong></span> <span class='ocrx_word' id='word_1_20' title='bbox 1084 514 1203 591; x_wconf 80' lang='lat' dir='ltr'><strong>fastigio</strong></span> <span class='ocrx_word' id='word_1_21' title='bbox 1227 514 1343 575; x_wconf 90' lang='lat' dir='ltr'><strong>circelli.</strong></span> <span class='ocrx_word' id='word_1_22' title='bbox 1390 515 1454 574; x_wconf 81' lang='lat' dir='ltr'><strong>Etsi</strong></span> 
     </span>
     <span class='ocr_line' id='line_1_3' title="bbox 92 599 1453 679; baseline 0.001 -20"><span class='ocrx_word' id='word_1_23' title='bbox 92 618 162 662; x_wconf 84' lang='lat' dir='ltr'><strong>vero</strong></span> <span class='ocrx_word' id='word_1_24' title='bbox 184 619 205 662; x_wconf 84' lang='lat' dir='ltr'><strong>a</strong></span> <span class='ocrx_word' id='word_1_25' title='bbox 227 603 280 661; x_wconf 88' lang='lat'><strong>30.</strong></span> <span class='ocrx_word' id='word_1_26' title='bbox 302 601 383 679; x_wconf 83' lang='lat' dir='ltr'><strong>Sept.</strong></span> <span class='ocrx_word' id='word_1_27' title='bbox 413 602 511 677; x_wconf 89' lang='lat' dir='ltr'><strong>coepit</strong></span> <span class='ocrx_word' id='word_1_28' title='bbox 539 608 653 661; x_wconf 87' lang='lat' dir='ltr'><strong>cometa</strong></span> <span class='ocrx_word' id='word_1_29' title='bbox 680 601 764 676; x_wconf 88' lang='lat' dir='ltr'><strong>sequi</strong></span> <span class='ocrx_word' id='word_1_30' title='bbox 788 599 888 661; x_wconf 92' lang='lat' dir='ltr'><strong>Solem</strong></span> <span class='ocrx_word' id='word_1_31' title='bbox 916 608 946 661; x_wconf 91' lang='lat' dir='ltr'><strong>et</strong></span> <span class='ocrx_word' id='word_1_32' title='bbox 975 601 1014 660; x_wconf 88' lang='lat' dir='ltr'><strong>ab</strong></span> <span class='ocrx_word' id='word_1_33' title='bbox 1038 618 1074 662; x_wconf 93' lang='lat' dir='ltr'><strong>eo</strong></span> <span class='ocrx_word' id='word_1_34' title='bbox 1102 602 1232 679; x_wconf 89' lang='lat' dir='ltr'><strong>elongari</strong></span> <span class='ocrx_word' id='word_1_35' title='bbox 1263 604 1292 660; x_wconf 93' lang='lat' dir='ltr'><strong>in</strong></span> <span class='ocrx_word' id='word_1_36' title='bbox 1317 618 1453 662; x_wconf 89' lang='lat' dir='ltr'><strong>occasum</strong></span> 
     </span>
     <span class='ocr_line' id='line_1_4' title="bbox 91 686 1453 765; baseline 0.001 -18"><span class='ocrx_word' id='word_1_37' title='bbox 91 707 184 765; x_wconf 90' lang='lat' dir='ltr'><strong>usque</strong></span> <span class='ocrx_word' id='word_1_38' title='bbox 208 688 246 748; x_wconf 88' lang='lat' dir='ltr'><strong>ed</strong></span> <span class='ocrx_word' id='word_1_39' title='bbox 272 691 321 749; x_wconf 89' lang='grc'><strong>13.</strong></span> <span class='ocrx_word' id='word_1_40' title='bbox 339 686 415 762; x_wconf 79' lang='lat' dir='ltr'><strong>Oct,</strong></span> <span class='ocrx_word' id='word_1_41' title='bbox 438 691 538 765; x_wconf 87' lang='lat' dir='ltr'><strong>itaque</strong></span> <span class='ocrx_word' id='word_1_42' title='bbox 561 689 653 749; x_wconf 90' lang='lat' dir='ltr'><strong>sectio</strong></span> <span class='ocrx_word' id='word_1_43' title='bbox 675 705 787 747; x_wconf 92' lang='lat' dir='ltr'><strong>rursum</strong></span> <span class='ocrx_word' id='word_1_44' title='bbox 811 706 830 748; x_wconf 92' lang='lat' dir='ltr'><strong>a</strong></span> <span class='ocrx_word' id='word_1_45' title='bbox 851 688 970 765; x_wconf 82' lang='lat' dir='ltr'><strong>fastigio</strong></span> <span class='ocrx_word' id='word_1_46' title='bbox 993 687 1093 749; x_wconf 91' lang='lat' dir='ltr'><strong>circuli</strong></span> <span class='ocrx_word' id='word_1_47' title='bbox 1116 693 1163 748; x_wconf 90' lang='lat' dir='ltr'><strong>sui</strong></span> <span class='ocrx_word' id='word_1_48' title='bbox 1185 690 1304 749; x_wconf 79' lang='lat' dir='ltr'><strong>deflexit</strong></span> <span class='ocrx_word' id='word_1_49' title='bbox 1326 689 1364 749; x_wconf 88' lang='lat' dir='ltr'><strong>ad</strong></span> <span class='ocrx_word' id='word_1_50' title='bbox 1385 688 1453 765; x_wconf 89' lang='lat' dir='ltr'><strong>pla·</strong></span> 
     </span>
     <span class='ocr_line' id='line_1_5' title="bbox 90 774 1453 853; baseline 0 -17"><span class='ocrx_word' id='word_1_51' title='bbox 90 795 158 852; x_wconf 84' lang='lat' dir='ltr'><strong>gam</strong></span> <span class='ocrx_word' id='word_1_52' title='bbox 182 775 316 850; x_wconf 86' lang='lat' dir='ltr'><strong>alteram,</strong></span> <span class='ocrx_word' id='word_1_53' title='bbox 339 793 391 852; x_wconf 89' lang='lat' dir='ltr'><strong>per</strong></span> <span class='ocrx_word' id='word_1_54' title='bbox 414 775 455 834; x_wconf 91' lang='lat' dir='ltr'><strong>tb.</strong></span> <span class='ocrx_word' id='word_1_55' title='bbox 471 776 509 849; x_wconf 90' lang='lat' dir='ltr'><strong>V,</strong></span> <span class='ocrx_word' id='word_1_56' title='bbox 533 779 603 852; x_wconf 90' lang='lat' dir='ltr'><strong>quia</strong></span> <span class='ocrx_word' id='word_1_57' title='bbox 626 783 723 835; x_wconf 88' lang='lat' dir='ltr'><strong>tamen</strong></span> <span class='ocrx_word' id='word_1_58' title='bbox 746 776 875 834; x_wconf 88' lang='lat' dir='ltr'><strong>maxima</strong></span> <span class='ocrx_word' id='word_1_59' title='bbox 898 775 971 837; x_wconf 88' lang='lat' dir='ltr'><strong>baec</strong></span> <span class='ocrx_word' id='word_1_60' title='bbox 988 775 1137 852; x_wconf 85' lang='lat' dir='ltr'><strong>elongatio</strong></span> <span class='ocrx_word' id='word_1_61' title='bbox 1153 794 1211 836; x_wconf 92' lang='lat' dir='ltr'><strong>non</strong></span> <span class='ocrx_word' id='word_1_62' title='bbox 1227 779 1380 853; x_wconf 86' lang='lat' dir='ltr'><strong>superavit</strong></span> <span class='ocrx_word' id='word_1_63' title='bbox 1396 774 1453 836; x_wconf 88' lang='grc'><strong>380</strong></span> 
     </span>
     <span class='ocr_line' id='line_1_6' title="bbox 90 863 1454 938; baseline -0.001 -17"><span class='ocrx_word' id='word_1_64' title='bbox 90 875 119 922; x_wconf 91' lang='lat' dir='ltr'><strong>ot</strong></span> <span class='ocrx_word' id='word_1_65' title='bbox 141 882 158 923; x_wconf 92' lang='lat' dir='ltr'><strong>e</strong></span> <span class='ocrx_word' id='word_1_66' title='bbox 182 865 330 924; x_wconf 89' lang='lat' dir='ltr'><strong>contrario</strong></span> <span class='ocrx_word' id='word_1_67' title='bbox 351 870 448 922; x_wconf 88' lang='lat' dir='ltr'><strong>motus</strong></span> <span class='ocrx_word' id='word_1_68' title='bbox 471 863 592 923; x_wconf 88' lang='lat' dir='ltr'><strong>diurnus</strong></span> <span class='ocrx_word' id='word_1_69' title='bbox 617 869 749 923; x_wconf 90' lang='lat' dir='ltr'><strong>cometae</strong></span> <span class='ocrx_word' id='word_1_70' title='bbox 773 863 962 923; x_wconf 84' lang='lat' dir='ltr'><strong>vehementer</strong></span> <span class='ocrx_word' id='word_1_71' title='bbox 985 864 1040 921; x_wconf 89' lang='lat' dir='ltr'><strong>luit</strong></span> <span class='ocrx_word' id='word_1_72' title='bbox 1063 866 1242 938; x_wconf 89' lang='lat' dir='ltr'><strong>imminutus,</strong></span> <span class='ocrx_word' id='word_1_73' title='bbox 1266 865 1454 925; x_wconf 85' lang='lat' dir='ltr'><strong>vehementer</strong></span> 
     </span>
     <span class='ocr_line' id='line_1_7' title="bbox 89 950 1451 1027; baseline 0.002 -19"><span class='ocrx_word' id='word_1_74' title='bbox 89 953 180 1026; x_wconf 83' lang='lat' dir='ltr'><strong>Igitur</strong></span> <span class='ocrx_word' id='word_1_75' title='bbox 208 951 399 1011; x_wconf 76' lang='lat' dir='ltr'>nihilominus</span> <span class='ocrx_word' id='word_1_76' title='bbox 428 953 520 1011; x_wconf 75' lang='lat' dir='ltr'><strong>mevit</strong></span> <span class='ocrx_word' id='word_1_77' title='bbox 543 950 667 1010; x_wconf 89' lang='lat' dir='ltr'><strong>circulus</strong></span> <span class='ocrx_word' id='word_1_78' title='bbox 690 951 841 1023; x_wconf 91' lang='lat' dir='ltr'><strong>sectionis,</strong></span> <span class='ocrx_word' id='word_1_79' title='bbox 874 953 915 1010; x_wconf 89' lang='lat' dir='ltr'><strong>lta</strong></span> <span class='ocrx_word' id='word_1_80' title='bbox 944 958 977 1009; x_wconf 91' lang='lat' dir='ltr'><strong>ut</strong></span> <span class='ocrx_word' id='word_1_81' title='bbox 1002 952 1050 1009; x_wconf 88' lang='grc'><strong>13.</strong></span> <span class='ocrx_word' id='word_1_82' title='bbox 1076 950 1152 1025; x_wconf 84' lang='lat' dir='ltr'><strong>Oct,</strong></span> <span class='ocrx_word' id='word_1_83' title='bbox 1188 951 1307 1027; x_wconf 89' lang='lat' dir='ltr'><strong>qnando</strong></span> <span class='ocrx_word' id='word_1_84' title='bbox 1331 951 1451 1011; x_wconf 90' lang='lat' dir='ltr'><strong>diurnus</strong></span> 
     </span>
     <span class='ocr_line' id='line_1_8' title="bbox 88 1036 1451 1116; baseline 0 -18"><span class='ocrx_word' id='word_1_85' title='bbox 88 1045 224 1098; x_wconf 89' lang='lat' dir='ltr'><strong>cometae</strong></span> <span class='ocrx_word' id='word_1_86' title='bbox 246 1040 388 1114; x_wconf 81' lang='lat' dir='ltr'><strong>aequavit</strong></span> <span class='ocrx_word' id='word_1_87' title='bbox 410 1038 545 1097; x_wconf 90' lang='lat' dir='ltr'><strong>diurnum</strong></span> <span class='ocrx_word' id='word_1_88' title='bbox 568 1037 658 1111; x_wconf 85' lang='lat' dir='ltr'><strong>Solis,</strong></span> <span class='ocrx_word' id='word_1_89' title='bbox 682 1038 853 1114; x_wconf 90' lang='lat' dir='ltr'><strong>peripsum</strong></span> <span class='ocrx_word' id='word_1_90' title='bbox 876 1036 975 1098; x_wconf 90' lang='lat' dir='ltr'><strong>Solem</strong></span> <span class='ocrx_word' id='word_1_91' title='bbox 997 1040 1143 1113; x_wconf 79' lang='lat' dir='ltr'>transiret,</span> <span class='ocrx_word' id='word_1_92' title='bbox 1166 1057 1218 1116; x_wconf 92' lang='lat' dir='ltr'><strong>per</strong></span> <span class='ocrx_word' id='word_1_93' title='bbox 1240 1040 1281 1098; x_wconf 90' lang='lat' dir='ltr'><strong>tb.</strong></span> <span class='ocrx_word' id='word_1_94' title='bbox 1306 1039 1368 1098; x_wconf 87' lang='lat' dir='ltr'><strong>vt:</strong></span> <span class='ocrx_word' id='word_1_95' title='bbox 1391 1041 1451 1098; x_wconf 87' lang='lat' dir='ltr'><strong>lta-</strong></span> 
     </span>
     <span class='ocr_line' id='line_1_9' title="bbox 89 1123 1452 1203; baseline -0.001 -17"><span class='ocrx_word' id='word_1_96' title='bbox 89 1144 149 1202; x_wconf 90' lang='lat' dir='ltr'><strong>que</strong></span> <span class='ocrx_word' id='word_1_97' title='bbox 181 1134 253 1185; x_wconf 91' lang='lat' dir='ltr'><strong>tunc</strong></span> <span class='ocrx_word' id='word_1_98' title='bbox 280 1127 373 1185; x_wconf 90' lang='lat' dir='ltr'><strong>sectio</strong></span> <span class='ocrx_word' id='word_1_99' title='bbox 403 1142 461 1185; x_wconf 89' lang='lat' dir='ltr'><strong>uon</strong></span> <span class='ocrx_word' id='word_1_100' title='bbox 490 1124 583 1184; x_wconf 91' lang='lat' dir='ltr'><strong>multo</strong></span> <span class='ocrx_word' id='word_1_101' title='bbox 605 1125 660 1183; x_wconf 88' lang='lat' dir='ltr'><strong>init</strong></span> <span class='ocrx_word' id='word_1_102' title='bbox 682 1124 820 1184; x_wconf 90' lang='lat' dir='ltr'><strong>humilior</strong></span> <span class='ocrx_word' id='word_1_103' title='bbox 842 1123 929 1198; x_wconf 89' lang='lat' dir='ltr'><strong>Sole,</strong></span> <span class='ocrx_word' id='word_1_104' title='bbox 962 1141 1012 1203; x_wconf 90' lang='grc' dir='ltr'>ρετ</span> <span class='ocrx_word' id='word_1_105' title='bbox 1035 1125 1074 1185; x_wconf 89' lang='lat' dir='ltr'><strong>th.</strong></span> <span class='ocrx_word' id='word_1_106' title='bbox 1100 1125 1136 1183; x_wconf 91' lang='lat' dir='ltr'><strong>V.</strong></span> <span class='ocrx_word' id='word_1_107' title='bbox 1183 1126 1220 1185; x_wconf 89' lang='lat' dir='ltr'><strong>Et</strong></span> <span class='ocrx_word' id='word_1_108' title='bbox 1242 1128 1313 1203; x_wconf 87' lang='lat' dir='ltr'><strong>quia</strong></span> <span class='ocrx_word' id='word_1_109' title='bbox 1336 1133 1452 1185; x_wconf 90' lang='lat' dir='ltr'><strong>cometa</strong></span> 
     </span>
     <span class='ocr_line' id='line_1_10' title="bbox 88 1212 1453 1288; baseline 0 -16"><span class='ocrx_word' id='word_1_110' title='bbox 88 1212 210 1272; x_wconf 90' lang='lat' dir='ltr'><strong>tandem</strong></span> <span class='ocrx_word' id='word_1_111' title='bbox 240 1213 334 1273; x_wconf 89' lang='lat' dir='ltr'><strong>lactus</strong></span> <span class='ocrx_word' id='word_1_112' title='bbox 362 1220 408 1273; x_wconf 91' lang='lat' dir='ltr'><strong>est</strong></span> <span class='ocrx_word' id='word_1_113' title='bbox 434 1215 638 1284; x_wconf 77' lang='lat' dir='ltr'>stationarius,</span> <span class='ocrx_word' id='word_1_114' title='bbox 665 1213 809 1272; x_wconf 72' lang='lat' dir='ltr'><strong>sectiones</strong></span> <span class='ocrx_word' id='word_1_115' title='bbox 838 1214 928 1288; x_wconf 82' lang='lat' dir='ltr'><strong>igliur</strong></span> <span class='ocrx_word' id='word_1_116' title='bbox 956 1222 1142 1272; x_wconf 85' lang='lat' dir='ltr'><strong>excurrerunt</strong></span> <span class='ocrx_word' id='word_1_117' title='bbox 1170 1216 1198 1271; x_wconf 90' lang='lat' dir='ltr'><strong>in</strong></span> <span class='ocrx_word' id='word_1_118' title='bbox 1228 1214 1388 1287; x_wconf 86' lang='lat' dir='ltr'><strong>inlinitum,</strong></span> <span class='ocrx_word' id='word_1_119' title='bbox 1420 1220 1453 1272; x_wconf 92' lang='lat' dir='ltr'><strong>ut</strong></span> 
     </span>
     <span class='ocr_line' id='line_1_11' title="bbox 87 1298 1452 1377; baseline -0.001 -18"><span class='ocrx_word' id='word_1_120' title='bbox 87 1300 209 1360; x_wconf 66' lang='lat' dir='ltr'><strong>andem</strong></span> <span class='ocrx_word' id='word_1_121' title='bbox 232 1299 398 1360; x_wconf 75' lang='lat' dir='ltr'><strong>desinerent</strong></span> <span class='ocrx_word' id='word_1_122' title='bbox 420 1301 448 1357; x_wconf 89' lang='lat' dir='ltr'><strong>in</strong></span> <span class='ocrx_word' id='word_1_123' title='bbox 472 1298 706 1377; x_wconf 88' lang='lat' dir='ltr'><strong>parallelitatem,</strong></span> <span class='ocrx_word' id='word_1_124' title='bbox 729 1316 781 1376; x_wconf 91' lang='lat' dir='ltr'><strong>per</strong></span> <span class='ocrx_word' id='word_1_125' title='bbox 803 1303 845 1357; x_wconf 90' lang='lat' dir='ltr'><strong>tb.</strong></span> <span class='ocrx_word' id='word_1_126' title='bbox 868 1300 892 1357; x_wconf 94' lang='lat' dir='ltr'><strong>I.</strong></span> <span class='ocrx_word' id='word_1_127' title='bbox 938 1298 1107 1359; x_wconf 90' lang='lat' dir='ltr'><strong>Sectionum</strong></span> <span class='ocrx_word' id='word_1_128' title='bbox 1131 1302 1219 1376; x_wconf 87' lang='lat' dir='ltr'><strong>igitur</strong></span> <span class='ocrx_word' id='word_1_129' title='bbox 1241 1303 1347 1375; x_wconf 89' lang='lat' dir='ltr'><strong>series,</strong></span> <span class='ocrx_word' id='word_1_130' title='bbox 1378 1301 1452 1360; x_wconf 79' lang='lat' dir='ltr'><strong>iutra</strong></span> 
     </span>
     <span class='ocr_line' id='line_1_12' title="bbox 89 1385 1051 1464; baseline -0.004 -16"><span class='ocrx_word' id='word_1_131' title='bbox 89 1388 192 1448; x_wconf 89' lang='lat' dir='ltr'><strong>Solem</strong></span> <span class='ocrx_word' id='word_1_132' title='bbox 216 1387 363 1461; x_wconf 86' lang='lat' dir='ltr'><strong>inchoata,</strong></span> <span class='ocrx_word' id='word_1_133' title='bbox 387 1387 467 1447; x_wconf 82' lang='lat' dir='ltr'><strong>breui</strong></span> <span class='ocrx_word' id='word_1_134' title='bbox 491 1404 580 1464; x_wconf 86' lang='lat' dir='ltr'><strong>snpra</strong></span> <span class='ocrx_word' id='word_1_135' title='bbox 602 1385 701 1447; x_wconf 91' lang='lat' dir='ltr'><strong>Solem</strong></span> <span class='ocrx_word' id='word_1_136' title='bbox 726 1389 754 1444; x_wconf 93' lang='lat' dir='ltr'><strong>in</strong></span> <span class='ocrx_word' id='word_1_137' title='bbox 779 1386 922 1446; x_wconf 90' lang='lat' dir='ltr'><strong>inlinitum</strong></span> <span class='ocrx_word' id='word_1_138' title='bbox 946 1389 1051 1445; x_wconf 87' lang='lat' dir='ltr'><strong>evasit.</strong></span> 
     </span>
    </p>

    <p class='ocr_par' dir='ltr' id='par_1_3' title="bbox 89 1473 1451 1971">
     <span class='ocr_line' id='line_1_13' title="bbox 197 1473 1451 1552; baseline 0.001 -19"><span class='ocrx_word' id='word_1_139' title='bbox 197 1474 436 1534; x_wconf 90' lang='lat' dir='ltr'><strong>Conclusio</strong></span> <span class='ocrx_word' id='word_1_140' title='bbox 460 1474 516 1533; x_wconf 90' lang='lat' dir='ltr'><strong>III.</strong></span> <span class='ocrx_word' id='word_1_141' title='bbox 561 1473 636 1533; x_wconf 90' lang='lat' dir='ltr'><strong>Cum</strong></span> <span class='ocrx_word' id='word_1_142' title='bbox 659 1491 729 1552; x_wconf 89' lang='lat' dir='ltr'><strong>ergo</strong></span> <span class='ocrx_word' id='word_1_143' title='bbox 753 1482 868 1534; x_wconf 88' lang='lat' dir='ltr'><strong>cometa</strong></span> <span class='ocrx_word' id='word_1_144' title='bbox 890 1476 919 1532; x_wconf 89' lang='lat' dir='ltr'><strong>in</strong></span> <span class='ocrx_word' id='word_1_145' title='bbox 942 1474 999 1532; x_wconf 84' lang='lat' dir='ltr'><strong>lino</strong></span> <span class='ocrx_word' id='word_1_146' title='bbox 1021 1476 1060 1532; x_wconf 90' lang='lat' dir='ltr'><strong>sit</strong></span> <span class='ocrx_word' id='word_1_147' title='bbox 1084 1473 1179 1533; x_wconf 89' lang='lat' dir='ltr'><strong>lactus</strong></span> <span class='ocrx_word' id='word_1_148' title='bbox 1200 1476 1389 1534; x_wconf 79' lang='lat' dir='ltr'><strong>stationarius</strong></span> <span class='ocrx_word' id='word_1_149' title='bbox 1413 1474 1451 1535; x_wconf 92' lang='lat' dir='ltr'><strong>ad</strong></span> 
     </span>
     <span class='ocr_line' id='line_1_14' title="bbox 91 1560 1451 1640; baseline 0.002 -21"><span class='ocrx_word' id='word_1_150' title='bbox 91 1563 199 1635; x_wconf 80' lang='lat' dir='ltr'><strong>visum,</strong></span> <span class='ocrx_word' id='word_1_151' title='bbox 224 1562 371 1637; x_wconf 79' lang='lat' dir='ltr'><strong>traJecerit</strong></span> <span class='ocrx_word' id='word_1_152' title='bbox 394 1579 463 1621; x_wconf 89' lang='lat' dir='ltr'><strong>vero</strong></span> <span class='ocrx_word' id='word_1_153' title='bbox 486 1563 661 1634; x_wconf 83' lang='lat' dir='ltr'><strong>etiamnum,</strong></span> <span class='ocrx_word' id='word_1_154' title='bbox 685 1579 737 1640; x_wconf 91' lang='lat' dir='ltr'><strong>per</strong></span> <span class='ocrx_word' id='word_1_155' title='bbox 760 1561 800 1621; x_wconf 88' lang='lat' dir='ltr'><strong>th.</strong></span> <span class='ocrx_word' id='word_1_156' title='bbox 824 1560 856 1632; x_wconf 94' lang='lat' dir='ltr'><strong>I,</strong></span> <span class='ocrx_word' id='word_1_157' title='bbox 880 1562 1015 1637; x_wconf 86' lang='lat' dir='ltr'><strong>trajectio</strong></span> <span class='ocrx_word' id='word_1_158' title='bbox 1038 1562 1127 1636; x_wconf 90' lang='lat' dir='ltr'><strong>igitur</strong></span> <span class='ocrx_word' id='word_1_159' title='bbox 1149 1562 1178 1619; x_wconf 94' lang='lat' dir='ltr'><strong>in</strong></span> <span class='ocrx_word' id='word_1_160' title='bbox 1200 1561 1259 1621; x_wconf 88' lang='lat' dir='ltr'><strong>line</strong></span> <span class='ocrx_word' id='word_1_161' title='bbox 1281 1564 1335 1621; x_wconf 89' lang='lat' dir='ltr'><strong>luit</strong></span> <span class='ocrx_word' id='word_1_162' title='bbox 1358 1564 1451 1623; x_wconf 87' lang='lat' dir='ltr'><strong>motui</strong></span> 
     </span>
     <span class='ocr_line' id='line_1_15' title="bbox 89 1648 1451 1727; baseline 0.001 -20"><span class='ocrx_word' id='word_1_163' title='bbox 89 1648 218 1708; x_wconf 84' lang='lat' dir='ltr'><strong>Telluris</strong></span> <span class='ocrx_word' id='word_1_164' title='bbox 241 1648 295 1707; x_wconf 77' lang='lat' dir='ltr'><strong>KV</strong></span> <span class='ocrx_word' id='word_1_165' title='bbox 325 1650 357 1707; x_wconf 94' lang='lat' dir='ltr'><strong>in</strong></span> <span class='ocrx_word' id='word_1_166' title='bbox 386 1648 509 1709; x_wconf 86' lang='lat' dir='ltr'><strong>eandam</strong></span> <span class='ocrx_word' id='word_1_167' title='bbox 540 1650 673 1727; x_wconf 86' lang='lat' dir='ltr'><strong>plagam,</strong></span> <span class='ocrx_word' id='word_1_168' title='bbox 703 1667 757 1725; x_wconf 89' lang='lat' dir='ltr'><strong>per</strong></span> <span class='ocrx_word' id='word_1_169' title='bbox 778 1648 820 1707; x_wconf 92' lang='lat' dir='ltr'><strong>tb.</strong></span> <span class='ocrx_word' id='word_1_170' title='bbox 844 1649 897 1708; x_wconf 93' lang='lat' dir='ltr'><strong>IV.</strong></span> <span class='ocrx_word' id='word_1_171' title='bbox 944 1649 982 1707; x_wconf 90' lang='lat' dir='ltr'><strong>Et</strong></span> <span class='ocrx_word' id='word_1_172' title='bbox 1012 1666 1077 1707; x_wconf 90' lang='lat' dir='ltr'><strong>cum</strong></span> <span class='ocrx_word' id='word_1_173' title='bbox 1108 1648 1274 1724; x_wconf 87' lang='lat' dir='ltr'><strong>trajectoria</strong></span> <span class='ocrx_word' id='word_1_174' title='bbox 1305 1652 1343 1707; x_wconf 89' lang='lat' dir='ltr'><strong>sit</strong></span> <span class='ocrx_word' id='word_1_175' title='bbox 1373 1649 1451 1710; x_wconf 89' lang='lat' dir='ltr'><strong>linea</strong></span> 
     </span>
     <span class='ocr_line' id='line_1_16' title="bbox 90 1733 1449 1812; baseline 0 -17"><span class='ocrx_word' id='word_1_176' title='bbox 90 1744 187 1809; x_wconf 86' lang='lat' dir='ltr'><strong>recta,</strong></span> <span class='ocrx_word' id='word_1_177' title='bbox 210 1753 262 1812; x_wconf 90' lang='lat' dir='ltr'><strong>por</strong></span> <span class='ocrx_word' id='word_1_178' title='bbox 284 1743 447 1797; x_wconf 88' lang='lat' dir='ltr'><strong>assumtum</strong></span> <span class='ocrx_word' id='word_1_179' title='bbox 472 1743 507 1811; x_wconf 91' lang='lat'><strong>1,</strong></span> <span class='ocrx_word' id='word_1_180' title='bbox 530 1744 583 1797; x_wconf 92' lang='lat' dir='ltr'><strong>aut</strong></span> <span class='ocrx_word' id='word_1_181' title='bbox 604 1737 694 1812; x_wconf 82' lang='lat' dir='ltr'><strong>igitur</strong></span> <span class='ocrx_word' id='word_1_182' title='bbox 715 1743 829 1797; x_wconf 87' lang='lat' dir='ltr'><strong>cometa</strong></span> <span class='ocrx_word' id='word_1_183' title='bbox 851 1734 907 1795; x_wconf 90' lang='lat' dir='ltr'><strong>luit</strong></span> <span class='ocrx_word' id='word_1_184' title='bbox 929 1737 958 1793; x_wconf 93' lang='lat' dir='ltr'><strong>in</strong></span> <span class='ocrx_word' id='word_1_185' title='bbox 982 1733 1086 1796; x_wconf 87' lang='lat' dir='ltr'><strong>ultima</strong></span> <span class='ocrx_word' id='word_1_186' title='bbox 1108 1737 1238 1795; x_wconf 86' lang='lat' dir='ltr'><strong>sectione</strong></span> <span class='ocrx_word' id='word_1_187' title='bbox 1262 1734 1396 1796; x_wconf 84' lang='lat' dir='ltr'><strong>elevatus</strong></span> <span class='ocrx_word' id='word_1_188' title='bbox 1419 1739 1449 1795; x_wconf 92' lang='lat' dir='ltr'><strong>in</strong></span> 
     </span>
     <span class='ocr_line' id='line_1_17' title="bbox 90 1822 1448 1901; baseline 0.002 -20"><span class='ocrx_word' id='word_1_189' title='bbox 90 1823 247 1895; x_wconf 88' lang='lat' dir='ltr'><strong>infinitum,</strong></span> <span class='ocrx_word' id='word_1_190' title='bbox 270 1842 322 1900; x_wconf 91' lang='lat' dir='ltr'><strong>per</strong></span> <span class='ocrx_word' id='word_1_191' title='bbox 347 1822 446 1883; x_wconf 90' lang='lat' dir='ltr'><strong>coroll.</strong></span> <span class='ocrx_word' id='word_1_192' title='bbox 464 1825 493 1896; x_wconf 92' lang='grc'><strong>2,</strong></span> <span class='ocrx_word' id='word_1_193' title='bbox 517 1823 596 1901; x_wconf 91' lang='lat' dir='ltr'><strong>quod</strong></span> <span class='ocrx_word' id='word_1_194' title='bbox 620 1830 665 1884; x_wconf 91' lang='lat' dir='ltr'><strong>est</strong></span> <span class='ocrx_word' id='word_1_195' title='bbox 686 1823 854 1898; x_wconf 91' lang='lat' dir='ltr'><strong>absurdum,</strong></span> <span class='ocrx_word' id='word_1_196' title='bbox 878 1831 930 1883; x_wconf 88' lang='lat' dir='ltr'><strong>aut</strong></span> <span class='ocrx_word' id='word_1_197' title='bbox 951 1823 1006 1882; x_wconf 89' lang='lat' dir='ltr'><strong>luit</strong></span> <span class='ocrx_word' id='word_1_198' title='bbox 1028 1824 1084 1883; x_wconf 90' lang='lat' dir='ltr'><strong>sub</strong></span> <span class='ocrx_word' id='word_1_199' title='bbox 1107 1822 1256 1900; x_wconf 81' lang='lat' dir='ltr'><strong>aliquibus</strong></span> <span class='ocrx_word' id='word_1_200' title='bbox 1279 1841 1314 1884; x_wconf 85' lang='lat' dir='ltr'><strong>ex</strong></span> <span class='ocrx_word' id='word_1_201' title='bbox 1338 1824 1448 1884; x_wconf 86' lang='lat' dir='ltr'><strong>ultimis</strong></span> 
     </span>
     <span class='ocr_line' id='line_1_18' title="bbox 89 1911 281 1971; baseline 0.01 -2"><span class='ocrx_word' id='word_1_202' title='bbox 89 1911 281 1971; x_wconf 86' lang='lat' dir='ltr'><strong>sectionibus.</strong></span> 
     </span>
    </p>

    <p class='ocr_par' dir='ltr' id='par_1_4' title="bbox 88 1994 1452 2251">
     <span class='ocr_line' id='line_1_19' title="bbox 198 1994 1451 2075; baseline 0.001 -18"><span class='ocrx_word' id='word_1_203' title='bbox 198 1996 439 2057; x_wconf 83' lang='lat' dir='ltr'><strong>Conclusio</strong></span> <span class='ocrx_word' id='word_1_204' title='bbox 462 1997 515 2060; x_wconf 85' lang='lat' dir='ltr'><strong>iv.</strong></span> <span class='ocrx_word' id='word_1_205' title='bbox 570 1995 647 2070; x_wconf 89' lang='lat' dir='ltr'><strong>Quia</strong></span> <span class='ocrx_word' id='word_1_206' title='bbox 680 1996 800 2056; x_wconf 88' lang='lat' dir='ltr'><strong>diurnus</strong></span> <span class='ocrx_word' id='word_1_207' title='bbox 832 2004 964 2059; x_wconf 90' lang='lat' dir='ltr'><strong>cometae</strong></span> <span class='ocrx_word' id='word_1_208' title='bbox 997 2004 1026 2056; x_wconf 91' lang='lat' dir='ltr'><strong>et</strong></span> <span class='ocrx_word' id='word_1_209' title='bbox 1058 1994 1182 2058; x_wconf 87' lang='lat' dir='ltr'><strong>latitudo</strong></span> <span class='ocrx_word' id='word_1_210' title='bbox 1214 1998 1451 2075; x_wconf 86' lang='lat' dir='ltr'><strong>septentrionalis</strong></span> 
     </span>
     <span class='ocr_line' id='line_1_20' title="bbox 88 2082 1452 2164; baseline 0.001 -19"><span class='ocrx_word' id='word_1_211' title='bbox 88 2084 177 2149; x_wconf 87' lang='lat' dir='ltr'><strong>simul</strong></span> <span class='ocrx_word' id='word_1_212' title='bbox 200 2084 318 2145; x_wconf 87' lang='lat' dir='ltr'><strong>luerunt</strong></span> <span class='ocrx_word' id='word_1_213' title='bbox 340 2085 485 2147; x_wconf 79' lang='lat' dir='ltr'><strong>maximae</strong></span> <span class='ocrx_word' id='word_1_214' title='bbox 508 2106 526 2146; x_wconf 92' lang='lat' dir='ltr'><strong>a</strong></span> <span class='ocrx_word' id='word_1_215' title='bbox 550 2087 600 2143; x_wconf 88' lang='grc'><strong>27.</strong></span> <span class='ocrx_word' id='word_1_216' title='bbox 624 2085 653 2142; x_wconf 92' lang='lat' dir='ltr'><strong>in</strong></span> <span class='ocrx_word' id='word_1_217' title='bbox 679 2084 729 2146; x_wconf 86' lang='lat'><strong>30.</strong></span> <span class='ocrx_word' id='word_1_218' title='bbox 752 2082 842 2162; x_wconf 84' lang='lat' dir='ltr'><strong>Sept,</strong></span> <span class='ocrx_word' id='word_1_219' title='bbox 874 2084 1041 2161; x_wconf 88' lang='lat' dir='ltr'><strong>trejectoria</strong></span> <span class='ocrx_word' id='word_1_220' title='bbox 1064 2103 1133 2161; x_wconf 83' lang='lat' dir='ltr'><strong>ergo</strong></span> <span class='ocrx_word' id='word_1_221' title='bbox 1156 2087 1286 2163; x_wconf 86' lang='lat' dir='ltr'><strong>proxime</strong></span> <span class='ocrx_word' id='word_1_222' title='bbox 1309 2085 1452 2164; x_wconf 82' lang='lat' dir='ltr'><strong>parallelo</strong></span> 
     </span>
     <span class='ocr_line' id='line_1_21' title="bbox 91 2170 691 2251; baseline 0.003 -19"><span class='ocrx_word' id='word_1_223' title='bbox 91 2174 146 2232; x_wconf 91' lang='lat' dir='ltr'><strong>luit</strong></span> <span class='ocrx_word' id='word_1_224' title='bbox 169 2171 259 2249; x_wconf 76' lang='lat' dir='ltr'><strong>[riano</strong></span> <span class='ocrx_word' id='word_1_225' title='bbox 282 2172 442 2250; x_wconf 89' lang='lat' dir='ltr'><strong>eclipticae,</strong></span> <span class='ocrx_word' id='word_1_226' title='bbox 466 2190 517 2251; x_wconf 91' lang='lat' dir='ltr'><strong>per</strong></span> <span class='ocrx_word' id='word_1_227' title='bbox 541 2172 581 2231; x_wconf 94' lang='lat' dir='ltr'><strong>tb.</strong></span> <span class='ocrx_word' id='word_1_228' title='bbox 605 2170 691 2234; x_wconf 85' lang='lat' dir='ltr'>XIV.</span> 
     </span>
    </p>

    <p class='ocr_par' dir='ltr' id='par_1_5' title="bbox 88 2256 1535 3192">
     <span class='ocr_line' id='line_1_22' title="bbox 193 2256 1451 2335; baseline 0.002 -17"><span class='ocrx_word' id='word_1_229' title='bbox 193 2258 434 2319; x_wconf 88' lang='lat' dir='ltr'><strong>Conclusio</strong></span> <span class='ocrx_word' id='word_1_230' title='bbox 456 2259 494 2318; x_wconf 89' lang='lat' dir='ltr'><strong>V.</strong></span> <span class='ocrx_word' id='word_1_231' title='bbox 541 2258 615 2318; x_wconf 90' lang='lat' dir='ltr'><strong>Cum</strong></span> <span class='ocrx_word' id='word_1_232' title='bbox 644 2258 772 2319; x_wconf 87' lang='lat' dir='ltr'><strong>latitudo</strong></span> <span class='ocrx_word' id='word_1_233' title='bbox 805 2256 1041 2335; x_wconf 87' lang='lat' dir='ltr'><strong>septentrionalis</strong></span> <span class='ocrx_word' id='word_1_234' title='bbox 1063 2258 1150 2317; x_wconf 87' lang='lat' dir='ltr'><strong>luerit</strong></span> <span class='ocrx_word' id='word_1_235' title='bbox 1172 2260 1326 2320; x_wconf 89' lang='lat' dir='ltr'><strong>imminuta</strong></span> <span class='ocrx_word' id='word_1_236' title='bbox 1349 2277 1451 2322; x_wconf 88' lang='lat' dir='ltr'><strong>versus</strong></span> 
     </span>
     <span class='ocr_line' id='line_1_23' title="bbox 88 2344 1451 2423; baseline 0.002 -18"><span class='ocrx_word' id='word_1_237' title='bbox 88 2348 176 2405; x_wconf 87' lang='lat' dir='ltr'><strong>finem</strong></span> <span class='ocrx_word' id='word_1_238' title='bbox 210 2347 351 2421; x_wconf 87' lang='lat' dir='ltr'><strong>multum,</strong></span> <span class='ocrx_word' id='word_1_239' title='bbox 384 2347 517 2407; x_wconf 80' lang='lat' dir='ltr'><strong>discessit</strong></span> <span class='ocrx_word' id='word_1_240' title='bbox 546 2348 636 2423; x_wconf 82' lang='lat' dir='ltr'><strong>igitur</strong></span> <span class='ocrx_word' id='word_1_241' title='bbox 667 2355 781 2407; x_wconf 88' lang='lat' dir='ltr'><strong>cometa</strong></span> <span class='ocrx_word' id='word_1_242' title='bbox 813 2345 935 2406; x_wconf 91' lang='lat' dir='ltr'><strong>multum</strong></span> <span class='ocrx_word' id='word_1_243' title='bbox 960 2365 978 2405; x_wconf 93' lang='lat' dir='ltr'><strong>a</strong></span> <span class='ocrx_word' id='word_1_244' title='bbox 1001 2344 1108 2420; x_wconf 84' lang='lat' dir='ltr'><strong>Terra,</strong></span> <span class='ocrx_word' id='word_1_245' title='bbox 1143 2365 1194 2423; x_wconf 90' lang='lat' dir='ltr'><strong>per</strong></span> <span class='ocrx_word' id='word_1_246' title='bbox 1227 2348 1319 2406; x_wconf 89' lang='lat' dir='ltr'><strong>conci.</strong></span> <span class='ocrx_word' id='word_1_247' title='bbox 1344 2346 1397 2406; x_wconf 90' lang='lat' dir='ltr'><strong>IV.</strong></span> <span class='ocrx_word' id='word_1_248' title='bbox 1421 2357 1451 2409; x_wconf 89' lang='lat' dir='ltr'><strong>et</strong></span> 
     </span>
     <span class='ocr_line' id='line_1_24' title="bbox 88 2432 1450 2509; baseline 0.002 -17"><span class='ocrx_word' id='word_1_249' title='bbox 88 2434 128 2492; x_wconf 87' lang='lat' dir='ltr'><strong>th.</strong></span> <span class='ocrx_word' id='word_1_250' title='bbox 145 2433 217 2494; x_wconf 86' lang='lat' dir='ltr'><strong>XV.</strong></span> <span class='ocrx_word' id='word_1_251' title='bbox 258 2434 339 2495; x_wconf 89' lang='lat' dir='ltr'><strong>Idem</strong></span> <span class='ocrx_word' id='word_1_252' title='bbox 362 2432 548 2494; x_wconf 85' lang='lat' dir='ltr'><strong>confirmatur</strong></span> <span class='ocrx_word' id='word_1_253' title='bbox 570 2434 658 2493; x_wconf 87' lang='lat' dir='ltr'><strong>etiam</strong></span> <span class='ocrx_word' id='word_1_254' title='bbox 682 2452 718 2493; x_wconf 87' lang='lat' dir='ltr'><strong>ex</strong></span> <span class='ocrx_word' id='word_1_255' title='bbox 741 2434 942 2493; x_wconf 86' lang='lat' dir='ltr'><strong>imminutione</strong></span> <span class='ocrx_word' id='word_1_256' title='bbox 966 2434 1139 2509; x_wconf 85' lang='lat' dir='ltr'><strong>quantitatis</strong></span> <span class='ocrx_word' id='word_1_257' title='bbox 1163 2434 1291 2509; x_wconf 91' lang='lat' dir='ltr'><strong>corporis</strong></span> <span class='ocrx_word' id='word_1_258' title='bbox 1308 2444 1450 2508; x_wconf 89' lang='lat' dir='ltr'><strong>cometae,</strong></span> 
     </span>
     <span class='ocr_line' id='line_1_25' title="bbox 89 2519 1449 2598; baseline 0.004 -20"><span class='ocrx_word' id='word_1_259' title='bbox 89 2521 236 2597; x_wconf 87' lang='lat' dir='ltr'><strong>siquidem</strong></span> <span class='ocrx_word' id='word_1_260' title='bbox 261 2539 296 2580; x_wconf 90' lang='lat' dir='ltr'><strong>ca</strong></span> <span class='ocrx_word' id='word_1_261' title='bbox 318 2538 348 2581; x_wconf 90' lang='lat' dir='ltr'><strong>re</strong></span> <span class='ocrx_word' id='word_1_262' title='bbox 372 2539 442 2580; x_wconf 89' lang='lat' dir='ltr'><strong>vera</strong></span> <span class='ocrx_word' id='word_1_263' title='bbox 465 2525 492 2579; x_wconf 92' lang='lat' dir='ltr'><strong>in</strong></span> <span class='ocrx_word' id='word_1_264' title='bbox 517 2524 582 2598; x_wconf 93' lang='lat' dir='ltr'><strong>ipso</strong></span> <span class='ocrx_word' id='word_1_265' title='bbox 606 2529 719 2581; x_wconf 90' lang='lat' dir='ltr'><strong>cometa</strong></span> <span class='ocrx_word' id='word_1_266' title='bbox 742 2523 881 2581; x_wconf 88' lang='lat' dir='ltr'><strong>manserit</strong></span> <span class='ocrx_word' id='word_1_267' title='bbox 904 2519 1015 2579; x_wconf 87' lang='lat' dir='ltr'><strong>eadem.</strong></span> <span class='ocrx_word' id='word_1_268' title='bbox 1062 2519 1174 2594; x_wconf 82' lang='lat' dir='ltr'><strong>Quodsi</strong></span> <span class='ocrx_word' id='word_1_269' title='bbox 1198 2521 1288 2580; x_wconf 88' lang='lat' dir='ltr'><strong>Terra</strong></span> <span class='ocrx_word' id='word_1_270' title='bbox 1310 2524 1449 2597; x_wconf 87' lang='lat' dir='ltr'><strong>stetisset,</strong></span> 
     </span>
     <span class='ocr_line' id='line_1_26' title="bbox 90 2602 1451 2683; baseline 0.003 -18"><span class='ocrx_word' id='word_1_271' title='bbox 90 2609 233 2667; x_wconf 89' lang='lat' dir='ltr'><strong>discessio</strong></span> <span class='ocrx_word' id='word_1_272' title='bbox 258 2609 310 2666; x_wconf 93' lang='lat' dir='ltr'><strong>illa</strong></span> <span class='ocrx_word' id='word_1_273' title='bbox 332 2617 465 2668; x_wconf 87' lang='lat' dir='ltr'><strong>cometae</strong></span> <span class='ocrx_word' id='word_1_274' title='bbox 481 2627 499 2667; x_wconf 90' lang='lat' dir='ltr'><strong>a</strong></span> <span class='ocrx_word' id='word_1_275' title='bbox 513 2608 606 2668; x_wconf 80' lang='lat' dir='ltr'><strong>&#39;Ierrn</strong></span> <span class='ocrx_word' id='word_1_276' title='bbox 627 2608 706 2667; x_wconf 88' lang='lat' dir='ltr'><strong>lacta</strong></span> <span class='ocrx_word' id='word_1_277' title='bbox 730 2616 808 2668; x_wconf 90' lang='lat' dir='ltr'><strong>esset</strong></span> <span class='ocrx_word' id='word_1_278' title='bbox 831 2608 939 2667; x_wconf 88' lang='lat' dir='ltr'><strong>directe</strong></span> <span class='ocrx_word' id='word_1_279' title='bbox 963 2622 1064 2665; x_wconf 89' lang='lat' dir='ltr'><strong>versus</strong></span> <span class='ocrx_word' id='word_1_280' title='bbox 1081 2602 1116 2663; x_wconf 88' lang='grc'><strong>20</strong></span> <span class='ocrx_word' id='word_1_281' title='bbox 1138 2607 1181 2680; x_wconf 68' lang='lat' dir='ltr'><strong>s,</strong></span> <span class='ocrx_word' id='word_1_282' title='bbox 1207 2610 1277 2683; x_wconf 91' lang='lat' dir='ltr'><strong>quia</strong></span> <span class='ocrx_word' id='word_1_283' title='bbox 1292 2618 1321 2667; x_wconf 90' lang='lat' dir='ltr'><strong>et</strong></span> <span class='ocrx_word' id='word_1_284' title='bbox 1336 2619 1451 2670; x_wconf 87' lang='lat' dir='ltr'><strong>cometa</strong></span> 
     </span>
     <span class='ocr_line' id='line_1_27' title="bbox 88 2693 1450 2772; baseline 0.003 -19"><span class='ocrx_word' id='word_1_285' title='bbox 88 2698 117 2753; x_wconf 90' lang='lat' dir='ltr'><strong>in</strong></span> <span class='ocrx_word' id='word_1_286' title='bbox 134 2694 169 2753; x_wconf 92' lang='grc'><strong>20</strong></span> <span class='ocrx_word' id='word_1_287' title='bbox 191 2696 221 2766; x_wconf 73' lang='grc' dir='ltr'><strong>,ἰ</strong></span> <span class='ocrx_word' id='word_1_288' title='bbox 252 2695 407 2755; x_wconf 87' lang='lat' dir='ltr'><strong>videbatur</strong></span> <span class='ocrx_word' id='word_1_289' title='bbox 429 2698 619 2755; x_wconf 85' lang='lat' dir='ltr'><strong>stationarius</strong></span> <span class='ocrx_word' id='word_1_290' title='bbox 642 2694 802 2756; x_wconf 89' lang='lat' dir='ltr'><strong>secundum</strong></span> <span class='ocrx_word' id='word_1_291' title='bbox 824 2693 1047 2772; x_wconf 84' lang='lat' dir='ltr'><strong>longitudinem.</strong></span> <span class='ocrx_word' id='word_1_292' title='bbox 1086 2693 1144 2752; x_wconf 89' lang='lat' dir='ltr'><strong>Sed</strong></span> <span class='ocrx_word' id='word_1_293' title='bbox 1168 2696 1238 2770; x_wconf 90' lang='lat' dir='ltr'><strong>quia</strong></span> <span class='ocrx_word' id='word_1_294' title='bbox 1252 2695 1344 2755; x_wconf 82' lang='lat' dir='ltr'><strong>&#39;Icrra</strong></span> <span class='ocrx_word' id='word_1_295' title='bbox 1364 2698 1450 2757; x_wconf 92' lang='lat' dir='ltr'><strong>simul</strong></span> 
     </span>
     <span class='ocr_line' id='line_1_28' title="bbox 88 2779 1452 2859; baseline 0.003 -19"><span class='ocrx_word' id='word_1_296' title='bbox 88 2791 223 2859; x_wconf 91' lang='lat' dir='ltr'><strong>promota</strong></span> <span class='ocrx_word' id='word_1_297' title='bbox 245 2783 316 2855; x_wconf 89' lang='lat' dir='ltr'><strong>luit,</strong></span> <span class='ocrx_word' id='word_1_298' title='bbox 340 2791 542 2857; x_wconf 73' lang='lat' dir='ltr'><strong>necesseast,</strong></span> <span class='ocrx_word' id='word_1_299' title='bbox 570 2782 779 2843; x_wconf 87' lang='lat' dir='ltr'><strong>discessionem</strong></span> <span class='ocrx_word' id='word_1_300' title='bbox 803 2783 883 2842; x_wconf 89' lang='lat' dir='ltr'><strong>iilam</strong></span> <span class='ocrx_word' id='word_1_301' title='bbox 906 2783 1012 2841; x_wconf 87' lang='lat' dir='ltr'><strong>iactam</strong></span> <span class='ocrx_word' id='word_1_302' title='bbox 1037 2779 1156 2857; x_wconf 85' lang='lat' dir='ltr'><strong>oblique</strong></span> <span class='ocrx_word' id='word_1_303' title='bbox 1179 2800 1282 2842; x_wconf 88' lang='lat' dir='ltr'><strong>versus</strong></span> <span class='ocrx_word' id='word_1_304' title='bbox 1305 2787 1452 2844; x_wconf 83' lang='lat' dir='ltr'><strong>anteriore</strong></span> 
     </span>
     <span class='ocr_line' id='line_1_29' title="bbox 88 2864 1535 2947; baseline 0.002 -20"><span class='ocrx_word' id='word_1_305' title='bbox 88 2872 180 2946; x_wconf 87' lang='lat' dir='ltr'><strong>ipsius</strong></span> <span class='ocrx_word' id='word_1_306' title='bbox 205 2864 241 2927; x_wconf 85' lang='grc'><strong>20</strong></span> <span class='ocrx_word' id='word_1_307' title='bbox 271 2871 314 2942; x_wconf 59' lang='lat' dir='ltr'><strong>f,</strong></span> <span class='ocrx_word' id='word_1_308' title='bbox 344 2871 511 2946; x_wconf 88' lang='lat' dir='ltr'><strong>trajectorla</strong></span> <span class='ocrx_word' id='word_1_309' title='bbox 533 2873 621 2947; x_wconf 84' lang='lat' dir='ltr'><strong>igitur</strong></span> <span class='ocrx_word' id='word_1_310' title='bbox 644 2870 825 2946; x_wconf 84' lang='lat' dir='ltr'><strong>dirigebatur</strong></span> <span class='ocrx_word' id='word_1_311' title='bbox 849 2888 951 2930; x_wconf 85' lang='lat' dir='ltr'><strong>versus</strong></span> <span class='ocrx_word' id='word_1_312' title='bbox 975 2871 1120 2928; x_wconf 91' lang='lat' dir='ltr'><strong>anteriora</strong></span> <span class='ocrx_word' id='word_1_313' title='bbox 1142 2870 1234 2945; x_wconf 90' lang='lat' dir='ltr'><strong>ipsius</strong></span> <span class='ocrx_word' id='word_1_314' title='bbox 1259 2865 1294 2928; x_wconf 89' lang='grc'><strong>20</strong></span> <span class='ocrx_word' id='word_1_315' title='bbox 1324 2870 1367 2944; x_wconf 50' lang='lat' dir='ltr'><strong>f,</strong></span> <span class='ocrx_word' id='word_1_316' title='bbox 1391 2888 1450 2931; x_wconf 88' lang='lat' dir='ltr'><strong>non</strong></span> <span class='ocrx_word' id='word_1_317' title='bbox 1533 2895 1535 2899; x_wconf 49' lang='lat'><em>⁷</em></span> 
     </span>
     <span class='ocr_line' id='line_1_30' title="bbox 90 2955 1449 3034; baseline 0.001 -18"><span class='ocrx_word' id='word_1_318' title='bbox 90 2968 187 3016; x_wconf 89' lang='lat' dir='ltr'><strong>tamen</strong></span> <span class='ocrx_word' id='word_1_319' title='bbox 218 2957 357 3031; x_wconf 90' lang='lat' dir='ltr'><strong>multum,</strong></span> <span class='ocrx_word' id='word_1_320' title='bbox 392 2960 463 3033; x_wconf 89' lang='lat' dir='ltr'><strong>quia</strong></span> <span class='ocrx_word' id='word_1_321' title='bbox 491 2975 550 3016; x_wconf 93' lang='lat' dir='ltr'><strong>non</strong></span> <span class='ocrx_word' id='word_1_322' title='bbox 579 2957 703 3016; x_wconf 88' lang='lat' dir='ltr'><strong>multum</strong></span> <span class='ocrx_word' id='word_1_323' title='bbox 733 2958 852 3034; x_wconf 90' lang='lat' dir='ltr'><strong>oblique</strong></span> <span class='ocrx_word' id='word_1_324' title='bbox 875 2974 893 3016; x_wconf 87' lang='lat' dir='ltr'><strong>a</strong></span> <span class='ocrx_word' id='word_1_325' title='bbox 915 2956 1006 3016; x_wconf 80' lang='lat' dir='ltr'><strong>Terra</strong></span> <span class='ocrx_word' id='word_1_326' title='bbox 1036 2955 1183 3015; x_wconf 89' lang='lat' dir='ltr'><strong>discedere</strong></span> <span class='ocrx_word' id='word_1_327' title='bbox 1206 2959 1302 3032; x_wconf 88' lang='lat' dir='ltr'><strong>potuit</strong></span> <span class='ocrx_word' id='word_1_328' title='bbox 1326 2965 1449 3030; x_wconf 86' lang='lat' dir='ltr'><strong>cometa,</strong></span> 
     </span>
     <span class='ocr_line' id='line_1_31' title="bbox 90 3043 1451 3122; baseline 0.001 -19"><span class='ocrx_word' id='word_1_329' title='bbox 90 3047 199 3122; x_wconf 87' lang='lat' dir='ltr'><strong>quippe</strong></span> <span class='ocrx_word' id='word_1_330' title='bbox 221 3044 411 3104; x_wconf 87' lang='lat' dir='ltr'><strong>stationarius</strong></span> <span class='ocrx_word' id='word_1_331' title='bbox 434 3043 472 3104; x_wconf 87' lang='lat' dir='ltr'><strong>ad</strong></span> <span class='ocrx_word' id='word_1_332' title='bbox 495 3049 591 3104; x_wconf 85' lang='lat' dir='ltr'><strong>visum</strong></span> <span class='ocrx_word' id='word_1_333' title='bbox 614 3043 774 3104; x_wconf 88' lang='lat' dir='ltr'><strong>secundnm</strong></span> <span class='ocrx_word' id='word_1_334' title='bbox 797 3044 1010 3122; x_wconf 83' lang='lat' dir='ltr'><strong>longitudinem</strong></span> <span class='ocrx_word' id='word_1_335' title='bbox 1034 3049 1063 3103; x_wconf 92' lang='lat' dir='ltr'><strong>ot</strong></span> <span class='ocrx_word' id='word_1_336' title='bbox 1085 3050 1183 3103; x_wconf 90' lang='lat' dir='ltr'><strong>tamen</strong></span> <span class='ocrx_word' id='word_1_337' title='bbox 1206 3044 1383 3105; x_wconf 89' lang='lat' dir='ltr'><strong>sensibiliter</strong></span> <span class='ocrx_word' id='word_1_338' title='bbox 1402 3051 1451 3105; x_wconf 89' lang='lat' dir='ltr'><strong>at·</strong></span> 
     </span>
     <span class='ocr_line' id='line_1_32' title="bbox 90 3131 431 3192; baseline 0 -2"><span class='ocrx_word' id='word_1_339' title='bbox 90 3140 213 3192; x_wconf 89' lang='lat' dir='ltr'><strong>tenuans</strong></span> <span class='ocrx_word' id='word_1_340' title='bbox 236 3131 431 3191; x_wconf 92' lang='lat' dir='ltr'><strong>latitudinem.</strong></span> 
     </span>
    </p>

    <p class='ocr_par' dir='ltr' id='par_1_6' title="bbox 90 3217 1450 3470">
     <span class='ocr_line' id='line_1_33' title="bbox 193 3217 1450 3297; baseline 0.002 -19"><span class='ocrx_word' id='word_1_341' title='bbox 193 3218 433 3278; x_wconf 84' lang='lat' dir='ltr'><strong>Conclusio</strong></span> <span class='ocrx_word' id='word_1_342' title='bbox 456 3217 509 3277; x_wconf 92' lang='lat' dir='ltr'><strong>Vi.</strong></span> <span class='ocrx_word' id='word_1_343' title='bbox 557 3219 630 3278; x_wconf 90' lang='lat' dir='ltr'><strong>Cum</strong></span> <span class='ocrx_word' id='word_1_344' title='bbox 659 3228 756 3279; x_wconf 91' lang='lat' dir='ltr'><strong>motus</strong></span> <span class='ocrx_word' id='word_1_345' title='bbox 779 3219 900 3278; x_wconf 90' lang='lat' dir='ltr'><strong>diurnus</strong></span> <span class='ocrx_word' id='word_1_346' title='bbox 923 3238 940 3277; x_wconf 86' lang='lat' dir='ltr'><strong>a</strong></span> <span class='ocrx_word' id='word_1_347' title='bbox 965 3221 1016 3276; x_wconf 91' lang='grc'><strong>27.</strong></span> <span class='ocrx_word' id='word_1_348' title='bbox 1041 3220 1070 3275; x_wconf 94' lang='lat' dir='ltr'><strong>in</strong></span> <span class='ocrx_word' id='word_1_349' title='bbox 1094 3220 1145 3278; x_wconf 81' lang='lat'><strong>30.</strong></span> <span class='ocrx_word' id='word_1_350' title='bbox 1170 3217 1249 3297; x_wconf 88' lang='lat' dir='ltr'><strong>Sept.</strong></span> <span class='ocrx_word' id='word_1_351' title='bbox 1275 3221 1361 3279; x_wconf 87' lang='lat' dir='ltr'><strong>luerit</strong></span> <span class='ocrx_word' id='word_1_352' title='bbox 1384 3238 1450 3280; x_wconf 90' lang='lat' dir='ltr'><strong>ma·</strong></span> 
     </span>
     <span class='ocr_line' id='line_1_34' title="bbox 90 3304 1450 3385; baseline 0.004 -22"><span class='ocrx_word' id='word_1_353' title='bbox 90 3308 200 3379; x_wconf 80' lang='lat' dir='ltr'><strong>rimus,</strong></span> <span class='ocrx_word' id='word_1_354' title='bbox 232 3316 261 3367; x_wconf 91' lang='lat' dir='ltr'><strong>et</strong></span> <span class='ocrx_word' id='word_1_355' title='bbox 289 3306 457 3383; x_wconf 89' lang='lat' dir='ltr'><strong>trajectoria</strong></span> <span class='ocrx_word' id='word_1_356' title='bbox 483 3323 535 3382; x_wconf 90' lang='lat' dir='ltr'><strong>per</strong></span> <span class='ocrx_word' id='word_1_357' title='bbox 557 3315 719 3365; x_wconf 78' lang='lat' dir='ltr'><strong>assumtum</strong></span> <span class='ocrx_word' id='word_1_358' title='bbox 744 3313 771 3366; x_wconf 88' lang='lat'><strong>3.</strong></span> <span class='ocrx_word' id='word_1_359' title='bbox 808 3309 837 3364; x_wconf 91' lang='lat' dir='ltr'><strong>in</strong></span> <span class='ocrx_word' id='word_1_360' title='bbox 868 3307 1011 3385; x_wconf 92' lang='lat' dir='ltr'><strong>principio</strong></span> <span class='ocrx_word' id='word_1_361' title='bbox 1043 3304 1207 3381; x_wconf 85' lang='lat' dir='ltr'><strong>aequabilis</strong></span> <span class='ocrx_word' id='word_1_362' title='bbox 1229 3308 1329 3380; x_wconf 82' lang='lat' dir='ltr'><strong>suerit,</strong></span> <span class='ocrx_word' id='word_1_363' title='bbox 1360 3308 1450 3368; x_wconf 87' lang='lat' dir='ltr'><strong>Terra</strong></span> 
     </span>
     <span class='ocr_line' id='line_1_35' title="bbox 94 3387 1401 3470; baseline 0 -21"><span class='ocrx_word' id='word_1_364' title='bbox 94 3393 181 3469; x_wconf 89' lang='lat' dir='ltr'><strong>igitur</strong></span> <span class='ocrx_word' id='word_1_365' title='bbox 206 3396 338 3470; x_wconf 82' lang='lat' dir='ltr'><strong>proxima</strong></span> <span class='ocrx_word' id='word_1_366' title='bbox 360 3394 416 3452; x_wconf 89' lang='lat' dir='ltr'><strong>luit</strong></span> <span class='ocrx_word' id='word_1_367' title='bbox 438 3402 568 3453; x_wconf 89' lang='lat' dir='ltr'><strong>cometae</strong></span> <span class='ocrx_word' id='word_1_368' title='bbox 593 3396 643 3453; x_wconf 90' lang='grc'><strong>28,</strong></span> <span class='ocrx_word' id='word_1_369' title='bbox 668 3394 714 3452; x_wconf 87' lang='lat' dir='ltr'><strong>vel</strong></span> <span class='ocrx_word' id='word_1_370' title='bbox 740 3401 791 3454; x_wconf 88' lang='grc'><strong>29.</strong></span> <span class='ocrx_word' id='word_1_371' title='bbox 807 3393 899 3470; x_wconf 84' lang='lat' dir='ltr'><strong>Sept,</strong></span> <span class='ocrx_word' id='word_1_372' title='bbox 924 3410 974 3469; x_wconf 85' lang='lat' dir='ltr'><strong>per</strong></span> <span class='ocrx_word' id='word_1_373' title='bbox 997 3392 1038 3450; x_wconf 92' lang='lat' dir='ltr'><strong>tb.</strong></span> <span class='ocrx_word' id='word_1_374' title='bbox 1063 3390 1135 3450; x_wconf 89' lang='lat' dir='ltr'><strong>XII.</strong></span> <span class='ocrx_word' id='word_1_375' title='bbox 1399 3387 1401 3391; x_wconf 48' lang='lat'><strong><em>⁴</em></strong></span> 
     </span>
    </p>

    <p class='ocr_par' dir='ltr' id='par_1_7' title="bbox 86 3480 1448 4341">
     <span class='ocr_line' id='line_1_36' title="bbox 199 3480 1445 3556; baseline 0.001 -17"><span class='ocrx_word' id='word_1_376' title='bbox 199 3480 414 3540; x_wconf 86' lang='lat' dir='ltr'><strong>Conclusio</strong></span> <span class='ocrx_word' id='word_1_377' title='bbox 438 3480 507 3540; x_wconf 93' lang='lat' dir='ltr'><strong>VII.</strong></span> <span class='ocrx_word' id='word_1_378' title='bbox 553 3482 626 3539; x_wconf 90' lang='lat' dir='ltr'><strong>Cum</strong></span> <span class='ocrx_word' id='word_1_379' title='bbox 649 3499 701 3556; x_wconf 90' lang='lat' dir='ltr'><strong>per</strong></span> <span class='ocrx_word' id='word_1_380' title='bbox 723 3481 940 3540; x_wconf 86' lang='lat' dir='ltr'><strong>conclusionem</strong></span> <span class='ocrx_word' id='word_1_381' title='bbox 962 3480 997 3537; x_wconf 88' lang='lat' dir='ltr'><strong>V.</strong></span> <span class='ocrx_word' id='word_1_382' title='bbox 1023 3480 1189 3556; x_wconf 87' lang='lat' dir='ltr'><strong>trajectoria</strong></span> <span class='ocrx_word' id='word_1_383' title='bbox 1211 3487 1314 3554; x_wconf 86' lang='lat' dir='ltr'><strong>vergat</strong></span> <span class='ocrx_word' id='word_1_384' title='bbox 1338 3484 1366 3538; x_wconf 91' lang='lat' dir='ltr'><strong>in</strong></span> <span class='ocrx_word' id='word_1_385' title='bbox 1390 3498 1445 3540; x_wconf 89' lang='lat' dir='ltr'><strong>an·</strong></span> 
     </span>
     <span class='ocr_line' id='line_1_37' title="bbox 93 3564 1448 3646; baseline 0.001 -20"><span class='ocrx_word' id='word_1_386' title='bbox 93 3569 199 3628; x_wconf 87' lang='lat' dir='ltr'><strong>terlora</strong></span> <span class='ocrx_word' id='word_1_387' title='bbox 214 3570 308 3645; x_wconf 90' lang='lat' dir='ltr'><strong>ipsius</strong></span> <span class='ocrx_word' id='word_1_388' title='bbox 326 3564 361 3627; x_wconf 78' lang='grc'><strong>20</strong></span> <span class='ocrx_word' id='word_1_389' title='bbox 383 3568 428 3639; x_wconf 68' lang='lat' dir='ltr'><strong>l,</strong></span> <span class='ocrx_word' id='word_1_390' title='bbox 451 3567 700 3646; x_wconf 89' lang='lat' dir='ltr'><strong>perpendicularis</strong></span> <span class='ocrx_word' id='word_1_391' title='bbox 716 3571 801 3643; x_wconf 88' lang='lat' dir='ltr'><strong>igitur</strong></span> <span class='ocrx_word' id='word_1_392' title='bbox 817 3569 1000 3643; x_wconf 89' lang='lat' dir='ltr'><strong>trajectoriae</strong></span> <span class='ocrx_word' id='word_1_393' title='bbox 1017 3569 1111 3642; x_wconf 87' lang='lat' dir='ltr'><strong>vergit</strong></span> <span class='ocrx_word' id='word_1_394' title='bbox 1133 3569 1161 3623; x_wconf 89' lang='lat' dir='ltr'><strong>iu</strong></span> <span class='ocrx_word' id='word_1_395' title='bbox 1183 3569 1329 3627; x_wconf 88' lang='lat' dir='ltr'><strong>anteriora</strong></span> <span class='ocrx_word' id='word_1_396' title='bbox 1353 3566 1388 3628; x_wconf 90' lang='grc'><strong>20</strong></span> <span class='ocrx_word' id='word_1_397' title='bbox 1403 3578 1448 3642; x_wconf 68' lang='grc' dir='ltr'><strong>ηρ,</strong></span> 
     </span>
     <span class='ocr_line' id='line_1_38' title="bbox 91 3654 1448 3732; baseline 0.003 -19"><span class='ocrx_word' id='word_1_398' title='bbox 91 3655 145 3714; x_wconf 92' lang='lat' dir='ltr'><strong>boc</strong></span> <span class='ocrx_word' id='word_1_399' title='bbox 178 3665 225 3715; x_wconf 88' lang='lat' dir='ltr'><strong>est</strong></span> <span class='ocrx_word' id='word_1_400' title='bbox 258 3658 286 3712; x_wconf 94' lang='lat' dir='ltr'><strong>in</strong></span> <span class='ocrx_word' id='word_1_401' title='bbox 311 3658 347 3729; x_wconf 67' lang='lat'><strong>53,</strong></span> <span class='ocrx_word' id='word_1_402' title='bbox 378 3672 413 3714; x_wconf 90' lang='lat' dir='ltr'><strong>ac</strong></span> <span class='ocrx_word' id='word_1_403' title='bbox 437 3672 503 3714; x_wconf 87' lang='lat' dir='ltr'><strong>curn</strong></span> <span class='ocrx_word' id='word_1_404' title='bbox 526 3659 608 3715; x_wconf 87' lang='lat' dir='ltr'><strong>visus</strong></span> <span class='ocrx_word' id='word_1_405' title='bbox 631 3658 670 3714; x_wconf 91' lang='lat' dir='ltr'><strong>sit</strong></span> <span class='ocrx_word' id='word_1_406' title='bbox 692 3664 808 3715; x_wconf 85' lang='lat' dir='ltr'><strong>cometa</strong></span> <span class='ocrx_word' id='word_1_407' title='bbox 830 3659 880 3714; x_wconf 88' lang='grc'><strong>26.</strong></span> <span class='ocrx_word' id='word_1_408' title='bbox 906 3659 957 3715; x_wconf 92' lang='grc'><strong>27.</strong></span> <span class='ocrx_word' id='word_1_409' title='bbox 982 3654 1062 3730; x_wconf 91' lang='lat' dir='ltr'><strong>Sept.</strong></span> <span class='ocrx_word' id='word_1_410' title='bbox 1088 3657 1116 3710; x_wconf 90' lang='lat' dir='ltr'><strong>in</strong></span> <span class='ocrx_word' id='word_1_411' title='bbox 1142 3658 1183 3732; x_wconf 65' lang='lat' dir='ltr'><strong>Q,</strong></span> <span class='ocrx_word' id='word_1_412' title='bbox 1215 3655 1333 3729; x_wconf 87' lang='lat' dir='ltr'><strong>quando</strong></span> <span class='ocrx_word' id='word_1_413' title='bbox 1356 3656 1448 3717; x_wconf 82' lang='lat' dir='ltr'><strong>Terra</strong></span> 
     </span>
     <span class='ocr_line' id='line_1_39' title="bbox 92 3740 1446 3819; baseline 0.003 -20"><span class='ocrx_word' id='word_1_414' title='bbox 92 3745 120 3799; x_wconf 92' lang='lat' dir='ltr'><strong>in</strong></span> <span class='ocrx_word' id='word_1_415' title='bbox 138 3744 188 3817; x_wconf 89' lang='grc' dir='ltr'><strong>Υ,</strong></span> <span class='ocrx_word' id='word_1_416' title='bbox 212 3742 304 3801; x_wconf 84' lang='grc' dir='ltr'>Τεττε</span> <span class='ocrx_word' id='word_1_417' title='bbox 319 3744 409 3818; x_wconf 90' lang='lat' dir='ltr'><strong>igitur</strong></span> <span class='ocrx_word' id='word_1_418' title='bbox 430 3752 501 3801; x_wconf 90' lang='lat' dir='ltr'><strong>tune</strong></span> <span class='ocrx_word' id='word_1_419' title='bbox 515 3744 650 3802; x_wconf 84' lang='lat' dir='ltr'><strong>obviarit</strong></span> <span class='ocrx_word' id='word_1_420' title='bbox 673 3743 857 3818; x_wconf 85' lang='lat' dir='ltr'><strong>trejectoriac</strong></span> <span class='ocrx_word' id='word_1_421' title='bbox 872 3743 927 3803; x_wconf 75' lang='lat' dir='ltr'><strong>VS</strong></span> <span class='ocrx_word' id='word_1_422' title='bbox 945 3759 996 3819; x_wconf 91' lang='lat' dir='ltr'><strong>per</strong></span> <span class='ocrx_word' id='word_1_423' title='bbox 1021 3745 1098 3799; x_wconf 89' lang='lat' dir='ltr'><strong>viam</strong></span> <span class='ocrx_word' id='word_1_424' title='bbox 1113 3740 1203 3800; x_wconf 85' lang='lat' dir='ltr'><strong>OPV.</strong></span> <span class='ocrx_word' id='word_1_425' title='bbox 1242 3742 1300 3802; x_wconf 91' lang='lat' dir='ltr'><strong>Sed</strong></span> <span class='ocrx_word' id='word_1_426' title='bbox 1323 3761 1375 3818; x_wconf 91' lang='lat' dir='ltr'><strong>per</strong></span> <span class='ocrx_word' id='word_1_427' title='bbox 1392 3744 1446 3804; x_wconf 92' lang='lat' dir='ltr'><strong>VI.</strong></span> 
     </span>
     <span class='ocr_line' id='line_1_40' title="bbox 90 3829 1447 3906; baseline 0.002 -19"><span class='ocrx_word' id='word_1_428' title='bbox 90 3829 406 3889; x_wconf 71' lang='lat' dir='ltr'><strong>conclusionem.</strong></span> <span class='ocrx_word' id='word_1_429' title='bbox 432 3829 477 3889; x_wconf 86' lang='lat' dir='ltr'><strong>vel</strong></span> <span class='ocrx_word' id='word_1_430' title='bbox 502 3836 552 3889; x_wconf 87' lang='grc'><strong>29.</strong></span> <span class='ocrx_word' id='word_1_431' title='bbox 577 3831 658 3906; x_wconf 85' lang='lat' dir='ltr'><strong>Sept.</strong></span> <span class='ocrx_word' id='word_1_432' title='bbox 689 3831 744 3890; x_wconf 89' lang='lat' dir='ltr'><strong>luit</strong></span> <span class='ocrx_word' id='word_1_433' title='bbox 772 3839 903 3890; x_wconf 86' lang='lat' dir='ltr'><strong>cometae</strong></span> <span class='ocrx_word' id='word_1_434' title='bbox 926 3832 1071 3905; x_wconf 86' lang='lat' dir='ltr'><strong>proxima,</strong></span> <span class='ocrx_word' id='word_1_435' title='bbox 1104 3846 1193 3904; x_wconf 87' lang='lat' dir='ltr'><strong>quare</strong></span> <span class='ocrx_word' id='word_1_436' title='bbox 1217 3846 1268 3904; x_wconf 89' lang='lat' dir='ltr'><strong>per</strong></span> <span class='ocrx_word' id='word_1_437' title='bbox 1291 3830 1379 3888; x_wconf 85' lang='lat' dir='ltr'><strong>XIII.</strong></span> <span class='ocrx_word' id='word_1_438' title='bbox 1406 3830 1447 3890; x_wconf 89' lang='lat' dir='ltr'><strong>tb.</strong></span> 
     </span>
     <span class='ocr_line' id='line_1_41' title="bbox 90 3915 1447 3993; baseline 0.001 -20"><span class='ocrx_word' id='word_1_439' title='bbox 90 3916 167 3976; x_wconf 89' lang='lat' dir='ltr'><strong>linea</strong></span> <span class='ocrx_word' id='word_1_440' title='bbox 190 3934 226 3977; x_wconf 86' lang='lat' dir='ltr'><strong>ex</strong></span> <span class='ocrx_word' id='word_1_441' title='bbox 249 3915 341 3975; x_wconf 86' lang='lat' dir='ltr'><strong>Terra</strong></span> <span class='ocrx_word' id='word_1_442' title='bbox 362 3918 393 3974; x_wconf 90' lang='lat' dir='ltr'><strong>in</strong></span> <span class='ocrx_word' id='word_1_443' title='bbox 416 3926 576 3989; x_wconf 88' lang='lat' dir='ltr'><strong>cometam,</strong></span> <span class='ocrx_word' id='word_1_444' title='bbox 600 3919 657 3977; x_wconf 87' lang='lat' dir='ltr'><strong>boc</strong></span> <span class='ocrx_word' id='word_1_445' title='bbox 679 3925 725 3977; x_wconf 88' lang='lat' dir='ltr'><strong>ast</strong></span> <span class='ocrx_word' id='word_1_446' title='bbox 748 3920 865 3988; x_wconf 88' lang='lat' dir='ltr'><strong>visoria,</strong></span> <span class='ocrx_word' id='word_1_447' title='bbox 890 3918 1073 3993; x_wconf 89' lang='lat' dir='ltr'><strong>trajectoriae</strong></span> <span class='ocrx_word' id='word_1_448' title='bbox 1096 3916 1374 3992; x_wconf 88' lang='lat' dir='ltr'><strong>perpendiculariter</strong></span> <span class='ocrx_word' id='word_1_449' title='bbox 1400 3919 1447 3974; x_wconf 91' lang='lat' dir='ltr'><strong>in·</strong></span> 
     </span>
     <span class='ocr_line' id='line_1_42' title="bbox 90 4003 1447 4081; baseline 0.001 -19"><span class='ocrx_word' id='word_1_450' title='bbox 90 4003 160 4062; x_wconf 91' lang='lat' dir='ltr'><strong>cidit</strong></span> <span class='ocrx_word' id='word_1_451' title='bbox 186 4012 256 4062; x_wconf 85' lang='lat' dir='ltr'><strong>ante</strong></span> <span class='ocrx_word' id='word_1_452' title='bbox 280 4009 332 4064; x_wconf 89' lang='grc'><strong>28.</strong></span> <span class='ocrx_word' id='word_1_453' title='bbox 357 4010 408 4064; x_wconf 90' lang='grc'><strong>29.</strong></span> <span class='ocrx_word' id='word_1_454' title='bbox 432 4005 530 4080; x_wconf 88' lang='lat' dir='ltr'><strong>Sept.;</strong></span> <span class='ocrx_word' id='word_1_455' title='bbox 563 4012 626 4064; x_wconf 89' lang='lat' dir='ltr'><strong>esto</strong></span> <span class='ocrx_word' id='word_1_456' title='bbox 657 4011 707 4064; x_wconf 85' lang='grc'><strong>26.</strong></span> <span class='ocrx_word' id='word_1_457' title='bbox 731 4004 811 4081; x_wconf 88' lang='lat' dir='ltr'><strong>Sept.</strong></span> <span class='ocrx_word' id='word_1_458' title='bbox 856 4004 914 4064; x_wconf 91' lang='lat' dir='ltr'><strong>Sed</strong></span> <span class='ocrx_word' id='word_1_459' title='bbox 947 4006 1056 4064; x_wconf 85' lang='lat' dir='ltr'><strong>visoria</strong></span> <span class='ocrx_word' id='word_1_460' title='bbox 1085 4010 1136 4062; x_wconf 83' lang='grc'><strong>26.</strong></span> <span class='ocrx_word' id='word_1_461' title='bbox 1161 4003 1242 4080; x_wconf 90' lang='lat' dir='ltr'><strong>Sept.</strong></span> <span class='ocrx_word' id='word_1_462' title='bbox 1268 4003 1321 4063; x_wconf 85' lang='lat' dir='ltr'><strong>uo</strong></span> <span class='ocrx_word' id='word_1_463' title='bbox 1343 4005 1447 4064; x_wconf 90' lang='lat' dir='ltr'><strong>incidit</strong></span> 
     </span>
     <span class='ocr_line' id='line_1_43' title="bbox 90 4084 1447 4171; baseline 0.003 -24"><span class='ocrx_word' id='word_1_464' title='bbox 90 4093 117 4147; x_wconf 90' lang='lat' dir='ltr'><strong>in</strong></span> <span class='ocrx_word' id='word_1_465' title='bbox 143 4084 242 4171; x_wconf 76' lang='lat' dir='ltr'><strong>lo¹s,⁰</strong></span> <span class='ocrx_word' id='word_1_466' title='bbox 263 4094 296 4157; x_wconf 64' lang='lat'><strong>33.</strong></span> <span class='ocrx_word' id='word_1_467' title='bbox 342 4089 473 4165; x_wconf 82' lang='lat' dir='ltr'><strong>Quaeri</strong></span> <span class='ocrx_word' id='word_1_468' title='bbox 497 4101 542 4151; x_wconf 90' lang='lat' dir='ltr'><strong>est</strong></span> <span class='ocrx_word' id='word_1_469' title='bbox 564 4093 813 4168; x_wconf 85' lang='lat' dir='ltr'><strong>perpendicularis</strong></span> <span class='ocrx_word' id='word_1_470' title='bbox 837 4092 1036 4168; x_wconf 87' lang='lat' dir='ltr'><strong>trajectoriae,</strong></span> <span class='ocrx_word' id='word_1_471' title='bbox 1066 4093 1120 4151; x_wconf 87' lang='lat' dir='ltr'><strong>erit</strong></span> <span class='ocrx_word' id='word_1_472' title='bbox 1144 4088 1222 4151; x_wconf 86' lang='lat' dir='ltr'><strong>Oov</strong></span> <span class='ocrx_word' id='word_1_473' title='bbox 1245 4099 1361 4165; x_wconf 90' lang='lat' dir='ltr'><strong>rectus,</strong></span> <span class='ocrx_word' id='word_1_474' title='bbox 1385 4101 1447 4151; x_wconf 90' lang='lat' dir='ltr'><strong>tra·</strong></span> 
     </span>
     <span class='ocr_line' id='line_1_44' title="bbox 86 4173 1447 4260; baseline 0.002 -24"><span class='ocrx_word' id='word_1_475' title='bbox 86 4179 212 4252; x_wconf 84' lang='lat' dir='ltr'><strong>jectoria</strong></span> <span class='ocrx_word' id='word_1_476' title='bbox 239 4179 326 4253; x_wconf 88' lang='lat' dir='ltr'><strong>igitur</strong></span> <span class='ocrx_word' id='word_1_477' title='bbox 353 4178 408 4237; x_wconf 77' lang='lat' dir='ltr'><strong>Vri</strong></span> <span class='ocrx_word' id='word_1_478' title='bbox 432 4180 462 4235; x_wconf 92' lang='lat' dir='ltr'><strong>in</strong></span> <span class='ocrx_word' id='word_1_479' title='bbox 494 4173 657 4260; x_wconf 71' lang='lat' dir='ltr'><strong>18¹l,⁰ll[</strong></span> <span class='ocrx_word' id='word_1_480' title='bbox 688 4180 796 4239; x_wconf 88' lang='lat' dir='ltr'><strong>tendet.</strong></span> <span class='ocrx_word' id='word_1_481' title='bbox 843 4179 996 4239; x_wconf 90' lang='lat' dir='ltr'><strong>Consentit</strong></span> <span class='ocrx_word' id='word_1_482' title='bbox 1027 4177 1176 4237; x_wconf 87' lang='lat' dir='ltr'><strong>conclusio</strong></span> <span class='ocrx_word' id='word_1_483' title='bbox 1200 4178 1242 4250; x_wconf 91' lang='lat' dir='ltr'><strong>V,</strong></span> <span class='ocrx_word' id='word_1_484' title='bbox 1276 4196 1352 4254; x_wconf 87' lang='lat' dir='ltr'><strong>quae</strong></span> <span class='ocrx_word' id='word_1_485' title='bbox 1381 4178 1447 4239; x_wconf 92' lang='lat' dir='ltr'><strong>vult</strong></span> 
     </span>
     <span class='ocr_line' id='line_1_45' title="bbox 90 4264 785 4341; baseline 0.004 -19"><span class='ocrx_word' id='word_1_486' title='bbox 90 4264 172 4323; x_wconf 80' lang='lat' dir='ltr'><strong>illam</strong></span> <span class='ocrx_word' id='word_1_487' title='bbox 195 4264 315 4323; x_wconf 89' lang='lat' dir='ltr'><strong>tendere</strong></span> <span class='ocrx_word' id='word_1_488' title='bbox 338 4265 367 4322; x_wconf 91' lang='lat' dir='ltr'><strong>in</strong></span> <span class='ocrx_word' id='word_1_489' title='bbox 392 4268 538 4325; x_wconf 87' lang='lat' dir='ltr'><strong>anteriora</strong></span> <span class='ocrx_word' id='word_1_490' title='bbox 560 4269 652 4341; x_wconf 89' lang='lat' dir='ltr'><strong>ipsius</strong></span> <span class='ocrx_word' id='word_1_491' title='bbox 677 4265 712 4324; x_wconf 89' lang='grc'><strong>20</strong></span> <span class='ocrx_word' id='word_1_492' title='bbox 741 4266 785 4337; x_wconf 58' lang='lat' dir='ltr'><strong>s.</strong></span> 
     </span>
    </p>

    <p class='ocr_par' dir='ltr' id='par_1_8' title="bbox 89 4349 1445 4601">
     <span class='ocr_line' id='line_1_46' title="bbox 193 4349 1445 4434; baseline 0 -24"><span class='ocrx_word' id='word_1_493' title='bbox 193 4351 407 4411; x_wconf 87' lang='lat' dir='ltr'><strong>Conclusio</strong></span> <span class='ocrx_word' id='word_1_494' title='bbox 431 4352 515 4411; x_wconf 93' lang='lat' dir='ltr'><strong>VIII.</strong></span> <span class='ocrx_word' id='word_1_495' title='bbox 561 4353 591 4412; x_wconf 89' lang='lat' dir='ltr'><strong>Si</strong></span> <span class='ocrx_word' id='word_1_496' title='bbox 620 4354 787 4429; x_wconf 90' lang='lat' dir='ltr'><strong>trajectoria</strong></span> <span class='ocrx_word' id='word_1_497' title='bbox 815 4352 909 4412; x_wconf 91' lang='lat' dir='ltr'><strong>tendit</strong></span> <span class='ocrx_word' id='word_1_498' title='bbox 937 4356 966 4410; x_wconf 91' lang='lat' dir='ltr'><strong>in</strong></span> <span class='ocrx_word' id='word_1_499' title='bbox 1000 4349 1099 4434; x_wconf 67' lang='lat' dir='ltr'><strong>18¹l.,⁰</strong></span> <span class='ocrx_word' id='word_1_500' title='bbox 1125 4356 1176 4429; x_wconf 77' lang='lat' dir='ltr'><strong>lll„</strong></span> <span class='ocrx_word' id='word_1_501' title='bbox 1211 4355 1275 4410; x_wconf 85' lang='lat' dir='ltr'><strong>visa</strong></span> <span class='ocrx_word' id='word_1_502' title='bbox 1297 4367 1366 4410; x_wconf 89' lang='lat' dir='ltr'><strong>vero</strong></span> <span class='ocrx_word' id='word_1_503' title='bbox 1390 4352 1445 4411; x_wconf 87' lang='lat' dir='ltr'><strong>luit</strong></span> 
     </span>
     <span class='ocr_line' id='line_1_47' title="bbox 89 4434 1441 4517; baseline 0.003 -21"><span class='ocrx_word' id='word_1_504' title='bbox 89 4442 118 4496; x_wconf 91' lang='lat' dir='ltr'><strong>iu</strong></span> <span class='ocrx_word' id='word_1_505' title='bbox 138 4434 236 4517; x_wconf 67' lang='lat' dir='ltr'><strong>18²1„l</strong></span> <span class='ocrx_word' id='word_1_506' title='bbox 253 4441 293 4517; x_wconf 62' lang='lat' dir='ltr'><strong>iil</strong></span> <span class='ocrx_word' id='word_1_507' title='bbox 318 4438 365 4497; x_wconf 92' lang='lat' dir='ltr'><strong>die</strong></span> <span class='ocrx_word' id='word_1_508' title='bbox 383 4444 410 4497; x_wconf 88' lang='grc'><strong>7.</strong></span> <span class='ocrx_word' id='word_1_509' title='bbox 427 4437 571 4512; x_wconf 88' lang='lat' dir='ltr'><strong>Octobris,</strong></span> <span class='ocrx_word' id='word_1_510' title='bbox 598 4440 714 4515; x_wconf 85' lang='lat' dir='ltr'><strong>quando</strong></span> <span class='ocrx_word' id='word_1_511' title='bbox 731 4440 757 4498; x_wconf 97' lang='lat' dir='ltr'><strong>V</strong></span> <span class='ocrx_word' id='word_1_512' title='bbox 774 4440 864 4499; x_wconf 81' lang='lat' dir='ltr'><strong>Terra</strong></span> <span class='ocrx_word' id='word_1_513' title='bbox 888 4442 916 4496; x_wconf 90' lang='lat' dir='ltr'><strong>in</strong></span> <span class='ocrx_word' id='word_1_514' title='bbox 936 4438 1057 4499; x_wconf 73' lang='grc'><strong>140170</strong></span> <span class='ocrx_word' id='word_1_515' title='bbox 1077 4441 1125 4512; x_wconf 91' lang='grc' dir='ltr'><strong>Υ,</strong></span> <span class='ocrx_word' id='word_1_516' title='bbox 1149 4457 1218 4515; x_wconf 85' lang='lat' dir='ltr'><strong>ergo</strong></span> <span class='ocrx_word' id='word_1_517' title='bbox 1232 4456 1284 4514; x_wconf 93' lang='lat' dir='ltr'><strong>per</strong></span> <span class='ocrx_word' id='word_1_518' title='bbox 1299 4439 1339 4497; x_wconf 91' lang='lat' dir='ltr'><strong>tb.</strong></span> <span class='ocrx_word' id='word_1_519' title='bbox 1356 4438 1441 4501; x_wconf 86' lang='lat' dir='ltr'><strong>VIII.</strong></span> 
     </span>
     <span class='ocr_line' id='line_1_48' title="bbox 90 4524 1407 4601; baseline -0.002 -14"><span class='ocrx_word' id='word_1_520' title='bbox 90 4525 190 4587; x_wconf 87' lang='lat' dir='ltr'><strong>cornil.</strong></span> <span class='ocrx_word' id='word_1_521' title='bbox 213 4526 381 4601; x_wconf 75' lang='lat' dir='ltr'><strong>traiectoris</strong></span> <span class='ocrx_word' id='word_1_522' title='bbox 405 4527 460 4586; x_wconf 78' lang='lat' dir='ltr'><strong>Vri</strong></span> <span class='ocrx_word' id='word_1_523' title='bbox 477 4537 559 4587; x_wconf 90' lang='lat' dir='ltr'><strong>secat</strong></span> <span class='ocrx_word' id='word_1_524' title='bbox 581 4530 635 4587; x_wconf 86' lang='lat' dir='ltr'><strong>iter</strong></span> <span class='ocrx_word' id='word_1_525' title='bbox 658 4529 766 4587; x_wconf 82' lang='lat' dir='ltr'><strong>Terrae</strong></span> <span class='ocrx_word' id='word_1_526' title='bbox 790 4530 818 4584; x_wconf 89' lang='lat' dir='ltr'><strong>in</strong></span> <span class='ocrx_word' id='word_1_527' title='bbox 846 4524 900 4586; x_wconf 85' lang='grc'><strong>140</strong></span> <span class='ocrx_word' id='word_1_528' title='bbox 926 4531 976 4585; x_wconf 83' lang='grc'><strong>17’</strong></span> <span class='ocrx_word' id='word_1_529' title='bbox 1002 4529 1051 4600; x_wconf 92' lang='grc' dir='ltr'><strong>Υ,</strong></span> <span class='ocrx_word' id='word_1_530' title='bbox 1076 4525 1187 4586; x_wconf 87' lang='lat' dir='ltr'><strong>scilicet</strong></span> <span class='ocrx_word' id='word_1_531' title='bbox 1208 4529 1237 4583; x_wconf 88' lang='lat' dir='ltr'><strong>in</strong></span> <span class='ocrx_word' id='word_1_532' title='bbox 1261 4527 1345 4600; x_wconf 87' lang='lat' dir='ltr'><strong>signo</strong></span> <span class='ocrx_word' id='word_1_533' title='bbox 1370 4526 1407 4585; x_wconf 86' lang='lat' dir='ltr'><strong>V.</strong></span> 
     </span>
    </p>

    <p class='ocr_par' dir='ltr' id='par_1_9' title="bbox 88 4611 1444 4869">
     <span class='ocr_line' id='line_1_49' title="bbox 195 4611 1444 4690; baseline 0.001 -19"><span class='ocrx_word' id='word_1_534' title='bbox 195 4611 402 4672; x_wconf 87' lang='lat' dir='ltr'><strong>Conclusio</strong></span> <span class='ocrx_word' id='word_1_535' title='bbox 425 4613 482 4672; x_wconf 90' lang='lat' dir='ltr'><strong>IX.</strong></span> <span class='ocrx_word' id='word_1_536' title='bbox 529 4612 606 4689; x_wconf 89' lang='lat' dir='ltr'><strong>Quia</strong></span> <span class='ocrx_word' id='word_1_537' title='bbox 628 4616 719 4674; x_wconf 85' lang='lat' dir='ltr'><strong>Terra</strong></span> <span class='ocrx_word' id='word_1_538' title='bbox 742 4612 771 4674; x_wconf 80' lang='lat' dir='ltr'><strong>t.</strong></span> <span class='ocrx_word' id='word_1_539' title='bbox 796 4612 900 4673; x_wconf 90' lang='lat' dir='ltr'><strong>Octob.</strong></span> <span class='ocrx_word' id='word_1_540' title='bbox 932 4614 987 4673; x_wconf 89' lang='lat' dir='ltr'><strong>luit</strong></span> <span class='ocrx_word' id='word_1_541' title='bbox 1019 4616 1048 4672; x_wconf 89' lang='lat' dir='ltr'><strong>in</strong></span> <span class='ocrx_word' id='word_1_542' title='bbox 1077 4613 1165 4689; x_wconf 87' lang='lat' dir='ltr'><strong>plano</strong></span> <span class='ocrx_word' id='word_1_543' title='bbox 1190 4615 1368 4688; x_wconf 75' lang='lat' dir='ltr'><strong>traiectionis</strong></span> <span class='ocrx_word' id='word_1_544' title='bbox 1390 4631 1444 4690; x_wconf 90' lang='lat' dir='ltr'><strong>per</strong></span> 
     </span>
     <span class='ocr_line' id='line_1_50' title="bbox 88 4699 1440 4779; baseline 0.001 -20"><span class='ocrx_word' id='word_1_545' title='bbox 88 4699 181 4759; x_wconf 90' lang='lat' dir='ltr'><strong>conci.</strong></span> <span class='ocrx_word' id='word_1_546' title='bbox 207 4699 290 4772; x_wconf 90' lang='lat' dir='ltr'><strong>VIII,</strong></span> <span class='ocrx_word' id='word_1_547' title='bbox 323 4707 392 4760; x_wconf 91' lang='lat' dir='ltr'><strong>tuuc</strong></span> <span class='ocrx_word' id='word_1_548' title='bbox 420 4718 490 4779; x_wconf 86' lang='lat' dir='ltr'><strong>ergo</strong></span> <span class='ocrx_word' id='word_1_549' title='bbox 519 4711 633 4762; x_wconf 85' lang='lat' dir='ltr'><strong>cometa</strong></span> <span class='ocrx_word' id='word_1_550' title='bbox 661 4703 717 4762; x_wconf 89' lang='lat' dir='ltr'><strong>luit</strong></span> <span class='ocrx_word' id='word_1_551' title='bbox 744 4705 773 4759; x_wconf 89' lang='lat' dir='ltr'><strong>in</strong></span> <span class='ocrx_word' id='word_1_552' title='bbox 795 4705 927 4761; x_wconf 87' lang='lat' dir='ltr'><strong>sectione</strong></span> <span class='ocrx_word' id='word_1_553' title='bbox 951 4722 978 4761; x_wconf 80' lang='lat' dir='ltr'><strong>r.</strong></span> <span class='ocrx_word' id='word_1_554' title='bbox 1010 4701 1062 4760; x_wconf 88' lang='lat' dir='ltr'><strong>sed</strong></span> <span class='ocrx_word' id='word_1_555' title='bbox 1084 4704 1113 4758; x_wconf 90' lang='lat' dir='ltr'><strong>in</strong></span> <span class='ocrx_word' id='word_1_556' title='bbox 1138 4701 1194 4759; x_wconf 87' lang='lat' dir='ltr'><strong>tine</strong></span> <span class='ocrx_word' id='word_1_557' title='bbox 1218 4701 1273 4759; x_wconf 91' lang='lat' dir='ltr'><strong>luit</strong></span> <span class='ocrx_word' id='word_1_558' title='bbox 1295 4702 1350 4760; x_wconf 90' lang='lat' dir='ltr'><strong>snb</strong></span> <span class='ocrx_word' id='word_1_559' title='bbox 1373 4718 1440 4760; x_wconf 88' lang='lat' dir='ltr'><strong>sec·</strong></span> 
     </span>
     <span class='ocr_line' id='line_1_51' title="bbox 90 4786 1444 4869; baseline 0.001 -23"><span class='ocrx_word' id='word_1_560' title='bbox 90 4787 220 4848; x_wconf 89' lang='lat' dir='ltr'><strong>tionibus</strong></span> <span class='ocrx_word' id='word_1_561' title='bbox 248 4786 401 4849; x_wconf 90' lang='lat' dir='ltr'><strong>altioribus</strong></span> <span class='ocrx_word' id='word_1_562' title='bbox 422 4789 523 4863; x_wconf 84' lang='lat' dir='ltr'><strong>iactis,</strong></span> <span class='ocrx_word' id='word_1_563' title='bbox 553 4807 605 4867; x_wconf 91' lang='lat' dir='ltr'><strong>per</strong></span> <span class='ocrx_word' id='word_1_564' title='bbox 626 4788 682 4848; x_wconf 93' lang='lat' dir='ltr'><strong>III.</strong></span> <span class='ocrx_word' id='word_1_565' title='bbox 706 4789 817 4862; x_wconf 83' lang='lat' dir='ltr'><strong>conci,</strong></span> <span class='ocrx_word' id='word_1_566' title='bbox 850 4806 918 4866; x_wconf 85' lang='lat' dir='ltr'><strong>ergo</strong></span> <span class='ocrx_word' id='word_1_567' title='bbox 941 4805 993 4869; x_wconf 90' lang='lat' dir='ltr'><strong>per</strong></span> <span class='ocrx_word' id='word_1_568' title='bbox 1015 4788 1055 4848; x_wconf 91' lang='lat' dir='ltr'><strong>th.</strong></span> <span class='ocrx_word' id='word_1_569' title='bbox 1080 4787 1122 4847; x_wconf 90' lang='lat' dir='ltr'><strong>X.</strong></span> <span class='ocrx_word' id='word_1_570' title='bbox 1146 4790 1229 4848; x_wconf 91' lang='lat' dir='ltr'><strong>initio</strong></span> <span class='ocrx_word' id='word_1_571' title='bbox 1253 4795 1367 4848; x_wconf 87' lang='lat' dir='ltr'><strong>cometa</strong></span> <span class='ocrx_word' id='word_1_572' title='bbox 1388 4789 1444 4849; x_wconf 89' lang='lat' dir='ltr'><strong>init</strong></span> 
     </span>
    </p>
   </div>
   <div class='ocr_carea' id='block_1_3' title="bbox 0 0 1646 5520">
    <p class='ocr_par' dir='ltr' id='par_1_10' title="bbox 0 0 1646 5520">
     <span class='ocr_line' id='line_1_52' title="bbox 0 0 1646 5520; baseline 0 1"><span class='ocrx_word' id='word_1_573' title='bbox 0 0 1646 5520; x_wconf 95' lang='lat' dir='ltr'><strong> </strong></span> 
     </span>
    </p>
   </div>
  </div>
 </body>
</html>
