3284 5520
234 350 300 423 348
727 353 856 411 chiliadis
874 352 1107 427 supptementum

236 539 347 611 quanto
375 531 715 617 majorlxogaritbmns,
749 542 831 596 tanto
853 536 950 596 minus
972 534 1094 614 periculi
1116 535 1145 593 in
1168 531 1304 611 neglecta
1325 531 1487 610 figurarum
1510 529 1592 592 dide-

236 624 346 682 rentiac
367 628 445 699 post·
458 620 531 680 duas
553 621 591 680 ad
614 626 759 684 sinistram
782 626 891 703 primas
914 624 1052 683 omnium.

339 707 464 767 Restant
494 708 647 771 columnae
678 713 764 771 tertia
794 720 823 772 et
852 715 964 788 quinta.
1009 712 1047 770 Et
1075 712 1105 769 in
1135 712 1221 770 tertia
1248 705 1367 785 quidem
1390 712 1461 766 sunt
1480 707 1593 766 numeri

235 794 361 870 logistici
384 812 442 855 non
458 796 604 867 absoluti;
629 800 772 859 maximus
794 799 884 860 babet
901 797 966 873 24⁰,
990 804 1064 875 quot
1077 796 1191 858 scilicet
1211 803 1280 856 sunt
1301 796 1389 854 unius
1413 793 1472 855 diei
1495 793 1592 868 borae,

236 885 291 941 etsi
312 893 437 959 possunt
458 884 622 959 significare
645 888 808 963 promiscue
832 885 879 946 vel
903 887 990 946 boras
1013 886 1060 945 vel
1083 885 1199 961 gratim.

341 970 375 1028 ln
398 972 501 1047 quinta
524 989 635 1031 rursum
653 982 721 1033 snnt
744 975 854 1033 numeri
872 972 1008 1049 logistici,
1032 970 1256 1049 complectentes
1279 967 1484 1029 collectionem
1507 984 1594 1028 sexa·

235 1059 403 1133 genuinam}
438 1061 537 1134 itaque
565 1062 710 1120 maximus
740 1069 786 1121 est
816 1058 878 1120 δι’.
923 1061 1023 1120 'lertia
1054 1059 1171 1136 quidem
1205 1073 1341 1118 numeros
1371 1055 1493 1115 exbibet
1525 1072 1593 1114 auos

236 1145 329 1202 tdbus
352 1147 506 1218 membris,
538 1148 566 1204 in
589 1150 683 1225 primo
705 1156 779 1208 sunt
795 1150 898 1223 integri
921 1147 1028 1225 gratim
1051 1146 1098 1209 vei
1122 1148 1227 1217 horae,
1251 1147 1281 1202 in
1304 1142 1433 1203 secundo
1456 1140 1595 1220 scrupula

235 1234 331 1309 prima
354 1235 439 1291 unius
463 1235 583 1309 integri,
615 1237 643 1293 ln
667 1237 752 1296 tertio
776 1234 914 1313 scrupula
935 1234 1075 1296 secunda.
1120 1233 1230 1310 Quinta
1252 1230 1367 1291 duobus
1388 1229 1529 1291 membris
1551 1236 1594 1289 ert

237 1327 390 1393 contenta,
425 1321 568 1397 scrupulis
596 1325 731 1382 uimimm
760 1332 789 1383 et
811 1323 956 1383 secundis.
1001 1322 1074 1382 Cum
1098 1331 1196 1382 autem
1219 1320 1325 1379 divisio
1347 1316 1515 1378 millenaria
1536 1333 1593 1375 non

236 1408 276 1464 eit
306 1416 376 1483 apta
405 1410 532 1467 numeris
557 1407 613 1470 24⁰
643 1418 672 1471 et
696 1410 763 1482 60¹,
798 1410 830 1470 dt
860 1417 893 1469 nt
922 1411 951 1467 in
978 1409 1024 1469 iris
1052 1408 1167 1469 duabus
1196 1407 1337 1467 columnis
1368 1405 1474 1465 ultima
1496 1406 1594 1464 unitas

238 1492 438 1570 scrupulorum
470 1496 663 1556 secundorum
697 1515 754 1557 non
788 1498 826 1556 sit
856 1503 974 1557 exacta:
1008 1514 1074 1556 nam
1105 1497 1247 1559 minutiae
1278 1494 1357 1570 ejus,
1391 1509 1469 1570 quae
1500 1493 1595 1551 minas

239 1583 360 1641 semisse
392 1581 537 1656 alliciunt,
572 1586 726 1661 neglectae
755 1590 838 1656 sunt,
870 1602 946 1660 quae
974 1582 1057 1660 plus,
1092 1601 1127 1644 ea
1157 1580 1351 1660 completione
1376 1581 1500 1639 unitatis
1527 1584 1596 1639 snnt

235 1668 374 1729 contusae
398 1677 428 1728 et
456 1670 630 1732 obliteratae
663 1674 743 1750 (pars
767 1675 844 1732 enim
867 1670 1020 1731 millesima
1042 1670 1079 1732 de
1103 1667 1160 1731 24⁰
1182 1677 1226 1731 est
1249 1664 1286 1729 0⁰
1309 1667 1337 1727 1¹
1360 1669 1424 1728 26¹'
1447 1665 1522 1727 itm
1542 1682 1595 1744 pro

236 1771 296 1831 qna
324 1758 434 1833 scripta
461 1766 529 1816 sunt
553 1753 589 1819 ι)ο
614 1761 643 1818 1‘
667 1759 744 1833 atii,
779 1755 855 1819 duae
882 1756 957 1818 teies
986 1767 1084 1835 partes
1112 1753 1424 1829 contensiosi,
1456 1770 1513 1831 pro
1538 1754 1596 1814 boc

237 1844 346 1919 scripta
373 1852 441 1903 sunt
459 1844 494 1904 *2¹
517 1845 594 1921 5³⁰,
626 1854 656 1906 et
683 1847 713 1904 in
744 1847 935 1923 sexagenaria
963 1863 1031 1922 pars
1058 1845 1214 1905 millesima
1235 1852 1280 1904 est
1302 1846 1333 1903 0¹
1356 1841 1397 1902 3¹¹
1421 1840 1509 1915 36⁰¹,
1543 1857 1596 1918 pro

237 1945 297 2006 qua
324 1931 433 2007 scripta
460 1939 528 1990 sunt
551 1936 583 1991 0¹
608 1934 662 2007 4¹‘,
694 1934 770 1992 duae
800 1933 974 1994 millesimae
996 1940 1064 1992 sunt
1087 1932 1117 1992 0‘
1143 1931 1182 1992 7¹¹
1207 1932 1291 2002 12¹⁶,
1326 1944 1380 2007 pro
1403 1945 1463 2005 quo
1486 1930 1597 2006 scripta

236 2023 306 2074 sunt
328 2016 358 2076 θ’
383 2019 458 2092 t“):
487 2020 586 2096 itaque
609 2023 758 2096 quaternis
781 2020 881 2094 lineis,
906 2038 1021 2097 semper
1042 2037 1163 2081 excessu
1187 2017 1234 2078 rei
1257 2017 1371 2076 delectu
1394 2016 1596 2093 peccantibus,

236 2103 320 2162 solae
349 2106 469 2180 quintae
497 2114 565 2165 sunt
592 2114 723 2168 exactae.
769 2107 920 2185 Propriam
943 2125 1012 2168 vero
1035 2115 1064 2168 ct
1087 2103 1337 2168 accommodatam
1360 2102 1417 2162 bae
1441 2102 1596 2163 columnae

234 2189 466 2252 subdivisionem
497 2196 654 2255 sortientur
682 2197 709 2255 ln
741 2195 864 2255 Tabulis
886 2194 1044 2272 Rudoipbi.
1088 2194 1122 2253 ln
1152 2208 1291 2271 praesens
1320 2189 1448 2250 Obiiiadi
1481 2189 1597 2251 dandae

237 2276 354 2337 inerunt
381 2286 479 2355 partes
508 2285 654 2358 potiores,
687 2291 717 2343 et
746 2283 856 2343 clectus
887 2290 931 2342 est
961 2301 978 2341 a
1005 2298 1051 2341 me
1080 2281 1276 2355 millenarius,
1307 2286 1447 2354 anquam
1478 2279 1597 2355 propria

237 2365 373 2425 collectio
405 2384 589 2429 numerorum
618 2370 834 2443 absolutorum,
866 2372 952 2446 qaia,
986 2377 1018 2429 ut
1040 2371 1123 2428 initio
1147 2369 1270 2438 dictum,
1292 2383 1400 2443 scopus
1423 2382 1508 2425 meus
1529 2366 1595 2440 luit,

237 2469 354 2514 monere
376 2453 530 2527 lectorem,
554 2457 633 2533 quod
657 2460 856 2537 proportiones
880 2474 1037 2534 earumque
1059 2473 1221 2530 mensurae,
1245 2452 1435 2531 Logaritbmi,
1460 2450 1598 2513 accidant

213 2542 330 2618 ¹primo
353 2544 480 2602 numeris
502 2543 655 2604 absolutis.
700 2544 779 2604 Nihil
802 2553 898 2605 tamen
922 2544 1043 2623 impedit
1064 2544 1119 2604 bas
1143 2544 1216 2604 duas
1239 2542 1399 2616 columnas,
1425 2542 1546 2600 tertiam
1568 2548 1599 2600 et

237 2629 381 2703 quintam,
396 2631 484 2689 etiam
495 2650 548 2708 per
562 2632 639 2693 banc
650 2631 873 2710 dispositionem
887 2634 983 2692 minus
998 2639 1131 2692 exactam
1146 2639 1176 2692 et
1188 2631 1383 2709 impropriam,
1400 2627 1597 2689 millenariam

234 2715 356 2790 scilicet,
380 2715 442 2778 deri
464 2718 562 2795 utiles,
585 2726 618 2779 ut
641 2721 670 2778 iu
694 2719 884 2796 sequentibus
907 2719 1026 2780 dicetur.
1039 2719 1073 2795 i)

791 2934 973 3007 CAPUT
1001 2934 1038 3008 ll.

351 3060 398 3143 iic
424 3061 638 3144 associatione
664 3061 829 3146 colunnae
855 3088 985 3145 arcuum
1013 3069 1044 3146 ct
1070 3062 1234 3144 colunnae
1260 3061 1478 3144 roiundorum.

343 3203 411 3262 llixi
445 3220 494 3263 cur
520 3205 549 3261 iu
577 3204 713 3264 columna
741 3222 926 3265 numerorum
955 3203 1155 3265 absolutorum
1186 3205 1336 3264 statuerim
1359 3203 1599 3280 progressionem

237 3291 448 3351 arithmeticam
471 3294 640 3351 continuam
662 3293 700 3351 ab
724 3295 836 3352 unitate
859 3292 896 3352 ad
920 3292 1008 3365 mille,
1031 3309 1082 3351 seu
1106 3310 1125 3350 a
1150 3298 1265 3352 100.00
1289 3290 1326 3350 ad
1353 3291 1600 3362 100000.00,et

238 3397 298 3456 qua
309 3381 422 3438 ratione
437 3379 557 3438 cullibet
568 3397 604 3439 ex
615 3379 695 3440 hisce
705 3379 838 3439 rotundis
848 3383 877 3438 ln
890 3379 1026 3439 columna
1036 3396 1155 3439 menum
1168 3379 1373 3438 associavexim
1386 3394 1474 3436 snum
1486 3394 1598 3437 arcum.

343 3465 416 3525 Cum
447 3474 544 3525 autem
576 3484 661 3525 arcus
688 3465 719 3525 bi
749 3484 849 3526 omnes
871 3469 931 3526 sint
951 3467 1132 3543 scrupulosi,
1165 3466 1197 3525 fit
1219 3466 1406 3535 creberrime,
1438 3474 1473 3523 ιιι
1496 3463 1598 3525 oblato

239 3570 309 3612 arcu
331 3570 389 3611 non
412 3554 593 3631 scrupuloso,
617 3561 669 3612 aut
689 3553 861 3630 scrupuloso
885 3553 1011 3630 quidem,
1034 3552 1086 3613 sed
1108 3556 1151 3613 sic
1173 3560 1207 3612 ut
1228 3570 1287 3611 non
1310 3560 1412 3611 exacte
1434 3553 1598 3628 reperiatur

238 3642 312 3699 inter
345 3657 430 3699 arcus
464 3639 624 3712 chiliadis,
662 3639 714 3699 sed
747 3643 820 3700 inter
850 3642 935 3701 binos
967 3639 1138 3714 intercidat,
1175 3648 1208 3698 ut
1240 3639 1285 3698 bis
1317 3640 1436 3715 inquam
1470 3639 1597 3698 arcubus

235 3726 393 3803 jubeamur
415 3729 564 3802 assignare
586 3744 657 3786 suos
673 3728 764 3800 sinus,
789 3739 822 3787 ut
839 3731 881 3788 ita
896 3727 1008 3788 (lhilias
1030 3736 1130 3787 nostra
1146 3726 1358 3803 quadamtenus
1380 3727 1471 3785 etiam
1486 3727 1597 3785 serviat

241 3812 305 3873 ioco
323 3815 443 3872 canonis
466 3816 581 3872 sinuum
597 3815 719 3891 ejusque
742 3817 823 3875 vices
838 3815 982 3892 suppleat.
1021 3814 1054 3873 id
1071 3823 1169 3874 autem
1192 3814 1253 3874 fieri
1271 3814 1379 3890 poterit
1400 3811 1457 3872 bac
1473 3815 1595 3875 ratione.

343 3901 400 3958 Per
414 3917 512 3959 arcum
529 3900 672 3960 Cbiiiadis
691 3905 823 3978 proxime
843 3906 983 3962 minorem
1005 3905 1155 3980 proposito
1171 3918 1293 3978 excerpe
1316 3902 1412 3959 sinum
1426 3898 1594 3973 rotundum,

241 3986 365 4047 eundem
395 4004 493 4045 arcum
522 3989 603 4048 auter
625 4006 644 4047 a
664 3992 830 4067 proposito,
864 3989 980 4049 residua
1001 3989 1139 4066 scrupula
1160 3991 1254 4065 prima
1276 3995 1305 4046 et
1329 3985 1458 4047 secunda
1482 3985 1595 4047 colloca

238 4077 267 4132 in
299 4072 400 4150 regala
431 4073 503 4133 detri
531 4074 570 4133 ad
601 4075 748 4149 dextram,
782 4076 972 4137 differentiam
1001 4094 1071 4137 vero
1098 4077 1231 4143 binorum
1253 4091 1388 4146 arcuum,
1421 4075 1499 4135 inter
1520 4090 1594 4150 quos

238 4165 352 4240 positus
367 4161 520 4234 intercidit,
545 4161 658 4222 colloca
680 4162 718 4221 ad
733 4166 888 4236 sinistram,
912 4166 941 4222 in
956 4164 1052 4224 medio
1074 4163 1189 4223 colloca
1210 4179 1361 4221 nnmerum
1383 4162 1594 4238 progressionis

237 4259 424 4328 perpetuam,
457 4248 725 4322 scilicet100.00,
761 4259 789 4310 et
818 4269 938 4329 operare
968 4270 1019 4329 per
1046 4249 1176 4325 reguiam
1208 4248 1297 4320 detri,
1332 4247 1492 4325 prodibunt
1518 4250 1594 4308 eninr

237 4337 347 4413 figurae
372 4343 390 4396 4
420 4334 539 4396 ultimae
569 4336 757 4414 scrupulosae
786 4338 969 4414 adjiciendae
1000 4340 1144 4416 exscripto
1174 4337 1249 4396 sinui
1279 4335 1418 4409 rotundo,
1451 4353 1507 4397 seu
1528 4335 1593 4396 ioco

239 4423 398 4485 deletarum
422 4422 487 4499 ejas
511 4430 531 4484 4
553 4424 726 4502 cypbrarum
748 4425 877 4486 finalium
900 4426 1079 4486 scribendae.

343 4662 372 4733 *J
391 4658 473 4728 Quam
492 4661 556 4718 dicit
573 4680 651 4732 snpra
667 4666 791 4731 lieplerur
811 4666 1007 4730 ,correctionem
1024 4668 1051 4715 in
1069 4667 1138 4716 calce
1156 4667 1243 4715 baram
1262 4665 1434 4730 paginarum,‘
1453 4676 1502 4713 nos
1514 4664 1542 4713 ln
1554 4670 1591 4714 ts·

239 4735 307 4787 bulis
329 4738 393 4800 ipris
416 4739 578 4791 correximus.
615 4736 654 4786 De
677 4736 841 4801 dispositione
865 4737 1048 4800 columnarum,
1074 4736 1261 4801 aliquantulum
1280 4735 1380 4787 diversa
1397 4748 1415 4784 a
1431 4731 1592 4799 Keplsrisxa,

239 4820 315 4873 snpra
332 4820 389 4871 psa.
407 4809 460 4859 eol
479 4807 574 4859 dictura
592 4811 640 4862 est.
949 4809 951 4812 ’
