3284 5520
210 340 278 412 810
572 342 1225 417 mmtaanmnemonmnusunmrsa

210 530 238 582 et
259 522 401 600 judicium
423 540 481 583 non
505 530 550 583 est
571 524 602 581 in
626 540 670 598 eo,
695 541 735 583 sn.
759 532 792 584 ut
814 524 903 585 modo
926 525 994 600 dlxi,
1019 522 1242 602 praecedentem
1264 538 1372 584 rocem
1403 520 1568 599 „llessiab“

213 610 374 669 abscissam
397 630 415 671 a
437 628 492 671 suo
524 621 666 672 commate
694 611 752 670 huc
779 612 953 689 allegarunt.
998 612 1159 671 liutherus:
1194 619 1243 691 „et
1269 611 1343 669 nihtl
1367 629 1458 689 porro
1482 610 1570 689 ertt“;

210 696 380 758 Helvetios:
407 708 456 780 „et
476 699 549 757 nihil
573 696 723 760 habebit“.
763 700 909 759 Funcoins
932 701 1022 759 verba
1043 708 1110 776 post
1126 716 1241 759 comma
1255 703 1415 775 sequentia
1431 699 1490 758 hue
1503 701 1571 759 sub-

210 789 315 845 nectit:
349 785 406 867 „ad
437 803 523 863 quern
546 787 619 845 nihil
640 788 797 863 pertinebit
820 805 915 863 neque
938 789 1007 846 urbs
1029 804 1124 863 neque
1146 789 1355 847 sanctuarium.
1405 786 1569 864 Psgninus:

212 882 340 953 „elnon
364 876 418 932 erit
440 875 466 933 ei
490 892 577 951 opem
598 871 723 933 lerens“.
762 874 811 933 Sic
834 891 891 934 non
915 873 1112 945 translatores,
1136 873 1187 933 sed
1209 883 1459 934 commentatores
1484 878 1571 935 exsti·

210 970 306 1020 terunt
329 962 443 1019 obscuri
468 961 534 1021 loci.
582 962 621 1019 At
644 965 673 1018 in
696 961 823 1022 hebraeo
846 961 912 1038 plus
936 979 992 1020 non
1017 970 1078 1035 est,
1109 978 1199 1036 quarn
1223 961 1427 1021 Bucholserns
1450 970 1481 1022 et
1504 962 1571 1022 Cal·

211 1051 295 1106 rinus
311 1049 528 1122 transtulerunt,
541 1066 582 1111 se.
603 1056 651 1129 „et
666 1049 738 1107 nihil
755 1046 827 1107 illi“.
844 1048 912 1109 Jam
928 1049 1002 1109 haee
1018 1053 1247 1125 conjungamus:
1264 1049 1456 1109 exscindetur
1471 1059 1573 1108 unctus

210 1144 238 1194 et
268 1135 338 1193 nihil
367 1133 441 1207 illi“,
473 1144 503 1195 et
529 1138 705 1211 cogitemus,
737 1153 774 1195 an
804 1136 877 1195 baec
904 1136 1055 1196 commode
1079 1155 1097 1194 a
1119 1136 1263 1212 propheta
1286 1136 1322 1195 de
1345 1146 1443 1196 morte
1467 1136 1573 1196 Christi

210 1222 287 1281 dicta
313 1226 402 1281 statui
430 1223 565 1300 possint?
604 1223 690 1283 Certe
721 1222 770 1282 alii
794 1224 954 1300 prophetae
977 1242 1036 1283 non
1059 1227 1225 1300 passionem
1249 1231 1383 1297 tantum,
1416 1223 1470 1284 sed
1490 1224 1574 1299 juxta

209 1326 326 1386 quoque
350 1310 557 1369 exultationem
577 1312 640 1387 ejus
657 1311 871 1388 praedixerunt.
910 1313 1008 1389 Atque
1024 1313 1113 1370 etiarn
1128 1310 1201 1369 illud
1216 1309 1339 1383 accedit,
1364 1311 1447 1387 quod
1465 1311 1569 1371 Daniel

210 1396 283 1456 duos
306 1400 391 1472 quasi
414 1406 508 1457 status
530 1399 600 1459 lucit
622 1397 807 1474 hujusmodi,
832 1398 868 1457 de
892 1415 950 1475 quo
975 1399 1117 1475 loquitur:
1149 1414 1238 1458 unum
1261 1397 1309 1456 his
1332 1400 1434 1458 verbis
1460 1417 1571 1478 „usque

210 1482 246 1545 ad
269 1484 416 1543 Christum
440 1482 573 1558 ducem“,
604 1486 653 1544 ubi
677 1486 762 1543 nobis
784 1494 902 1545 unctum
925 1503 1010 1545 suum
1034 1485 1172 1545 describit
1194 1488 1224 1543 in
1246 1502 1301 1543 sus
1323 1485 1437 1562 gloria,
1473 1487 1572 1545 ducem

209 1588 275 1631 oum
291 1572 452 1648 appellans,
476 1573 599 1632 alterum
624 1590 693 1631 vero
717 1581 824 1631 statum
849 1573 995 1646 describit,
1013 1590 1079 1633 cunr
1103 1572 1173 1632 dicit
1196 1573 1407 1653 „exscindetur
1423 1583 1529 1633 unctus
1545 1584 1571 1634 et

207 1659 279 1718 nlhil
302 1657 375 1731 illi“,
401 1663 450 1735 qui
475 1670 569 1719 status
592 1662 679 1737 priori
702 1660 790 1736 plene
814 1664 976 1720 contrarius
997 1670 1050 1721 est.
1089 1659 1158 1719 Jsm
1181 1664 1205 1717 si
1229 1663 1295 1737 quis
1318 1660 1395 1721 baec
1411 1661 1449 1721 ad
1467 1662 1570 1720 Christi

208 1750 299 1807 vitam
316 1747 536 1807 accommodare
551 1748 631 1816 velit,
647 1765 735 1822 quam
751 1750 829 1806 riam
845 1748 979 1808 insistet?
995 1748 1025 1808 Si
1043 1748 1189 1807 Christum
1205 1746 1415 1822 considerabit,
1428 1758 1463 1808 nt
1478 1766 1570 1809 norarn

207 1833 374 1893 hominihus
397 1836 594 1910 reputabatur,
620 1834 718 1914 „dur“
743 1851 892 1911 nunquam
916 1837 977 1902 luit,
1002 1835 1054 1894 sed
1075 1835 1219 1909 totaeJns
1236 1836 1387 1894 vitsnihll
1404 1836 1568 1903 alluderet,

208 1938 297 1996 qnam
318 1924 486 1991 exinanitio,
512 1930 540 1982 et
564 1924 592 1980 ln
617 1925 681 1998 ipse
704 1930 804 1993 morte,
829 1932 895 1999 post
911 1940 999 1998 quarn
1017 1921 1123 1982 Daniel
1139 1925 1331 1999 pronunciare
1349 1924 1469 1983 videtur
1485 1926 1570 2003 „nihil

207 2006 270 2066 illl“
297 2009 430 2084 amplius,
455 2010 519 2085 ojus
543 2009 658 2068 dcrnnm
683 2008 823 2068 exaltatio
847 2013 964 2087 incepit,
988 2013 1032 2069 sin
1049 2011 1114 2086 ejus
1130 2008 1313 2086 dignitatern,
1337 2027 1430 2086 quarn
1448 2013 1570 2071 obtinuit

208 2112 306 2155 coram
324 2098 398 2171 Deo,
421 2096 644 2174 perpendamus.
683 2096 839 2172 Nunquam
854 2096 903 2157 ille
919 2097 1057 2171 abolitus,
1082 2114 1232 2172 nunqnam
1248 2098 1277 2153 in
1294 2096 1421 2156 nihilum
1437 2099 1569 2158 redactus

208 2184 270 2243 lult.
316 2184 399 2243 Haec
421 2192 451 2245 et
472 2184 580 2244 similia
603 2201 649 2243 ms
671 2193 806 2258 movent,
839 2194 871 2243 ut
900 2187 1076 2259 existimem,
1107 2201 1300 2259 quaecuuque
1329 2184 1380 2244 bic
1403 2184 1440 2245 de
1464 2186 1569 2245 Massia

207 2269 349 2345 dicantur,
375 2287 431 2330 nnn
456 2271 492 2331 de
517 2271 632 2331 Christo
656 2268 774 2330 domino
797 2279 905 2345 nostro,
930 2272 981 2331 sed
1005 2271 1041 2331 de
1064 2273 1160 2346 capite
1183 2272 1303 2348 politiae
1326 2270 1488 2347 Judaicae,
1511 2276 1568 2333 sire

207 2358 238 2417 id
260 2358 405 2431 sacerdos,
429 2360 493 2419 sive
517 2359 584 2432 dux,
608 2360 672 2417 sire
694 2375 744 2418 rex
767 2359 861 2430 tuerit,
887 2360 1074 2436 accipienda,
1098 2375 1274 2434 sensumque
1297 2359 1378 2419 hunc
1401 2378 1486 2421 esre:
1509 2369 1569 2438 post

207 2447 423 2524 promulgatum
451 2446 621 2505 mundatum
652 2445 688 2505 de
716 2446 908 2505 restauranda
937 2448 1009 2507 urbe
1033 2450 1074 2507 49
1098 2463 1190 2505 annos
1220 2448 1361 2522 inopere
1386 2455 1567 2507 consumtum

208 2536 260 2608 tri3
291 2536 329 2593 ab
359 2550 394 2593 eo
425 2542 555 2610 ternpore
582 2550 633 2610 per
656 2549 748 2591 annos
773 2540 834 2594 434
858 2542 1003 2595 staturam
1027 2534 1160 2612 politism
1183 2532 1355 2608 Judaicam,
1386 2552 1427 2595 sc.
1452 2538 1510 2609 sie,
1540 2546 1568 2593 nt

208 2630 354 2696 angantur
378 2620 476 2695 duces,
499 2621 666 2681 sacerdotes
690 2626 720 2679 et
742 2637 834 2697 reges.
879 2622 920 2679 Eo
943 2622 1025 2681 linito
1049 2630 1179 2698 tempore
1201 2620 1343 2680 abolitum
1369 2624 1404 2679 lrl
1428 2623 1567 2698 politiam,

207 2708 319 2767 nullutn
344 2708 468 2785 emplius
491 2709 618 2768 laturum
641 2724 788 2765 summum
810 2708 1007 2783 sacerdotem,
1039 2710 1151 2768 nullum
1174 2710 1305 2783 ipsorum
1326 2724 1449 2784 regem3
1480 2719 1512 2769 ut
1532 2714 1568 2768 ita

208 2813 265 2854 vox
283 2796 408 2855 Messias
431 2813 490 2854 non
513 2813 602 2854 unum
625 2794 781 2866 bominem,
805 2796 857 2855 sed
881 2799 975 2873 ipsum
999 2796 1129 2856 ordinem
1145 2803 1297 2855 unctorum
1312 2796 1473 2872 significet.
1511 2796 1568 2857 Un-

208 2885 354 2961 gebuntur
376 2891 473 2943 autem
497 2892 526 2943 st
549 2900 633 2959 reges
657 2889 686 2941 et
708 2883 884 2943 sacerdotes.

313 2971 351 3029 hs
373 2974 535 3029 ciuitatem.
572 2969 729 3030 Helvetios
751 2973 794 3029 sic
818 2973 933 3029 inverso
957 2970 1076 3031 ordines
1101 2978 1191 3043 ,tunc
1214 2973 1312 3030 reniet
1334 2970 1468 3049 populus
1491 2972 1567 3031 ducis

208 3066 238 3116 et
261 3059 389 3117 vastabit
413 3059 595 3132 civitatem“3
620 3056 769 3131 Pagninus
794 3074 862 3115 vero
885 3062 943 3116 sic:
970 3067 1018 3133 „et
1041 3067 1144 3134 postea
1168 3059 1336 3118 civitatem“
1355 3101 1362 3116 .
1383 3104 1390 3117 .
1408 3101 1432 3129 .,
1459 3064 1567 3135 utrique

209 3153 279 3202 roto
302 3162 355 3203 suo
380 3149 553 3217 servientes,
584 3152 613 3205 et
643 3143 716 3202 haec
745 3144 804 3202 dno
828 3144 863 3204 de
888 3145 994 3204 Christi
1020 3147 1113 3221 deque
1136 3147 1216 3203 urbia
1240 3147 1358 3204 interitu
1383 3146 1423 3205 ab
1448 3150 1568 3206 invicem

208 3234 386 3310 temporibus
406 3232 583 3308 distinguere
601 3232 760 3307 cupientes,
785 3234 872 3290 tacite
888 3237 1096 3291 conscientiam
1112 3250 1195 3291 snam
1211 3234 1296 3292 nobis
1312 3236 1461 3308 aperiunt,
1489 3253 1568 3311 quarn

208 3328 287 3379 arcte
310 3336 350 3382 sc.
375 3329 470 3378 textus
494 3321 637 3379 hebraeus
661 3318 734 3378 haec
758 3318 815 3376 duo
839 3320 972 3395 copulet3
997 3337 1086 3396 quare
1104 3320 1263 3389 sciendum,
1286 3323 1317 3377 vi
1333 3320 1459 3381 hebraei
1477 3332 1567 3382 textus

209 3422 267 3465 uno
298 3416 327 3465 et
357 3407 460 3468 eodem
488 3416 618 3483 tompore
645 3406 718 3465 baec
747 3405 877 3466 accidere
907 3407 1059 3468 debuisse:
1093 3411 1171 3465 uncti
1195 3407 1394 3467 sublationem
1418 3418 1449 3468 et
1474 3409 1568 3487 tempii

210 3492 446 3554 destructionem.

316 3581 393 3641 Cum
418 3584 493 3641 duce
517 3590 651 3640 arentum.
690 3581 803 3640 Vocem
822 3586 984 3658 „venturo“
1008 3580 1126 3656 quidam
1143 3584 1171 3638 in
1193 3583 1331 3656 „reniet“
1353 3585 1569 3656 transformant,

210 3676 243 3726 nt
265 3684 369 3727 sensus
392 3673 446 3735 eit,
480 3680 632 3729 venturum
657 3671 684 3727 ln
708 3669 855 3728 dudaeam
879 3668 1020 3746 populum
1044 3686 1108 3726 curn
1134 3669 1215 3728 duce.
1261 3668 1320 3728 Sed
1344 3669 1418 3746 quid
1443 3673 1570 3751 impedit,

208 3770 267 3831 quo
291 3758 387 3814 minus
411 3760 452 3815 ita
475 3757 688 3831 intelligamus:
711 3757 837 3833 populus
861 3775 926 3816 cum
951 3756 1023 3814 duce
1048 3757 1094 3814 rel
1119 3759 1247 3832 imperio,
1272 3756 1353 3833 quod
1370 3758 1505 3819 nondum
1521 3772 1570 3830 est,

208 3844 417 3920 posterioribus
443 3862 510 3903 voro
535 3845 714 3919 temporibus
739 3847 858 3915 oristet3
890 3852 921 3902 ut
944 3846 1121 3919 cogitemus,
1148 3843 1264 3903 Derrieli
1288 3844 1471 3920 significari,
1497 3847 1569 3923 quod

209 3929 300 3990 cladis
323 3931 411 4006 hujus
434 3941 568 3990 auctores
591 3948 686 4006 neque
710 3932 884 4009 Babylonii,
918 3949 1013 4006 neque
1038 3932 1192 4008 Aegyptii,
1221 3948 1317 4006 neque
1345 3932 1409 3991 ulla
1434 3935 1569 3994 moderna

207 4034 280 4162 lgens
304 4019 429 4095 amplius
453 4020 549 4077 sutura
573 4022 620 4091 sit,
644 4019 695 4078 sed
718 4019 832 4095 aliqua,
857 4020 940 4095 cujus
963 4035 1068 4078 nomen
1092 4027 1153 4078 tum
1176 4019 1224 4078 vel
1248 4020 1407 4079 obscurum
1432 4024 1482 4080 vel
1508 4023 1568 4079 nul·

219 4122 268 4163 um
292 4114 402 4251 Sld's'ssia
425 4196 489 4265 ejus
512 4196 646 4252 vomitus.
693 4192 753 4251 Alii
787 4193 871 4267 „finis
902 4192 966 4267 ejus
998 4209 1063 4251 cunr
1093 4192 1315 4256 inundatione“.
1363 4193 1450 4268 Quae
1485 4197 1570 4255 verbs

209 4276 341 4338 Christus
366 4279 483 4355 (Matth.
510 4287 566 4352 st,
597 4280 689 4339 Marc.
717 4287 772 4354 13,
804 4281 874 4338 Luc.
901 4286 939 4338 19
964 4287 993 4338 et
1017 4281 1082 4354 21.)
1107 4283 1327 4356 interpretatur,
1357 4285 1569 4357 primumcum

104 4368 108 4375 '
208 4366 387 4426 celeritatem
412 4367 480 4425 nrali
505 4367 651 4439 describit,
676 4384 710 4425 eo
735 4366 813 4443 quod
833 4368 919 4443 jubet
942 4384 1011 4425 suos
1035 4375 1114 4426 rests
1137 4368 1245 4443 lugere,
1270 4386 1306 4427 na
1327 4370 1521 4430 involvantur
1536 4371 1568 4429 ab

208 4453 260 4513 illa
285 4454 485 4526 inundatione,
511 4454 614 4513 deinde
637 4472 702 4512 cunr
726 4456 796 4514 mali
819 4453 1049 4530 magnitudinem
1073 4463 1240 4531 exaggerat.

317 4541 517 4618 Confirmuhit
540 4550 652 4600 nutem.
692 4540 774 4601 llaec
796 4543 900 4601 ultima
922 4542 1059 4618 periodus
1081 4545 1265 4618 potissimum
1287 4550 1411 4603 moreat
1433 4543 1567 4621 aliquem,

207 4642 258 4685 cur
280 4644 369 4706 supra
393 4627 470 4688 dicta
494 4630 530 4687 sd
548 4630 654 4688 Christi
678 4632 843 4705 passionem
860 4630 974 4690 reseret.
1013 4630 1088 4688 Nam
1104 4632 1170 4705 quis
1192 4630 1401 4690 confirmabit?
1423 4631 1569 4707 Numquid

208 4714 327 4790 aliquis,
352 4733 410 4793 quo
435 4716 471 4775 de
495 4719 575 4792 prius
598 4734 693 4777 sermo
719 4716 803 4776 erat?
825 4715 898 4791 Quis
922 4734 990 4792 ergo
1015 4734 1048 4775 er
1072 4716 1154 4776 illisi
1176 4718 1253 4776 Num
1269 4718 1399 4794 populns
1415 4718 1568 4779 vastatori

208 4800 249 4860 At
278 4801 335 4862 boe
365 4802 533 4864 absurdum.
581 4806 626 4863 hn
657 4820 726 4865 vero
755 4811 859 4864 unctas
888 4803 938 4863 ille
968 4803 1176 4879 perimendas?
1209 4806 1250 4865 At
1270 4805 1329 4865 hoe
1351 4807 1384 4865 tn
1408 4805 1493 4866 illnm
1513 4823 1568 4867 non
