3284 5520
703 298 882 370 ceparum.
1411 298 1475 367 316

117 477 344 555 oeumpiatorem
361 483 426 553 etc,
450 479 493 538 sic
508 483 541 537 ut
562 485 712 538 remaneat
733 480 828 538 minor
849 479 978 537 marimo
995 474 1150 554 Cbssiad1s3
1172 494 1225 555 per
1248 476 1306 537 boc
1327 477 1476 541 residuum

119 566 265 643 excerptus
280 584 418 627 uumerus
441 565 594 625 absolutus
610 572 639 624 ct
661 584 713 642 per
727 573 916 643 praeceptum
940 565 1136 626 conformatus
1160 564 1248 626 debet
1267 565 1331 641 jam
1346 567 1475 627 vicissim

120 652 219 713 suant
239 672 308 730 una,
333 653 447 717 duabus
471 659 525 714 etc.
549 651 661 728 figuris.

607 823 880 889 PRAECEPTUM
904 826 973 886 VII.
1047 868 1051 877 .

129 926 284 1001 Numerum
308 942 483 1003 absolmum
505 939 675 1017 quadrare,
699 958 752 1000 seu
773 943 838 1014 ejus
860 940 1049 1018 quadratum
1062 947 1312 1016 praeterpropter
1325 943 1472 1003 invenire.

217 1079 343 1157 Duplica
365 1078 587 1156 Logaritbmnm
609 1081 721 1139 numeri
745 1077 921 1154 quadrandi,
947 1077 1067 1155 duplum
1090 1079 1147 1138 hoc
1169 1081 1245 1138 iuter
1267 1079 1473 1155 Logarithmos

132 1169 277 1235 maesiam
301 1168 421 1227 exhibet
444 1183 479 1225 ex
503 1166 640 1225 columna
662 1184 716 1225 sua
739 1183 891 1225 numerum
915 1166 1093 1239 absolutum,
1120 1168 1166 1227 cui
1189 1175 1258 1225 suut
1281 1168 1474 1245 apponendae

128 1247 158 1306 «111
177 1253 303 1314 dextram
326 1264 439 1331 septem
456 1253 597 1331 cyphrae:
622 1256 664 1312 sic
679 1254 836 1313 habebitur
860 1252 1035 1330 quadratum
1057 1257 1170 1313 numeri
1193 1257 1345 1332 propositi,
1368 1254 1473 1316 saltem

124 1333 146 1391 ¹¹⁰
172 1344 270 1416 primis
302 1343 365 1419 ejus
395 1342 496 1417 figuris
524 1341 561 1400 ad
591 1342 745 1402 sinistram.
791 1341 867 1400 Nam
889 1342 955 1401 loca
977 1340 1091 1416 reliqua
1114 1341 1151 1401 ad
1175 1340 1322 1417 dextram,
1355 1342 1472 1420 cypbris

116 1422 241 1501 inpleta,
264 1430 373 1489 nullius
396 1436 464 1490 sunt
486 1431 635 1503 momenti,
659 1429 774 1489 etiamsi
798 1427 845 1488 vel
868 1427 1120 1506 scrupulosissime
1143 1430 1380 1507 exprimerentur.

220 1536 431 1607 Exemplum.
468 1540 634 1602 Quadrandus
660 1542 694 1588 slt
711 1541 839 1604 310000,
862 1541 924 1600 Lag.
944 1540 1092 1591 34737601

719 1611 781 1671 Ejus
801 1610 905 1673 duplum
942 1611 1093 1662 69476662

467 1680 523 1728 Hoc
541 1679 647 1743 duplum
666 1679 763 1728 iudicat
780 1681 927 1729 absolutum
962 1681 1041 1730 96.10

467 1751 532 1811 Ergo
556 1749 704 1813 quadratum
729 1751 870 1813 quaesitum
889 1755 927 1798 est
962 1750 1174 1802 96100000000.

467 1820 515 1868 Vel
535 1821 568 1868 sit
585 1819 745 1884 quadrantius
764 1820 904 1880 3100000,
923 1822 985 1882 Lag.
1006 1821 1157 1874 11711800

853 1890 966 1955 Duplum
1003 1892 1155 1942 98423660

468 1959 522 2007 llcc
541 1957 646 2022 duplum
665 1958 762 2007 indicat
779 1961 924 2009 absolutum
956 2001 963 2013 .
1002 1963 1117 2012 961000

468 2042 524 2090 ergo
544 2029 695 2093 quadratum
713 2031 857 2094 quaesitum
875 2036 913 2079 ost
956 2071 963 2084 .
1001 2033 1250 2086 9610000000000.

599 2185 871 2249 PRAECEPTUM
895 2188 979 2250 vni.

494 2300 625 2359 Numeri
647 2300 779 2361 absoluti
801 2302 913 2361 cubum
936 2304 1084 2363 incertae.

213 2423 342 2500 Triplica
364 2421 586 2499 Logarithmum
611 2424 736 2495 numeri,
759 2421 876 2499 triplum
900 2423 956 2483 boc
980 2426 1054 2485 inter
1077 2425 1282 2503 Logarithmos
1306 2431 1470 2503 quaesitum

97 2502 261 2572 exhibebit
283 2512 393 2588 primas
417 2509 484 2569 cubi
508 2510 634 2584 quaesiti
658 2509 774 2585 figuras,
800 2511 907 2587 quibus
931 2513 1124 2588 apponendae
1147 2522 1215 2573 sunt
1237 2514 1313 2575 aliae
1338 2522 1388 2577 14.

94 2672 99 2684 ,
214 2619 422 2688 Exemplum.
459 2616 571 2672 Numeri
591 2617 712 2672 absoluti
730 2619 862 2674 9000000
874 2619 1066 2687 Logaritbmus
1086 2621 1216 2680 1053605
1235 2623 1387 2692 triplicatus
1406 2625 1471 2681 iacit

92 2676 249 2767 Μ00015,
269 2698 315 2767 qui
334 2704 365 2750 nt
377 2695 570 2765 Logaritbmus
590 2696 637 2750 dat
656 2711 690 2749 ex
709 2697 836 2752 columna
852 2714 1027 2755 numerorum
1044 2701 1386 2773 10161111111117290000,
1405 2720 1469 2776 ergo

90 2765 196 2834 ellbus
213 2784 257 2833 est
274 2774 661 2833 729000000000000000000.

614 2935 886 2998 PRAECEPTUM
908 2937 965 2996 IX.

121 3054 166 3115 δι’
189 3053 325 3115 duorum
347 3068 548 3111 numerorum
575 3049 784 3110 absolutorum
812 3053 914 3126 maior
942 3051 1123 3112 dividendus
1149 3061 1190 3112 eat
1210 3072 1266 3132 per
1288 3058 1446 3134 minorem,

471 3141 654 3214 quatientem
677 3155 782 3198 eruere
801 3156 859 3213 per
881 3138 1104 3216 Laqurithmos.

213 3259 339 3335 Quando
369 3258 545 3320 dividendus
574 3268 618 3319 est
644 3261 739 3335 major
766 3276 818 3336 per
839 3262 996 3334 minorem,
1029 3269 1099 3322 tunc
1120 3262 1177 3322 hoo
1200 3270 1245 3324 est
1267 3265 1401 3343 perinde,
1435 3285 1470 3328 ac

67 3342 125 3405 8ἰ
152 3351 185 3408 in
208 3347 311 3423 regula
333 3349 419 3406 trium
434 3349 528 3424 primo
552 3345 617 3406 loco
640 3345 679 3405 ad
702 3348 849 3406 sinistram
873 3347 1066 3408 collocaretur
1088 3352 1189 3423 minor,
1213 3351 1342 3411 seeundo
1366 3353 1469 3429 major,

68 3424 194 3498 thtio
226 3437 338 3510 unitas,
373 3443 536 3510 quartoque
564 3434 631 3493 loco
662 3433 700 3492 ad
730 3432 861 3494 dextram
892 3437 1039 3511 quotiens.
1085 3436 1159 3495 Nam
1186 3445 1219 3496 nt
1248 3441 1342 3499 minor
1364 3449 1409 3499 est
1431 3441 1470 3501 ad

68 3520 260 3602 tlaetiorem,
284 3525 328 3583 stc
349 3524 447 3581 unitas
471 3521 508 3581 ad
532 3523 719 3597 quatientem.

215 3609 308 3669 Aufer
338 3612 426 3686 igitur
449 3608 670 3685 Logaritbmum
700 3609 819 3666 minoris
849 3628 869 3668 a
891 3607 964 3687 Lug.
996 3609 1117 3669 unitatis
1144 3610 1298 3671 absolutae
1322 3613 1351 3669 in
1375 3614 1467 3673 vesti-

75 3682 179 3759 bulo
204 3696 362 3769 chiliadis,
397 3696 509 3757 scilicet
536 3695 574 3755 ab
600 3700 817 3766 1611809.59,
852 3697 969 3755 residuo
997 3696 1072 3756 adds
1096 3696 1317 3775 Logarithmum
1340 3701 1468 3777 majoris,

79 3796 225 3848 summa
246 3788 320 3845 luter
342 3784 549 3861 Logarithmcs
573 3785 707 3860 quaesita
729 3782 858 3841 ostendit
880 3785 955 3844 inter
976 3784 1128 3844 absolutos
1152 3789 1341 3862 quatientem.

214 3884 425 3953 Exemplum.
462 3886 502 3939 Sit
520 3882 680 3939 dividendus
699 3882 832 3938 9990000
848 3898 899 3951 per
916 3884 1038 3940 3200.00.
1070 3886 1160 3955 Hujm
1180 3902 1244 3955 ergo
1262 3887 1468 3957 Logarithmum

89 3966 261 4024 34420104
279 3964 357 4018 aufer
375 3970 402 4016 et
419 3963 536 4017 vicissim
554 3962 628 4016 illius
639 3961 845 4029 Logaritbmum
863 3961 960 4017 80302
979 3962 1049 4017 adde
1067 3963 1289 4029 111161180909,
1310 3965 1468 4022 conficietur

89 4040 304 4116 Logaritbnrns
325 4040 496 4107 1211641081,
516 4041 563 4107 qni
580 4039 699 4096 ostendit
718 4038 871 4094 absolutum
889 4040 958 4095 001.
995 4041 1072 4109 Ergo
1092 4042 1122 4096 31
1144 4051 1187 4097 est
1204 4043 1337 4110 quotiens.

214 4134 272 4196 Vel
302 4134 384 4193 auser
406 4130 627 4207 Logarithmum
657 4133 776 4191 minoris
804 4150 824 4190 a
850 4134 981 4208 proxime
1009 4133 1112 4209 majori
1135 4133 1324 4212 Logarithmo
1346 4136 1467 4197 unitatis

96 4227 310 4301 cujuscunque
332 4223 362 4278 iu
386 4219 533 4292 Chibete,
566 4218 682 4278 residuo
706 4218 781 4279 adde
805 4218 1025 4296 Logarithmnm
1048 4219 1181 4296 majoris,
1210 4223 1344 4298 provenit
1366 4221 1467 4299 Loga-

99 4313 233 4373 ritbmus
262 4310 387 4379 numeri,
419 4322 517 4382 aquo
548 4313 616 4364 snut
642 4306 840 4365 abscindenda
862 4306 984 4366 totidem
1006 4306 1087 4381 loca,
1121 4318 1193 4384 quot
1215 4308 1340 4387 cyphras
1363 4308 1467 4370 habuit

102 4403 209 4462 unitas
231 4396 292 4471 illa,
316 4412 391 4472 quae
415 4393 634 4469 Logarithmnm
658 4392 746 4453 dedit.

215 4498 253 4553 Ut
282 4497 306 4550 si
335 4496 363 4551 in
393 4493 518 4562 exemplo
548 4493 681 4561 superiori
711 4493 916 4563 Logaritbmum
947 4492 1057 4547 minoris
1083 4492 1229 4549 34420194
1263 4495 1423 4554 abstulisses
1447 4513 1466 4554 a

108 4578 267 4645 46001703,
284 4572 460 4643 Logaritbmo
479 4571 583 4626 numen*
600 4571 727 4637 100000,
746 4571 871 4627 residuus
889 4571 986 4626 fuisset
1023 4576 1169 4624 11631609

425 4671 904 4732 01116611111111011111031111111111111
934 4709 942 4724 .
979 4707 984 4719 .
1072 4672 1167 4722 soant

423 4759 571 4808 coniecisset
588 4758 777 4822 Lognrlthtnntn
795 4793 980 4811 .....
1020 4760 1165 4813 rituam
