3284 5520
225 294 290 363 830
578 297 620 351 De
637 294 810 366 septuaginta
827 294 1041 351 bebdomadibus
1059 295 1087 351 ln
1104 294 1226 351 Daniele.

224 476 310 549 pretii
333 483 521 551 tyrannorum
545 476 679 533 manibus
702 483 731 532 et
754 471 934 534 desertorum
956 473 1139 534 sacerdotum
1157 472 1276 551 perfidis
1291 472 1514 550 proditionibus
1529 476 1577 532 eri·

224 579 293 639 pere
316 579 373 620 non
397 570 527 639 potuere,
550 565 574 619 si
598 579 673 638 quae
696 563 821 620 maxime
844 581 862 621 a
886 562 1046 638 majoribus
1068 560 1170 622 relicta
1192 561 1349 621 habuere?
1384 559 1474 637 Quod
1490 569 1578 620 antem

225 648 404 709 confidenter
426 649 462 708 do
485 649 582 707 dubiis
605 650 786 724 pronunciat,
810 649 839 707 id
863 665 921 707 neu
945 649 1042 722 lrabet,
1067 649 1147 726 quod
1170 652 1235 725 qnia
1258 652 1393 725 cogitare
1406 651 1513 725 possit,
1536 665 1577 726 per

225 754 362 794 manuum
387 737 570 796 traditionem
596 738 785 809 verissimam,
809 735 875 795 inde
898 737 937 795 ab
960 739 1004 808 iis,
1029 739 1077 812 qui
1102 736 1255 796 interfuere
1271 739 1372 808 rebus,
1396 735 1438 795 ad
1454 744 1578 813 posteros

224 825 441 896 manamissum,
474 823 525 883 sed
549 824 681 899 indulget
702 823 859 900 plurimum
881 842 935 882 sno
960 826 1076 900 ingenie
1100 831 1130 883 et
1151 840 1210 884 nen
1233 824 1341 883 infelici
1364 823 1499 899 Judicio‚
1530 840 1578 898 quo

224 918 320 970 tamen
352 911 495 970 interdum
520 913 601 970 etin
624 912 680 970 huo
703 914 858 988 praecipue
882 912 1255 988 muteriadcceptnsfuit3
1287 929 1367 988 quae
1402 911 1505 969 omnia
1526 913 1579 969 cni·

223 997 296 1057 libet
318 998 402 1057 facile
425 1000 617 1075 apparebunt,
641 1000 689 1074 qni
714 998 777 1072 ejus
802 998 901 1074 Autiq.
925 998 1015 1057 libres
1038 1014 1104 1057 oum
1126 1001 1215 1058 saeris
1238 997 1371 1057 historiis
1396 998 1537 1057 conferet.

329 1084 429 1145 Altera
454 1086 579 1162 objectio
602 1086 675 1145 liaeo
699 1104 762 1145 esse
786 1096 891 1162 potest,
916 1086 1073 1145 absurdum
1096 1104 1169 1158 esse,
1194 1086 1299 1159 Deum,
1323 1088 1377 1162 qui
1393 1088 1479 1161 genti
1495 1089 1579 1143 serri-

224 1174 294 1231 tutis
317 1181 432 1251 tempus
455 1190 512 1231 nou
535 1172 652 1249 longine
677 1179 715 1231 ii)
732 1191 872 1231 annuorum
896 1172 1076 1245 definiverat,
1101 1176 1264 1245 connivere,
1288 1182 1322 1231 nt
1343 1189 1400 1249 per
1418 1178 1479 1231 111
1496 1190 1579 1231 nunes

224 1264 514 1320 aconsnmnuatieue
543 1260 642 1336 templi
672 1259 895 1336 profribeantnr;
928 1268 1041 1319 tanturn
1071 1262 1147 1320 enim
1176 1276 1318 1318 annornm
1351 1269 1399 1318 est
1422 1278 1442 1319 a
1467 1265 1497 1321 2.
1520 1259 1578 1337 Gyri

224 1346 262 1405 ad
287 1353 315 1405 2.
339 1342 424 1407 Darii
448 1346 547 1407 limbi.
593 1347 781 1425 ltcspendee:
814 1350 839 1405 si
863 1355 972 1407 certum
995 1357 1053 1419 est,
1079 1347 1156 1424 quod
1180 1348 1298 1423 quidem
1321 1365 1361 1406 ex
1384 1348 1578 1424 superioribus

223 1435 386 1493 rationibus
409 1435 455 1493 vel
478 1435 611 1511 siugulis,
638 1435 683 1493 vel
707 1434 870 1509 aliquibus,
897 1435 944 1494 vel
968 1438 1108 1493 universis
1132 1437 1250 1494 numine
1273 1436 1441 1494 certissime
1465 1434 1577 1493 demeu-

223 1529 345 1580 stratum
374 1524 523 1595 existimo,
555 1530 666 1581 tantum
697 1523 835 1598 temporis
858 1521 982 1581 Judaeis
1013 1523 1116 1581 otiosis
1140 1532 1168 1581 et
1190 1519 1390 1600 ἀνιστορητοις
1413 1521 1576 1591 decessisse,

220 1608 283 1683 jain
306 1627 391 1685 porro
415 1627 450 1669 eo
474 1609 665 1668 laborandum
688 1610 773 1668 nobis
797 1618 853 1681 est,
879 1618 910 1667 ut
933 1608 1011 1686 qued
1034 1609 1193 1683 absurdum
1216 1606 1341 1682 videtur,
1367 1612 1469 1667 censis
1491 1608 1578 1667 allatis

226 1696 380 1756 verisimile
403 1696 567 1755 reddamus.
613 1696 769 1756 Sciendum
792 1697 909 1772 itaque,
933 1714 991 1755 nou
1015 1699 1107 1772 sequi,
1130 1698 1154 1754 si
1180 1697 1260 1754 Deus
1282 1712 1413 1772 poenam
1438 1698 1577 1755 servitutis

224 1800 283 1840 nou
306 1783 466 1859 longiorem
492 1790 531 1842 70
557 1786 639 1842 aunis
663 1801 727 1853 esse
752 1784 861 1857 uoluit,
893 1801 961 1860 ergo
991 1800 1085 1859 neque
1115 1783 1224 1842 diutius
1247 1785 1327 1859 ipsos
1352 1783 1467 1861 templo
1491 1800 1576 1842 eurem

223 1872 363 1946 permisit.
402 1872 476 1930 Nam
501 1871 698 1930 diversissima
717 1879 761 1930 est
777 1873 928 1947 utriusque
944 1872 1034 1929 ratio:
1058 1873 1184 1930 servitus
1199 1888 1244 1930 res
1259 1871 1369 1929 misera
1385 1880 1442 1943 cst,
1470 1870 1577 1929 libertus

223 1974 275 2033 per
298 1977 329 2017 se
352 1976 457 2029 aurea,
490 1961 625 2034 quamvis
653 1959 841 2034 plurimarum
864 1975 956 2017 rerum
981 1975 1083 2033 egena.
1124 1956 1383 2032 Quemadmodum
1407 1960 1498 2033 igitur
1519 1959 1577 2016 aci·

224 2045 304 2117 cula,
334 2062 443 2105 careae
467 2044 595 2117 inclusa,
627 2049 778 2104 universas
802 2044 908 2103 aientis
931 2063 1002 2122 opes
1025 2045 1137 2103 fastidit
1160 2056 1189 2105 et
1213 2044 1258 2103 vel
1282 2045 1382 2104 media
1405 2045 1579 2121 hiemeque

224 2130 295 2189 data
326 2142 411 2208 porta
440 2134 467 2189 in
496 2131 619 2191 liberum
649 2136 745 2191 adrem
773 2133 887 2214 evolat,
918 2134 961 2192 ita
983 2131 1106 2204 Judaei,
1137 2133 1264 2191 conteuti
1288 2132 1385 2191 reditu
1408 2150 1447 2191 ex
1471 2148 1577 2191 carcerc

142 2228 149 2245 ⁰
225 2218 423 2295 Babylonico,
448 2237 505 2278 uon
529 2222 627 2295 magni
650 2221 792 2292 fecerunt,
817 2219 926 2296 templo
950 2219 1058 2278 diutius
1081 2236 1194 2279 carere:
1226 2218 1313 2277 modo
1337 2218 1434 2278 altare
1458 2227 1487 2278 et
1508 2236 1576 2295 quse

224 2304 262 2363 ad
286 2307 394 2365 cultum
418 2306 550 2364 divinum
572 2306 650 2366 fuere
674 2309 840 2366 necessaria
862 2307 1040 2384 possideant.
1084 2306 1229 2366 credibile
1251 2310 1349 2365 estet
1371 2306 1576 2382 probabilem

224 2394 355 2468 Aggaeo,
378 2393 511 2453 Judaeos
535 2396 623 2469 ipsos,
647 2397 769 2470 primum
789 2400 901 2454 tentata
915 2395 1011 2471 operis
1028 2393 1196 2452 difficultate
1212 2396 1241 2450 in
1258 2393 1435 2454 fundatione
1449 2393 1575 2459 aedificii,

224 2497 289 2539 cum
319 2489 432 2540 sumtus
461 2484 558 2556 magui
587 2482 702 2552 tierent,
733 2481 817 2539 facile
840 2498 872 2541 se
895 2481 1028 2558 impediri
1050 2492 1169 2557 pessos,
1201 2490 1303 2558 utpote
1326 2483 1378 2556 qui
1402 2491 1504 2540 essent
1524 2498 1574 2539 non

224 2575 337 2626 tautum
361 2570 460 2644 exigui
482 2586 611 2641 numero,
635 2568 799 2627 sedetiam
823 2585 881 2627 non
905 2567 1061 2627 admodum
1082 2567 1221 2644 opulenti.
1260 2567 1485 2639 Intellexerunt,
1509 2580 1575 2627 tem·

224 2672 294 2731 pore
318 2673 392 2730 opus
416 2673 493 2729 esse,
518 2654 596 2731 qnod
620 2658 695 2713 intra
720 2658 747 2713 in
771 2655 910 2730 majorem
934 2658 989 2731 ipsi
1013 2673 1155 2713 summam
1178 2664 1395 2714 succrescerent
1420 2658 1575 2732 opibusque

226 2744 362 2819 privatim
379 2749 408 2801 et
424 2743 539 2820 publice
555 2742 802 2802 convalescerent.
841 2742 939 2801 David
957 2742 1084 2819 quidem,
1101 2743 1319 2820 potentissimus
1334 2760 1395 2816 res,
1414 2760 1482 2801 cunr
1496 2744 1576 2801 babet

223 2830 397 2906 vectigalem
421 2831 587 2889 universam
604 2830 728 2907 Syriam,
752 2829 941 2888 nihilominus
962 2829 1196 2888 aedificationem
1218 2848 1236 2888 a
1258 2846 1291 2887 se
1310 2831 1480 2889 institutam
1495 2830 1574 2889 mlo-

223 2918 303 2974 moui
326 2917 387 2975 tilio
411 2934 475 2976 cum
498 2916 661 2977 incredibili
686 2925 715 2976 et
738 2916 868 2976 inaudita
891 2917 953 2975 auri
968 2919 1052 2996 copia
1068 2918 1194 2991 reliquit,
1218 2926 1307 2991 atque
1325 2915 1385 2987 ille,
1410 2934 1479 2978 eum
1494 2915 1574 2994 duple

223 3004 362 3077 majorem
387 3022 528 3063 summam
553 3002 717 3080 bajulorum
738 3006 890 3079 coegisset,
914 3021 1002 3078 quam
1015 3004 1077 3078 jam
1093 3012 1175 3063 eraut
1190 3006 1318 3062 urrivcrsi
1335 3006 1419 3063 cives
1435 3022 1472 3063 ex
1488 3006 1574 3081 capti·

225 3093 314 3150 vitate
345 3090 480 3164 reduces,
513 3094 694 3168 septennium
726 3101 823 3150 tamen
855 3093 883 3147 iu
916 3108 989 3166 epus
1021 3093 1162 3149 iusumsit.
1208 3091 1284 3149 Tum
1314 3100 1416 3150 autem
1447 3092 1574 3167 exempla

223 3179 365 3254 majerum
389 3196 506 3238 suorum
531 3188 664 3256 poterant
687 3180 806 3250 intueri,
839 3181 889 3253 qui
912 3195 1005 3237 annus
1029 3184 1090 3238 480
1115 3177 1223 3253 templo
1246 3195 1382 3252 caruere,
1416 3197 1484 3237 cunr
1507 3179 1574 3236 duo·

223 3264 346 3342 decuplo
370 3266 467 3359 plepes
491 3277 600 3327 essent:
625 3284 720 3341 neque
743 3274 840 3325 tamen
864 3267 958 3323 uriuue
980 3266 1044 3325 Dee
1069 3265 1156 3324 cluana
1179 3283 1251 3340 gens
1275 3265 1340 3338 tuit,
1364 3268 1390 3324 si
1415 3266 1575 3326 idololatria

221 3371 254 3412 se
277 3354 475 3412 abstinuisset.
522 3354 690 3412 Accedebat
713 3352 822 3412 Jesuue
846 3362 875 3410 et
898 3353 1089 3411 Zorobabelis
1113 3354 1258 3426 longaeva
1281 3360 1433 3425 senectus,
1460 3371 1575 3430 quemne

224 3443 325 3515 utique
349 3452 469 3500 mortem
494 3441 718 3517 exspectandam
742 3444 796 3498 rati
820 3450 895 3511 sunt,
920 3448 951 3497 ut
974 3440 1028 3497 sub
1051 3440 1241 3498 alacrioribus
1264 3447 1294 3498 et
1316 3439 1499 3499 felicioribus
1514 3458 1576 3499 suc-

224 3530 389 3587 cessoribus
414 3547 486 3604 epus
510 3529 613 3603 mnj0ri
638 3546 703 3586 cunr
727 3527 867 3585 industria
887 3527 1064 3601 procederet,
1089 3544 1153 3585 cum
1171 3528 1312 3599 viderent,
1337 3530 1487 3586 antistites
1503 3532 1576 3604 ipses

224 3616 307 3673 senio
340 3626 493 3674 eriervstos
525 3616 631 3675 leutius
661 3633 762 3690 agere,
792 3613 980 3689 l'astiditaque
1010 3617 1069 3672 vita
1091 3613 1131 3671 nil
1155 3616 1210 3672 nisi
1234 3616 1429 3673 certissimam
1452 3615 1576 3691 quotidie

223 3713 344 3760 rriertem
370 3711 547 3778 exspectare.
594 3703 677 3761 Haec
700 3710 728 3761 et
751 3701 858 3760 similia
881 3702 1011 3759 fortassis
1035 3701 1141 3760 idonea
1163 3704 1261 3760 futuru
1284 3712 1366 3772 sunt,
1398 3706 1507 3777 quibus
1531 3702 1575 3760 ille

221 3788 326 3863 longus
349 3792 487 3865 temporis
510 3790 608 3849 hiatus
631 3797 687 3848 111
709 3806 849 3847 annorum
873 3789 909 3847 ad
934 3788 1177 3847 eerrsiderantimn
1195 3788 1377 3865 voluptatem
1392 3790 1574 3864 aliquatenus

221 3878 367 3952 pingatur.

324 3963 425 4022 Tertio
453 3964 538 4021 nobis
570 3963 657 4038 objici
686 3965 779 4038 possit
802 3964 972 4037 longissima
995 3971 1024 4020 et
1046 3964 1103 4021 isla
1125 3969 1297 4038 tempestate
1320 3972 1455 4021 inonstro
1478 3961 1575 4021 similis

220 4059 355 4109 senectus
378 4050 470 4110 denuc
501 4049 660 4109 sacerdotis
692 4059 720 4108 et
743 4047 934 4109 zorobabelis
963 4049 1054 4108 ducis.
1099 4049 1193 4109 Jcsna
1221 4066 1347 4125 namque
1377 4067 1445 4108 crim
1475 4049 1575 4108 rediret

221 4155 257 4195 ex
281 4137 435 4214 Babylone
464 4139 713 4214 quinquagenario
742 4141 834 4195 minor
864 4154 927 4196 esse
955 4154 1012 4195 non
1037 4139 1147 4212 potnit,
1181 4140 1250 4214 quia
1274 4133 1360 4216 (Esd.
1387 4143 1417 4210 3,
1444 4134 1481 4217 9)
1504 4137 1573 4194 filios

219 4223 309 4283 babet
333 4223 459 4296 adultos,
483 4228 578 4301 operis
602 4227 708 4300 incepti
731 4223 925 4303 s'pyodaoasao.
964 4223 995 4282 Si
1020 4226 1106 4299 igitur
1129 4227 1190 4283 suis
1212 4225 1507 4300 manibus'templum
1523 4226 1571 4281 ab·

219 4310 327 4383 solvit,
352 4310 430 4385 qued
454 4312 495 4369 illi
520 4313 658 4388 Aggasus
681 4310 850 4388 pollicetur,
883 4320 971 4386 atque
994 4311 1023 4368 id
1046 4312 1153 4369 factum
1177 4313 1232 4370 sub
1256 4312 1349 4369 Dario
1372 4311 1491 4383 Notbo,
1518 4316 1572 4370 160

220 4400 308 4473 igitur
337 4398 384 4457 vel
410 4406 470 4457 1ῑο
496 4416 588 4458 autres
611 4398 720 4458 Jcsuas
749 4399 894 4476 explevit,
926 4416 979 4457 nee
1002 4399 1094 4457 multo
1116 4402 1269 4475 panciores
1292 4398 1472 4458 Zorobabel.
1518 4398 1573 4457 Re·

220 4484 361 4561 spondeo,
385 4486 561 4545 solutionem
581 4490 608 4544 iu
626 4503 660 4546 eo
677 4490 843 4557 consistere,
867 4493 899 4543 ut
915 4485 1154 4559 demonstremus,
1177 4486 1279 4545 iisdem
1296 4485 1491 4545 incommodis
1506 4503 1573 4544 cou-

220 4572 335 4644 dictari,
360 4576 409 4646 qui
433 4573 579 4633 diversum
602 4592 621 4632 a
642 4574 727 4632 nobis
743 4572 1006 4649 quomodocunque
1021 4580 1167 4649 statuant3
1191 4572 1270 4650 qued
1285 4571 1334 4630 det
1351 4574 1494 4649 exemplis
1511 4574 1573 4631 lon·

219 4675 380 4732 gaenorum
405 4659 510 4733 allatis,
535 4663 640 4736 quibus
665 4663 721 4719 ista
743 4670 825 4720 aetas
848 4659 984 4720 reddetur
1006 4661 1181 4720 verisimilis.
1227 4659 1258 4720 Si
1282 4662 1468 4719 tricenariam
1491 4678 1573 4719 user-

220 4761 322 4819 pemus
343 4749 578 4823 generationem,
601 4747 712 4808 Eliesib
735 4749 821 4809 nobis
846 4753 935 4808 120⁰·
959 4748 1023 4824 fiet,
1048 4750 1117 4825 qnia
1140 4745 1246 4808 Oniem
1268 4747 1447 4824 abnepotem
1470 4750 1573 4825 attigit.
