3284 5520
483 107 679 180 Ephenrerides
698 108 733 165 ad
751 123 837 167 annos
858 110 923 167 1621
943 106 979 165 ad
997 108 1073 167 1628.

164 283 366 354 preneridos
383 299 516 341 annorum
535 283 709 343 1621-1628
727 284 862 341 oommuui
879 276 1026 353 inscriptae
1042 288 1107 339 snut
1124 282 1220 339 ulmo:

214 424 342 525 Tomi
373 424 518 523 Primi
549 420 905 545 lipbemeridum
935 422 1124 524 loannis
1156 420 1344 544 Kapleri

602 591 722 653 Pars
745 586 951 650 secunda

432 697 483 765 Ab
505 719 591 767 anno
613 699 785 768 MDOXXI
806 698 851 767 ad
871 696 1113 767 mmcxxvm.

77 828 181 904 Quae
204 844 241 887 ex
263 825 386 887 Tabulis
409 825 558 903 liudolpbi
581 826 628 886 vel
651 827 748 888 adbne
769 825 970 903 surgentibus,
994 824 1043 886 rel
1065 823 1195 884 noudum
1217 823 1305 883 editis
1326 822 1454 882 liberiori

254 915 343 992 paulo
366 914 481 975 werlo
503 922 690 991 computatae
713 914 750 975 ad
772 931 858 974 suum
880 913 999 990 quidem
1021 928 1157 989 quaeque
1179 928 1297 984 murm,

392 1001 439 1062 edi
461 1010 560 1062 minen
582 1002 708 1063 antebac
730 1001 883 1062 commode
904 1018 963 1062 uon
985 1008 1152 1078 potnerunt.

125 1137 258 1194 Accessit
275 1153 347 1194 nuno
363 1136 407 1193 bis
425 1136 512 1207 annis,
530 1142 627 1208 utpote
639 1135 698 1205 ianr
716 1136 828 1205 exactis,
846 1134 962 1192 historia
979 1133 1159 1191 mutationum
1178 1148 1260 1191 auree
1276 1136 1418 1203 perpetue,

125 1214 186 1271 lida
204 1221 233 1271 et
251 1214 379 1285 diligens,
404 1214 519 1287 ejusque
544 1232 605 1271 oum
624 1216 742 1273 motibus
761 1224 788 1272 et
806 1213 1064 1285 configurationibus
1083 1212 1225 1271 stellarum
1244 1210 1418 1283 comparatio,

210 1292 361 1349 subsidium
379 1294 572 1351 instaurandae
590 1311 670 1352 verae
687 1295 899 1368 meteorolopiae
918 1302 946 1355 et
962 1294 1140 1368 profligandis
1158 1308 1192 1349 ex
1211 1308 1244 1348 ea
1261 1291 1341 1361 nugis

584 1390 755 1447 summopere
774 1377 967 1435 neceesarium.

454 1497 522 1557 eum
538 1499 689 1573 Prioslepio
709 1498 843 1557 crearer
861 1500 900 1557 ad
917 1516 1008 1559 anuos
1026 1498 1094 1557 XV.

125 1745 274 1824 impressa
296 1748 420 1819 aarum
441 1749 642 1811 dilationum
664 1750 694 1811 iu
717 1750 932 1830 typograpbeio
953 1746 1063 1813 Duoali
1084 1746 1250 1826 sumptibus
1272 1742 1423 1805 Authoris.

640 1887 719 1942 Anno
737 1886 904 1944 MDCXXX.

123 2232 449 2321 deserendissimis
486 2236 743 2324 illustrissimis,
779 2238 983 2323 Generosis,
1017 2234 1219 2313 Nobilibus,
1256 2230 1425 2314 strenuis,

470 2342 769 2432 {inusitatissimis
798 2343 1078 2418 Prudentissimis

258 2608 519 2695 troblduoatus
546 2493 1029 2718 tussrrsisliiissrnurnss
1056 2608 1286 2707 Prooemium

396 2732 519 2789 Dominis
537 2734 744 2793 Maecenatibus
760 2736 828 2793 meis
846 2733 1098 2793 beneficentissimis
1118 2732 1146 2790 S.

346 2892 609 2972 Reveraudissiml,
641 2896 853 2975 illustrissimi,
880 2896 1022 2974 Nobiles,
1051 2895 1185 2969 Strenui,
1214 2890 1452 2965 Honoratissimi,

513 2984 737 3047 Prudentissimi
760 2994 814 3047 etc.

199 3093 355 3154 Biennium
378 3097 451 3157 abiit
469 3116 504 3158 ex
527 3116 596 3175 quo,
620 3098 743 3160 Tabulis
757 3098 907 3176 Rudolpbi
921 3100 1045 3177 primum
1060 3114 1138 3157 anno
1156 3101 1237 3157 1628
1255 3093 1358 3156 Ulmae
1374 3093 1452 3155 Sue·

56 3190 199 3242 vorum
220 3183 250 3240 in
272 3182 422 3259 publicum
443 3184 538 3259 editis,
562 3186 668 3247 deiude
683 3205 760 3248 auno
777 3188 910 3264 sequenti
926 3186 999 3263 Imp.
1016 3186 1136 3246 Caesari
1150 3181 1395 3245 Fordiuando
1411 3178 1451 3239 IL

59 3261 224 3330 Domine
238 3268 353 3347 Pragae
376 3272 523 3346 exhibitis,
546 3273 682 3335 Lincinm
705 3292 840 3337 reversus
861 3276 1004 3335 rationem
1028 3273 1122 3334 Vobis
1140 3272 1293 3334 absentiae
1315 3276 1453 3347 peraeto-

60 3368 218 3433 rumque
240 3359 376 3418 itinerum
396 3358 511 3420 reddidi
527 3360 622 3438 deque
637 3379 702 3423 meo
718 3364 841 3423 transitu
857 3361 1017 3439 Saganam,
1041 3360 1078 3421 ad
1099 3378 1144 3439 ea,
1167 3377 1244 3437 quae
1263 3358 1453 3435 professionis

62 3458 179 3505 mese
202 3456 287 3519 sunt,
315 3446 456 3507 subsidiis
478 3450 531 3521 iis,
556 3466 633 3526 quaa
655 3451 725 3511 Dux
746 3449 1055 3527 Magnldoantissimue
1078 3448 1242 3520 obtulerat,
1265 3443 1451 3523 perficienda,

69 3528 234 3593 Vestram
257 3531 440 3596 voluntatem
462 3553 524 3612 qus
545 3536 668 3598 docebat
696 3537 891 3598 submissione
918 3539 1080 3614 exquisivi:
1112 3553 1178 3597 eum
1207 3543 1237 3595 et
1266 3532 1367 3593 laoiles
1390 3531 1453 3591 Vos

69 3615 230 3681 advola
250 3638 318 3681 mea
340 3630 369 3682 et
390 3640 480 3700 supra
501 3641 590 3699 quam
613 3624 662 3684 rel
685 3625 846 3702 optandum
867 3624 938 3684 mibi
952 3626 1047 3684 luerat
1066 3626 1095 3682 in
1115 3641 1162 3684 me
1179 3622 1325 3684 beneficos
1348 3636 1454 3696 exper-

70 3716 151 3775 tus,
175 3708 343 3784 prorinola,
367 3726 443 3785 quae
465 3727 517 3788 per
531 3728 624 3771 annos
642 3713 706 3788 jam
732 3720 769 3773 16
793 3721 908 3789 gratum
930 3712 1002 3771 mibi
1024 3714 1176 3787 musisque
1198 3712 1271 3770 mais
1292 3709 1453 3784 hospitium

64 3796 281 3873 praebuerat,
304 3797 393 3871 exivi,
415 3797 520 3874 plenus
542 3807 572 3859 at
593 3800 712 3876 gaudio,
736 3800 816 3877 quod
837 3802 989 3860 retinerem
1009 3799 1199 3859 nibilominus
1213 3797 1358 3863 Patronus
1380 3810 1454 3854 eou-

59 3888 205 3957 suetos,
228 3890 259 3943 et
280 3900 334 3960 spe
356 3884 543 3958 revidendae‚
566 3903 655 3962 quam
678 3897 746 3949 tune
768 3887 848 3948 haud
870 3905 973 3964 parum
995 3888 1133 3947 stillatam
1156 3884 1364 3960 relinquebam,
1389 3898 1454 3942 me·

53 3963 154 4025 liori
181 3970 352 4047 propediem
374 3972 491 4033 fortuna
513 3990 626 4047 usurae,
650 3993 733 4036 meae
755 3991 944 4051 meorumque
958 3976 1080 4052 patriae.
1113 3972 1221 4037 Omnis
1234 3972 1314 4032 bons
1333 3986 1454 4030 suase

50 4062 158 4113 cum
175 4074 208 4118 se
222 4066 339 4135 portare
354 4059 498 4136 gloriatus
512 4069 558 4120 est
572 4061 623 4122 ills
638 4062 841 4139 pbilosopbus,
863 4080 929 4123 eum
940 4063 1088 4139 jacturam
1101 4061 1244 4121 bonorum
1259 4059 1340 4136 passi
1353 4064 1454 4117 ruent

46 4144 228 4220 wauliae,
250 4163 306 4222 ego
330 4164 401 4207 reru
423 4151 513 4209 etiam
535 4148 641 4209 Vestra
663 4168 777 4211 meeum
800 4159 870 4210 tuno
892 4152 1055 4228 exportari,
1078 4148 1213 4225 pauculis
1231 4149 1305 4207 meis
1327 4144 1453 4205 Vestrae

43 4218 206 4293 ‘stelas
221 4232 339 4307 relictis,
362 4251 422 4294 uon
438 4235 575 4311 equidem
597 4246 630 4296 ut
646 4237 708 4297 Vos
724 4238 926 4314 exspoliarem,
948 4237 1002 4298 sed
1017 4245 1050 4296 ut
1064 4236 1171 4297 edecta
1184 4234 1360 4313 portiterem,
1383 4248 1453 4309 par·

40 4294 174 4380 ‘⁰0²2
194 4319 233 4381 ad
249 4320 313 4381 Vos
326 4324 518 4385 remitterem:
542 4323 753 4401 premeridas
776 4326 831 4387 bas
853 4327 974 4402 inquam
995 4341 1137 4385 annorum
1153 4324 1173 4383 8
1189 4323 1355 4383 successive
1370 4335 1453 4380 oom-

40 4393 216 4483 ”Fusus
237 4411 314 4471 iuter
335 4427 421 4470 ouras
435 4410 616 4472 Tabularum
638 4412 787 4490 Rudolpbi
810 4413 937 4489 maiores
959 4416 1090 4488 interque
1113 4414 1218 4471 itinera
1238 4408 1401 4485 longinqua
1423 4414 1455 4467 et

45 4462 244 4571 ‘¹¹¹²turna,
269 4495 349 4557 domi
372 4500 461 4559 etiam
483 4517 544 4576 qua
566 4508 728 4576 temporum
752 4501 933 4573 difficultate,
955 4517 1046 4577 quam
1059 4499 1186 4560 intendis
1207 4496 1293 4557 malis
1314 4496 1452 4574 publiolr,

47 4566 149 4633 ¹¹⁰¹!
181 4581 262 4647 lubet
282 4587 461 4647 meminisse.
506 4587 565 4649 Eas
580 4587 702 4651 Vestrae
724 4606 798 4665 esse,
820 4588 901 4649 baud
922 4598 995 4666 puto
1016 4588 1173 4666 negabitis,
1197 4588 1248 4664 qui
1270 4593 1300 4647 et
1320 4583 1454 4646 subsidia
