3284 5520
743 386 832 460 Caput
849 384 924 446 vm.
1449 388 1513 460 369

263 568 315 624 llio
333 567 508 625 continuatus
527 570 632 634 septem
649 562 759 634 cyphrls
777 570 805 619 et
823 564 926 620 divisus
944 578 994 633 per
1012 562 1159 634 0904500,
1179 563 1296 621 medium
1314 563 1515 623 arithmeticum

137 644 230 701 inter
247 645 340 702 datum
359 652 386 700 et
405 649 577 714 excerptum,
604 659 653 699 sen
678 642 724 698 ille
748 643 921 697 continuatus
941 645 957 697 5
976 642 1085 713 oyphris
1109 652 1138 700 et
1155 642 1257 700 divisus
1275 660 1326 714 per
1343 645 1443 714 09045,
1468 645 1515 702 dat

137 725 327 791 quotientem
353 725 461 792 30087,
492 723 539 793 qui
568 720 676 778 ablatus
706 721 741 775 ab
768 722 904 792 exscripto
931 720 1125 793 Logarithmo,
1155 721 1285 792 relinquit
1309 721 1514 793 Logarithmurn

470 822 610 887 mllleoupli
634 859 959 876 ........
967 829 1003 874 ·.
1042 823 1190 875 namot

472 894 538 942 Huln
555 894 633 953 igitur
651 893 715 942 addo
733 891 958 955 millecuplatorem
996 933 1002 944 .
1040 894 1189 943 59077054

546 979 664 1029 Provonlt
683 980 856 1041 Logarithmus
875 982 1005 1045 quaesitus
1041 984 1202 1033 814058.Ιο

263 1083 367 1153 Quodsi
392 1096 520 1138 numerus
538 1081 618 1138 0909
643 1087 739 1137 exacte
762 1081 927 1150 exprimeret
943 1083 1031 1138 sinum
1049 1084 1130 1139 nnius
1148 1083 1259 1149 minuti,
1285 1089 1351 1138 tunc
1369 1082 1414 1137 hio
1431 1082 1514 1138 etiam

146 1170 272 1218 exactus
291 1169 365 1218 esset
382 1161 574 1232 Logarithmus
593 1159 674 1214 unius
691 1159 802 1229 minuti3
828 1168 858 1215 at
875 1161 939 1230 quia
956 1162 983 1217 in
1003 1163 1083 1218 0009
1100 1161 1196 1216 ultima
1213 1162 1304 1217 unitas
1323 1175 1376 1214 non
1395 1170 1438 1217 est
1455 1177 1513 1215 om·

148 1242 218 1296 nino
237 1242 329 1312 plena,
347 1242 409 1297 ideo
428 1242 508 1296 etiam
527 1239 719 1309 Logarithmus
737 1239 817 1294 nnius
836 1239 932 1296 minuti
951 1247 993 1296 est
1010 1240 1092 1310 paulo
1111 1241 1205 1310 major,
1224 1248 1254 1297 nt
1273 1240 1382 1310 quidem
1398 1241 1513 1295 Ursinus

152 1335 215 1375 eum
237 1321 366 1389 exprimit
384 1319 423 1375 sio
442 1319 555 1377 814257.

261 1413 381 1474 Casus
412 1411 609 1473 secundus.
654 1410 736 1470 Idem
768 1411 827 1470 iere
859 1426 1013 1487 processus
1044 1419 1104 1484 est,
1146 1413 1171 1471 si
1204 1411 1290 1472 datus
1324 1410 1512 1489 serupulosus

155 1499 241 1559 inerit
264 1502 358 1577 major
381 1500 498 1576 quidem
521 1516 610 1575 qnam
635 1503 803 1569 1000000,
827 1515 935 1574 parvus
957 1506 1054 1557 tamen
1078 1500 1236 1559 etiamnum
1259 1506 1288 1558 et
1309 1502 1402 1558 minor
1425 1517 1514 1573 quam

157 1588 300 1647 maximus
323 1587 475 1647 Chiliadis.
520 1587 604 1646 'l‘uno
633 1588 709 1645 enim
734 1585 922 1661 liogarithmo
953 1585 1050 1663 dupli,
1084 1586 1131 1645 vel
1160 1587 1251 1664 tripli,
1287 1587 1334 1647 vel
1358 1586 1514 1665 quadrupli

160 1673 251 1750 (quod
275 1676 393 1751 quidem
415 1692 474 1735 non
497 1673 619 1736 excedat
641 1673 798 1732 maximum
815 1671 970 1750 Chiliadis)
993 1673 1110 1732 additur
1124 1672 1330 1750 liogarithmus
1354 1672 1512 1751 totnplans.

261 1775 298 1829 Ut
317 1775 341 1829 si
358 1774 438 1830 detur
456 1790 582 1829 numerus
602 1772 933 1841 00000100000845078.
968 1771 1020 1826 Hie
1038 1773 1090 1827 etsi
1108 1773 1195 1841 maior
1215 1780 1256 1826 est
1273 1788 1354 1841 quam
1374 1774 1513 1841 1000000,

160 1860 199 1907 est
220 1853 307 1909 adhue
326 1860 382 1908 tarn
399 1868 514 1922 parvus,
539 1861 570 1907 ut
592 1851 652 1919 ejus
671 1849 839 1919 quadruplus
858 1849 963 1905 scilieet
980 1851 1113 1908 93827.l2
1132 1852 1168 1906 sit
1184 1852 1275 1907 adhue
1291 1852 1379 1906 minor
1396 1853 1512 1907 maximo

158 1929 295 1990 chiliadis.
332 1931 487 2000 Quaeratur
503 1931 587 1998 igitur
604 1929 686 1999 hujus
704 1928 911 1997 Logarithmus:

469 2058 510 2107 Ad
527 2058 659 2108 9880000
678 2061 715 2104 est
732 2056 795 2114 Log.
832 2056 945 2104 840058

204 2130 338 2192 Appendix
358 2126 507 2194 scrupulosa
582 2129 668 2178 0710.
728 2127 807 2174 sutor
861 2126 938 2175 0091
976 2125 1100 2187 Quotiens
1117 2127 1278 2178 auferendus.

791 2195 939 2245 18880944
976 2197 1038 2256 Lag.
1056 2195 1231 2260 quadruplam
1249 2197 1309 2247 add.

256 2287 324 2336 llaso
342 2285 466 2335 dividitur
482 2298 528 2349 por
561 2286 667 2406 {3333
729 2355 745 2401 ²
791 2284 946 2335 14500108.
983 2284 1158 2344 Logarithmne
1176 2285 1311 2347 quaeritur.

546 2360 558 2406 1

494 2427 702 2437 *—

561 2445 684 2495 8857800

562 2516 683 2565 7505080
729 2514 745 2564 8

578 2605 700 2654 8500000

578 2673 701 2725 8448015
728 2674 744 2720 9

495 2744 700 2754 ——--—-.

616 2763 701 2814 78985
730 2763 744 2810 1

259 2957 317 3020 llio
339 2976 426 3020 casus
440 2961 615 3037 generaliter
636 2966 759 3041 proponi
775 2972 882 3042 potest,
904 2974 938 3024 ut
951 2964 1176 3041 circumspicies,
1201 2964 1229 3020 in
1245 2980 1304 3040 qua
1325 2968 1513 3042 proportione

180 3033 356 3111 (teminorum
378 3047 496 3125 quidem
518 3049 722 3128 rotundorum)
751 3055 790 3112 sit
817 3070 953 3113 numerus
980 3052 1148 3129 propositus
1170 3049 1209 3110 ed
1230 3049 1358 3127 aliquem
1381 3058 1512 3130 proxima

179 3126 296 3195 minorem
323 3137 451 3195 maximo
476 3135 627 3200 chiliadis.
674 3138 757 3199 Tunc
780 3141 966 3200 constituitur
988 3140 1182 3217 proportionis
1205 3137 1283 3197 illiue
1307 3138 1513 3217 Logarithmus

180 3218 201 3271 0
216 3235 259 3294 per
280 3239 348 3282 eum
371 3230 495 3299 augetur
516 3223 723 3301 Logarithmus
746 3227 826 3287 illius
848 3229 978 3304 proxime
1001 3227 1131 3307 minoris.

261 3321 302 3376 Sit
323 3323 400 3378 sinus
422 3324 592 3394 quicunqne,
616 3331 684 3394 puta
703 3326 847 3394 1564845,
873 3326 917 3381 hio
935 3325 1090 3381 continetur
1108 3326 1133 3380 in
1156 3326 1303 3383 10000000
1320 3327 1424 3399 sexies,
1451 3345 1513 3385 sex·

181 3397 261 3464 uptun
280 3402 353 3456 enim
370 3403 571 3459 essenorum.
597 3404 657 3460 Ηο0
675 3412 769 3474 potest
786 3406 915 3462 accedere
928 3406 1012 3460 triens
1031 3405 1146 3462 501448
1165 3413 1192 3458 et
1210 3405 1353 3461 conficitur
1371 3409 1512 3467 9907018.

180 3468 216 3530 Est
227 3479 304 3548 igitur
318 3482 445 3536 1561045
459 3479 493 3535 ad
507 3482 640 3538 99075.l8
654 3489 684 3538 ut
696 3485 729 3540 19
742 3486 776 3539 ad
790 3487 813 3542 3.
823 3488 854 3554 0)
880 3485 1070 3554 Logarithmus
1083 3483 1288 3553 novemdeoupli
1300 3492 1342 3539 est
1354 3485 1511 3548 09441390.

179 3547 231 3613 Hine
253 3558 330 3614 aufer
357 3558 537 3628 triplicantem
559 3562 721 3628 10980198,
748 3565 941 3632 Logarithmus
967 3563 1050 3631 igitur
1075 3563 1258 3632 proportionis
1286 3571 1328 3619 est
1355 3566 1512 3626 18458007.

179 3627 248 3772 ame
252 3638 454 3774 800301ιέ]οῗ
471 3639 545 3695 illius
563 3641 721 3712 multiplicis
739 3645 862 3713 proxime
880 3643 989 3699 minoris
1007 3642 1124 3696 marimo
1138 3640 1275 3712 chiliadis,
1293 3659 1344 3713 per
1355 3644 1514 3701 divisionem

239 3734 252 3773 r
281 3734 323 3787 ne,
339 3732 371 3772 ee
412 3733 424 3773 s
459 3737 465 3772 :

230 3860 287 3914 lire.
307 3862 501 3914 75180000000
711 3869 843 3918 9907018
1001 3864 1114 3917 100008

231 3930 286 3984 niv.
324 3934 499 3983 9908700000
711 3941 865 4018 9901010).-
1040 3936 1115 3987 7091
1147 3935 1274 3997 quotiens.

307 4002 496 4082 69300-
536 4006 551 4053 ⁷
640 4012 847 4078 exfrons.
1021 4024 1117 4073 asera

262 4073 425 4142 *terlio
651 4094 723 4144 100
740 4097 801 4159 neg.
820 4098 932 4158 propoli.
970 4093 1116 4143 rossanus

319 4162 425 4213 sesnes
535 4162 551 4210 s
944 4161 1153 4233 W

302 4308 305 4313 ¹
336 4251 443 4372 ἓὲῗξὲίῧ)
531 4321 547 4369 9
759 4252 821 4312 Log.
842 4251 969 4316 quaesitus
987 4253 1084 4301 nnmerl
1102 4249 1211 4299 absoluti
1233 4252 1373 4304 1504045.

259 4390 493 4403 *-

356 4410 439 4461 10917
532 4412 542 4457 1
583 4408 713 4469 Quotiens.

262 4566 380 4629 Casas
403 4568 545 4627 tertius.
586 4565 618 4626 Si
640 4563 844 4642 scrupulosus,
867 4567 963 4624 minor
985 4583 1073 4643 qnam
1098 4570 1273 4641 5000000,
1296 4567 1431 4631 habuerit
1453 4589 1511 4631 non

180 4645 257 4722 plores
285 4673 375 4734 quam
399 4662 416 4715 4
440 4654 548 4731 figuras
576 4653 788 4730 significativas
819 4670 977 4729 earumque
1006 4652 1110 4714 ultima
1136 4655 1221 4715 luerit
1245 4656 1410 4734 quinarius,
1444 4669 1513 4721 tune

180 4732 242 4817 dupli
263 4742 312 4804 rel
336 4742 491 4821 quadmpli
507 4741 695 4819 Logaritlrmo
718 4742 748 4798 in
771 4739 904 4802 chiliade
928 4743 1048 4803 invento
1071 4741 1147 4804 adde
1169 4742 1390 4820 Logaritlrmum
1413 4745 1512 4824 dupli·

179 4835 273 4890 entem
295 4830 345 4892 vel
366 4828 645 4908 quadruplicantem.

238 4947 427 5003 {widom-
457 4947 510 4992 vn·
1263 4942 1305 4999 24
