3284 5520
216 310 281 377 804
564 308 606 364 De
623 308 798 377 septuaginta
814 304 1030 365 hebdomadibus
1046 304 1075 363 in
1091 306 1215 363 Daniele

215 488 323 562 quibua
345 486 414 546 Tito
433 486 545 546 Paulus
567 485 721 557 interdicit,
745 494 777 545 nt
799 484 964 544 Christiano
988 482 1123 559 indignas
1144 484 1287 560 rejicient.
1328 483 1450 561 Quibus
1472 495 1503 545 nt
1524 505 1568 547 re·

217 576 386 651 spondeam,
410 578 532 651 primum
556 576 636 633 illam
660 575 828 649 opinionum
852 574 1022 632 varietatem
1045 571 1139 630 lenius
1155 574 1339 649 interpretari
1354 591 1447 651 posse
1464 574 1566 634 videor.

213 662 289 722 Nam
314 665 337 721 is
361 666 492 722 veritatis
515 672 559 722 est
582 663 717 721 omnibus
740 664 844 720 insitus
867 677 958 733 amer,
982 670 1015 719 ut
1037 661 1092 717 nisi
1115 659 1269 719 affectibus
1293 664 1459 721 transversi
1473 666 1566 740 rapis·

212 768 285 822 mur,
309 768 423 810 omnem
447 769 555 821 euram,
579 750 707 809 studium
731 749 971 825 diligentiamque
987 747 1025 805 ad
1041 748 1104 823 ejus
1120 749 1340 823 inquisitionem
1355 749 1485 809 libenter
1499 768 1566 809 con·

212 838 346 899 ieramus.
392 835 432 897 Ut
455 842 524 914 qnia
547 838 617 896 nihil
641 837 817 907 dubitamus,
843 838 913 911 quin
938 837 1120 893 verissimum
1143 839 1182 893 sit
1204 834 1240 895 de
1265 841 1307 895 70
1330 836 1565 897 bebdomadibus

212 926 361 983 oraculum
393 927 586 1001 omnibusque
616 928 678 983 auis
706 925 838 1001 partibas
866 922 903 981 sd
934 932 1074 999 sequutos
1097 929 1220 982 eventus
1244 926 1411 984 rectissime
1436 926 1563 1002 quadret,

211 1012 358 1087 quomodo
385 1022 481 1073 tamen
506 1012 644 1088 quadret,
669 1010 765 1071 adhue
788 1012 1047 1070 controversiam:
1075 1008 1150 1069 baec
1171 1013 1245 1069 satis
1267 1028 1378 1088 magna
1401 1030 1493 1072 eausa
1515 1022 1564 1086 est,

210 1108 241 1157 ut
265 1109 406 1176 quantum
432 1100 593 1160 eruditione
617 1099 696 1158 valet
711 1098 843 1175 quilibet,
867 1106 979 1156 tantum
995 1100 1024 1156 in
1039 1096 1216 1158 enodatione
1231 1102 1418 1174 quaestionis
1434 1102 1564 1160 laborare

210 1186 291 1245 velit.
329 1187 432 1262 Neque
456 1186 585 1261 dubium,
610 1191 680 1264 quin
703 1190 828 1264 primunr
851 1194 940 1261 atqua
963 1202 1038 1243 unus
1061 1185 1168 1260 aliquis
1190 1203 1250 1245 rem
1275 1189 1383 1263 ipsam,
1408 1192 1451 1248 uti
1467 1188 1563 1261 babet,

208 1276 359 1333 verissime
382 1274 550 1351 prodiderit,
574 1284 666 1334 totum
683 1284 828 1333 certamen
844 1281 962 1351 repente
978 1272 1112 1331 sedatum
1127 1274 1264 1346 loturum,
1289 1291 1394 1334 omnes
1410 1293 1481 1335 vero
1496 1277 1562 1334 reli-

208 1378 284 1437 quae
308 1364 461 1439 opiniones
485 1373 598 1438 sponte,
622 1379 676 1421 nee
699 1362 928 1439 repugnantibus
951 1361 1119 1419 auctoribus
1141 1364 1313 1421 evanituras
1336 1365 1407 1423 sint.
1452 1363 1562 1439 Quodsi

207 1459 259 1507 aut
283 1453 417 1524 quaestio
441 1452 507 1529 ipsa
530 1460 580 1509 aut
603 1450 769 1508 auditorum
792 1448 920 1507 conditio
943 1447 1010 1505 talis
1034 1460 1125 1521 esset,
1155 1465 1190 1508 ex
1220 1467 1279 1525 qua
1304 1459 1474 1511 contemtus
1497 1470 1562 1511 ora·

207 1536 355 1610 culorum,
386 1547 437 1596 aut
467 1556 623 1614 perversae
651 1537 687 1596 de
711 1536 877 1595 Christiana
901 1533 1033 1595 doctrina
1054 1538 1216 1595 sententiae
1239 1541 1357 1595 occasio
1382 1548 1560 1615 sequeretur,

204 1623 338 1699 juberem
372 1627 474 1700 utiquc
506 1624 585 1684 illam
616 1642 681 1684 cunr
716 1623 811 1681 Paulo
852 1626 925 1682 inter
953 1624 1057 1681 inanes
1085 1621 1151 1682 illas
1186 1624 1378 1701 genealogias
1408 1627 1559 1686 lacessere

207 1710 317 1770 Verum
340 1714 410 1787 quia
433 1712 488 1772 hoe
510 1712 640 1789 periculo
663 1712 777 1771 liberati
798 1728 908 1783 sumus,
932 1726 985 1770 nee
1001 1711 1030 1767 in
1046 1709 1147 1786 vulgo,
1168 1710 1222 1770 sed
1236 1715 1266 1770 in
1279 1711 1386 1772 sebola
1401 1732 1558 1787 versamur,

204 1798 276 1857 nihil
300 1799 339 1857 ad
362 1816 415 1858 noa
438 1803 581 1876 pertinere
605 1802 738 1858 existimo
763 1798 799 1857 D.
823 1798 909 1857 Pauli
933 1797 1050 1857 dietum.

310 1883 474 1945 Utilitatem
497 1898 595 1946 autem
619 1886 767 1946 auditores
789 1885 871 1944 illam
894 1902 999 1961 capere
1022 1892 1154 1960 pessunt,
1179 1893 1211 1945 ut
1233 1888 1258 1944 si
1282 1903 1342 1945 non
1365 1890 1557 1947 eembsimarn

205 1984 399 2048 assequantur
421 1978 617 2050 cognitionem
640 1975 755 2034 obscuri
778 1972 844 2041 loci,
868 1971 967 2033 videre
989 1982 1086 2032 tamen
1101 1974 1222 2048 possint,
1248 1992 1397 2050 quaenam
1413 1994 1449 2036 ex
1464 1980 1556 2036 omni-

204 2059 258 2118 bos
282 2062 432 2120 sententiis
456 2065 545 2121 menti
568 2062 728 2139 prophetae
751 2062 787 2119 sit
810 2063 938 2137 propior.
983 2061 1082 2135 Atque
1112 2063 1175 2136 ipse
1199 2078 1270 2137 ege,
1304 2065 1361 2121 etsi
1384 2064 1456 2123 milri
1482 2064 1555 2124 bunc

203 2163 370 2207 successum
393 2149 524 2225 polliceri
548 2167 606 2209 non
629 2166 762 2227 possum,
792 2158 824 2208 ut
847 2166 922 2224 quae
946 2165 1047 2206 omnes
1069 2156 1137 2206 ante
1160 2165 1206 2207 me
1229 2147 1341 2210 latuere
1365 2151 1448 2210 solua
1473 2162 1556 2228 patc-

202 2233 317 2305 iaeiam,
343 2234 413 2294 illud
432 2245 543 2309 tamen,
567 2237 645 2313 quod
669 2237 752 2308 alins,
775 2234 823 2294 hic
845 2239 970 2295 maxime
991 2235 1053 2293 fieri
1076 2253 1163 2311 posse
1187 2236 1334 2313 intelligo,
1359 2247 1394 2297 ut
1418 2239 1555 2315 quiequid

202 2337 303 2381 ornnes
333 2322 503 2401 chronologi
531 2327 610 2402 prius
640 2324 823 2396 laborarunt,
853 2326 879 2381 ei
909 2325 959 2399 qui
988 2325 1017 2379 in
1041 2320 1218 2400 disputando
1240 2324 1374 2384 succedit
1397 2327 1470 2386 utile
1494 2344 1554 2386 esse

200 2412 302 2484 possit,
327 2419 359 2468 ιιι
381 2427 438 2470 non
463 2420 522 2470 tam
545 2413 697 2487 sibiipsi,
721 2428 810 2486 qnam
832 2410 952 2487 reliquls
976 2412 1144 2470 auctoribus
1166 2418 1319 2487 acceptum
1341 2413 1418 2473 terre
1441 2413 1553 2488 debeat,

202 2495 344 2573 quidquid
368 2498 397 2554 in
420 2499 476 2558 bac
497 2517 528 2559 re
551 2501 616 2575 quis
639 2498 802 2575 proiecerit.

305 2584 382 2644 Tota
405 2602 474 2644 vero
498 2588 679 2663 quaestionis
702 2586 840 2644 enodatio
863 2586 892 2641 in
910 2584 956 2643 bis
972 2584 1087 2643 duobus
1102 2587 1249 2645 consistit:
1275 2595 1308 2644 ut
1322 2588 1449 2663 primum
1465 2590 1553 2664 ipsius

201 2670 310 2729 oraculi
333 2689 451 2731 sensnm
475 2691 510 2732 cx
533 2677 635 2732 nativa
657 2671 758 2749 lingua
781 2672 950 2745 habeamus,
975 2672 1079 2732 deinde
1102 2680 1233 2749 atquae
1256 2676 1420 2749 insigniora
1443 2692 1510 2735 cunr
1525 2679 1552 2735 in

200 2757 324 2817 eeclesia
346 2766 405 2818 tum
430 2762 458 2817 in
482 2760 657 2820 monarchiis
681 2762 755 2820 intra
773 2765 834 2818 600
849 2776 942 2817 annos
957 2777 976 2818 a
990 2758 1088 2818 soluta
1102 2763 1276 2836 captivitate
1291 2760 1329 2821 ad
1346 2780 1453 2822 eversa
1466 2762 1552 2823 Jero·

199 2845 313 2922 solyma
337 2846 504 2920 acciderint,
529 2867 564 2909 ex
587 2848 801 2924 probatissimis
824 2847 992 2906 auctoribus
1015 2847 1134 2906 indubie
1157 2851 1416 2909 constituamuset
1430 2850 1471 2910 ad
1486 2868 1552 2911 suos

198 2932 316 3009 singula
348 2951 440 2993 annos
471 2937 638 2996 reseramus.
684 2935 767 2994 Haec
798 2937 874 2993 enirn
902 2935 953 2993 ubl
983 2937 1225 3010 praestiterimus,
1257 2935 1357 2995 nullos
1385 2936 1474 2997 labor
1500 2942 1551 2999 erit

198 3036 329 3089 cernere,
365 3023 512 3098 quomodo
546 3022 695 3081 oraculum
726 3040 790 3081 cum
818 3022 905 3081 rebus
929 3021 1068 3099 quadret,
1098 3039 1163 3082 cum
1187 3026 1215 3080 in
1239 3025 1415 3083 contrariam
1439 3035 1549 3103 partem

198 3107 360 3182 videamus,
385 3112 552 3186 quicunque
577 3110 718 3169 hactenus
741 3113 818 3168 circa
840 3110 915 3167 hane
939 3111 1140 3185 quaestionem
1164 3113 1238 3169 inter
1259 3129 1291 3170 se
1314 3111 1437 3172 dissona
1460 3118 1549 3191 serip-

197 3204 305 3268 serunt,
330 3207 380 3255 ant
404 3197 507 3255 horum
531 3197 698 3257 alterutrius
721 3206 773 3255 aut
795 3200 946 3272 utriusque
971 3197 1182 3272 disceptatione
1204 3200 1293 3257 irrisae
1317 3198 1472 3262 deductos.

302 3282 350 3342 De
374 3285 491 3346 Primo.
539 3285 625 3359 Quod
649 3288 743 3361 ipsum
760 3285 929 3361 prophetiae
945 3302 1062 3344 sensum
1078 3288 1191 3358 attinet,
1216 3286 1296 3344 illum
1314 3287 1434 3359 quidem
1451 3290 1550 3349 rectis-

196 3372 267 3428 sime
293 3374 358 3444 qnis
382 3391 416 3430 ex
442 3376 505 3448 ipsa
520 3371 657 3431 Hebraea
680 3374 779 3448 lingna
802 3380 927 3447 peteret;
950 3371 1001 3431 sed
1025 3374 1095 3446 quia
1110 3372 1162 3430 illa
1176 3374 1261 3432 nobis
1278 3376 1381 3448 ignota
1397 3383 1453 3449 est,
1478 3377 1550 3435 alio·

195 3474 257 3515 rum
282 3460 535 3534 interpretationes
557 3461 644 3535 hujus
661 3459 717 3518 loci
733 3459 929 3518 consulendae
946 3468 974 3519 et
990 3463 1063 3518 inter
1079 3478 1110 3518 se
1127 3461 1318 3520 conserendae
1334 3470 1414 3522 sunt.
1455 3464 1550 3522 Prima

194 3546 294 3621 itaque
319 3558 364 3604 est
387 3546 548 3625 Jeronymi,
573 3565 649 3621 quae
672 3550 715 3606 sie
737 3554 838 3604 sonat:
863 3547 939 3604 Dan.
966 3555 993 3618 9,
1021 3555 1048 3609 1.
1073 3544 1113 3605 Iu
1136 3566 1220 3608 anuo
1240 3552 1343 3623 primo
1367 3548 1475 3623 Darii,
1497 3554 1550 3628 pilii

194 3636 334 3707 Arsueri,
368 3634 537 3694 desemine
560 3636 737 3697 Medorum.
771 3636 824 3709 qui
854 3637 1017 3708 imperauit
1044 3652 1136 3710 super
1158 3653 1288 3711 requam
1313 3636 1548 3707 Chaldaeorum,

193 3739 278 3779 arrae
300 3739 364 3778 arro
387 3727 474 3797 requi
497 3726 569 3796 ejus,
594 3743 647 3798 epo
671 3722 786 3780 Daniel
806 3723 940 3781 iutelleni
961 3726 995 3780 in
1018 3723 1102 3780 libris
1124 3741 1291 3782 numerum
1314 3741 1493 3799 annorum,
1517 3728 1549 3785 de

166 3872 169 3878 ¹
193 3828 252 3884 quo
274 3809 376 3885 sactus
398 3818 440 3867 est
462 3828 559 3869 sermo
576 3811 704 3869 Domini
727 3808 769 3867 ad
787 3808 955 3867 Jeremiam
976 3810 1166 3887 prophetam,
1192 3819 1227 3869 ul
1248 3813 1478 3886 complerentur
1500 3815 1549 3873 de·

194 3897 350 3954 solertioris
373 3896 546 3955 Jerusalem
572 3899 611 3955 70
634 3900 720 3954 onai.
766 3896 808 3954 Et
826 3901 918 3971 posui
941 3907 995 3955 etc.
1041 3898 1113 3956 Post
1135 3897 1253 3973 longam
1277 3902 1480 3974 precationem
1503 3920 1549 3961 se·

194 3986 292 4057 quitur
315 3986 408 4042 oratio
434 3984 580 4043 Gabrielis
603 3997 670 4060 post
693 3984 845 4042 exordium
868 3988 910 4043 sie
932 4002 1040 4043 sonans
1063 4004 1092 4047 v.
1117 3992 1265 4045 itt-27:
1290 3988 1330 4044 70
1351 3987 1549 4047 hebdomades

192 4070 385 4129 abbreviatae
413 4079 485 4130 scrut
512 4090 604 4147 super
631 4074 781 4146 papulam
809 4079 898 4130 tuum
926 4080 954 4130 et
974 4090 1067 4147 super
1088 4073 1195 4131 urbem
1217 4081 1357 4132 sanctam
1381 4082 1486 4149 tuam,
1516 4084 1549 4135 ut

190 4167 416 4217 consummetur
440 4163 669 4233 praevaricatio
696 4168 723 4217 et
744 4160 835 4235 linem
859 4163 989 4234 arripiat
1010 4168 1166 4234 peecatum
1190 4168 1218 4219 et
1240 4160 1379 4219 deleatur
1400 4166 1548 4240 iniquitas

190 4252 217 4303 et
240 4246 415 4303 adrumatur
434 4249 554 4318 justitia
575 4250 760 4321 sempiterna
783 4255 812 4305 et
833 4249 1000 4324 impleatur
1021 4250 1097 4306 vicio
1120 4256 1148 4306 et
1169 4249 1336 4326 prophetia,
1362 4258 1391 4308 et
1409 4258 1547 4328 usqolur

190 4330 322 4391 Sanctus
346 4333 541 4394 Sanctorum.
580 4338 660 4393 Scito
683 4353 753 4410 erpo
776 4342 804 4392 et
827 4335 1037 4393 animadverte
1052 4335 1092 4393 ab
1108 4339 1191 4395 exitu
1205 4340 1361 4408 sermonis,
1385 4342 1545 4397 utiterum

190 4421 364 4495 aedificetur
386 4421 570 4496 Jerusalem,
594 4440 689 4498 usque
712 4422 753 4479 ad
771 4421 925 4481 Christum
947 4423 1053 4480 dacem
1077 4422 1308 4483 hebdomades?
1330 4431 1359 4482 et
1381 4426 1546 4487 hebdoma-

188 4506 238 4566 des
261 4510 301 4565 62
324 4517 423 4579 eruat,
448 4517 475 4566 et
497 4528 622 4568 rursum
647 4510 856 4584 aedificabitur
875 4511 980 4585 platea
1003 4517 1030 4567 et
1050 4513 1134 4568 muri
1149 4515 1183 4569 iu
1199 4514 1344 4587 aequatio
1360 4520 1544 4589 temporum,

188 4602 216 4652 et
237 4603 304 4669 post
326 4595 527 4654 hebdomadas
544 4600 584 4654 62
599 4597 750 4656 occidetur
768 4597 912 4672 Christus,
937 4605 964 4655 et
977 4614 1041 4654 riou
1058 4600 1114 4655 erit
1130 4601 1193 4668 eius
1204 4600 1349 4673 populus,
1375 4606 1431 4676 qui
1446 4606 1545 4678 iprum

186 4691 355 4757 reperturus
385 4692 435 4743 erl.
483 4684 524 4741 Et
552 4688 703 4743 ciuitatem
735 4693 762 4742 et
790 4688 1004 4743 sanctuarium
1032 4686 1189 4760 dissipabit
1214 4688 1349 4761 popalus
1377 4707 1448 4748 eum
1472 4691 1544 4750 duee

188 4777 335 4844 venturo,
358 4778 386 4828 et
405 4771 475 4847 linis
498 4773 562 4843 eius
583 4775 725 4845 vastitas,
749 4780 776 4830 et
796 4779 863 4849 post
882 4773 973 4849 finem
996 4773 1065 4833 belli
1086 4781 1203 4833 statuto
1223 4773 1378 4836 desolatio.
1425 4779 1544 4855 Confir-
