3284 5520
451 341 512 400 55.
530 343 561 427 5.Ι
589 342 718 400 comere
737 342 802 399 555
820 343 897 401 aare.
935 341 1025 411 caput
1040 341 1063 397 1.
1336 326 1348 343 ⁸
1394 340 1437 409 87

77 531 158 585 verat
174 521 212 583 20
226 523 265 597 90,
289 526 391 600 itaque
413 523 509 599 portio
530 522 583 584 250
605 524 687 582 55511
709 520 788 580 155515
806 524 835 581 4.
853 521 914 581 300.
952 519 1137 580 Tantundem
1162 528 1225 580 erat
1247 520 1285 579 ab
1302 520 1436 594 Arcturo,

75 611 166 689 paulo
197 615 294 670 minus
321 611 496 688 5055555,
525 610 647 686 jamque
678 609 775 668 medio
807 609 866 668 iere
898 610 1001 667 itinere
1030 615 1092 667 erat
1122 610 1196 667 inter
1225 607 1377 668 humerum
1408 615 1438 668 et
1474 643 1477 650 ·

77 699 340 775 5555555Β55115,
373 697 453 774 quod
484 704 513 756 et
535 697 723 757 Habrecbtus
751 697 915 755 annotavit.
963 694 1060 755 Lotus
1090 712 1175 771 ergo:
1210 694 1437 771 Ingolstadieusi

78 785 112 844 10
129 787 196 858 ὲ,
214 785 266 845 151.
284 782 348 858 520,
372 784 542 845 Habrecbto
561 784 595 844 8⁰
612 787 676 856 st,
701 784 751 842 lat.
771 785 837 857 510,
859 782 951 842 Remo
967 780 1071 857 Oenip.
1091 781 1125 840 80
1143 785 1207 855 γὲ,
1231 781 1282 842 151.
1301 778 1357 840 500
1374 783 1434 842 300.

77 872 182 934 Gauda
210 890 305 950 usque
334 872 372 933 ad
400 872 594 949 penultimam
618 871 729 930 caudae
755 869 862 944 Ursae,
896 869 947 929 sed
972 868 1139 929 declinabat
1163 886 1263 928 555555
1286 871 1438 946 555551555

77 961 217 1022 Plaustri.

182 1047 241 1106 Die
265 1042 350 1127 slis.
373 1041 448 1107 Dee.
472 1045 606 1107 Rhodius
637 1044 734 1105 locum
758 1043 855 1123 prodit
878 1038 913 1103 3⁰
939 1045 1010 1114 ἑ,
1046 1043 1137 1102 nimio
1167 1041 1264 1120 saltu,
1294 1040 1345 1101 lat.
1371 1036 1436 1101 53⁰.

79 1134 209 1195 0555555
245 1128 303 1193 300
335 1133 470 1210 longam,
505 1142 539 1193 ut
571 1135 729 1209 attingeret
759 1132 925 1191 interiorem
958 1132 1143 1207 sequentium
1177 1132 1205 1187 in
1239 1129 1436 1206 quadrilatero

79 1222 216 1281 Plaustri.

182 1309 240 1368 Die
264 1308 315 1366 20.
339 1306 530 1368 Dee.Lincii
560 1325 646 1367 mane
675 1307 791 1367 15555.
823 1312 890 1382 5551
917 1322 969 1364 ser
1000 1305 1130 1363 noctium
1161 1303 1263 1363 nubila
1295 1306 1434 1364 continua

83 1393 184 1478 (quae,
209 1405 243 1455 ut
264 1403 395 1470 apparet,
419 1394 576 1454 Danubius
592 1398 620 1452 in
644 1401 800 1469 angustam
816 1396 949 1467 interque
968 1384 1123 1451 continuos
1139 1398 1253 1451 montes
1269 1389 1436 1467 depressam

82 1485 155 1542 bane
179 1486 329 1559 regionem
345 1486 554 1558 exspiraverat,
579 1489 630 1541 aut
645 1481 718 1540 15515
741 1498 813 1540 5555
837 1480 872 1539 55
896 1480 1007 1556 campis
1031 1477 1212 1550 editioribus,
1236 1479 1286 1552 qui
1309 1479 1436 1538 insudo

81 1589 147 1630 sane
180 1578 281 1642 erant,
315 1571 344 1626 in
376 1569 452 1629 hanc
484 1569 576 1628 551511
605 1571 714 1628 lessam
744 1566 944 1628 convertendo
975 1562 1165 1640 detruserat),
1201 1565 1261 1624 vidi
1292 1572 1436 1625 cometam

83 1661 209 1736 proxime
239 1657 314 1715 inira
343 1673 462 1734 carpum
493 1657 596 1716 Bootis
628 1657 711 1732 quasi
743 1655 958 1715 semidiametro
984 1652 1103 1728 Lunae3
1137 1651 1233 1712 cauda
1261 1670 1313 1730 per
1343 1670 1436 1728 equos

83 1745 206 1805 Plaustri
239 1743 393 1818 tendebat,
431 1744 492 1820 jam
523 1750 715 1820 superaverat
742 1742 852 1803 lineam
881 1758 917 1800 ex
947 1743 1040 1816 prima
1071 1757 1124 1817 per
1152 1740 1284 1798 ultimam
1315 1740 1434 1814 555555,

84 1831 205 1908 angulus
228 1848 264 1890 ex
287 1830 390 1890 ultima
413 1831 525 1891 555555
549 1841 578 1890 51
601 1849 635 1890 ex
659 1847 748 1907 carpo
771 1830 808 1889 ad
831 1835 975 1889 cometam
997 1828 1178 1887 formabatur
1199 1834 1313 1902 rectus,
1348 1829 1435 1887 etiarn

86 1918 212 1978 Rhodius
227 1920 343 1977 notarit
364 1920 611 1995 propinquitatem
629 1920 708 1994 carpi
724 1925 753 1977 et
769 1915 1009 1993 lngolstadiensis
1024 1914 1112 1990 plane
1128 1914 1291 1990 aequalem,
1315 1914 1435 1989 addens,

89 2009 176 2066 risum
200 2008 275 2065 inter
297 2005 422 2065 eandam
446 2005 537 2066 Ursae
561 2015 590 2066 et
613 2004 758 2065 Coronam
780 2007 912 2080 interque
936 2003 1089 2062 Arcturum
1114 2008 1142 2061 et
1165 2001 1309 2062 Polarem.
1351 2001 1436 2062 Wel-

90 2111 169 2171 perus
192 2110 264 2153 rere
287 2093 412 2152 eundem
436 2093 547 2153 caudae
571 2093 689 2151 ductum
712 2092 802 2152 babet
822 2110 875 2168 per
895 2092 1020 2167 primum
1044 2107 1161 2165 equum,
1184 2087 1263 2164 long.
1290 2088 1352 2148 18⁰.

185 2180 262 2257 Ergo
293 2179 366 2237 milri
397 2189 426 2239 et
455 2180 683 2256 Ingelstadiensi
713 2179 865 2255 longitudo
902 2175 933 2235 10
962 2176 1013 2236 300
1039 2179 1110 2250 ὲ,
1145 2175 1269 2235 15111555
1295 2172 1351 2235 540
1374 2174 1435 2238 300.
1470 2180 1474 2187 ’

91 2266 198 2327 1115515
220 2267 273 2326 151.
300 2261 358 2325 540
380 2266 441 2326 420.
487 2267 625 2343 Welperc
649 2266 727 2342 long.
753 2265 788 2325 3⁰
811 2264 840 2325 0¹
868 2267 931 2337 ὲ,
955 2265 1006 2323 151.
1032 2258 1089 2322 550
1112 2264 1174 2322 300.

183 2354 296 2414 Eodem
313 2353 359 2413 die
374 2355 489 2415 transiit
509 2354 564 2414 sub
580 2353 666 2414 515115
683 2355 771 2430 carpi,
796 2363 827 2411 ut
844 2354 958 2429 vesperi
981 2352 1053 2411 hora
1070 2352 1097 2410 6.
1119 2351 1181 2426 jam
1196 2348 1267 2408 milri
1283 2367 1437 2425 superasse

91 2441 226 2501 rideretur
255 2443 365 2500 lineam
395 2459 430 2502 ex
459 2442 510 2500 illa
538 2444 566 2498 ln
599 2440 730 2499 ultimam
761 2440 874 2500 caudae
896 2438 998 2499 Ursae.
1046 2436 1111 2496 lloc
1134 2437 1210 2496 idem
1234 2436 1385 2495 confirmat
1408 2445 1438 2497 et

91 2531 192 2604 pictura
206 2527 386 2589 Sebickardi.
426 2530 463 2588 Et
477 2527 550 2589 bora
567 2531 593 2586 1.
609 2528 805 2601 Η51555515155,
822 2529 1006 2587 consentiens
1021 2526 1115 2596 nobis,
1131 2524 1210 2584 locat
1226 2525 1255 2581 iu
1275 2518 1308 2581 10
1323 2525 1352 2584 00
1372 2526 1435 2598 ὲ,

91 2614 130 2675 bt
154 2614 211 2674 550
233 2617 275 2674 00.
321 2614 411 2674 Addit
434 2615 521 2675 5155
544 2632 646 2694 carpo,
678 2617 864 2686 existimans,
897 2622 1041 2673 cometam
1064 2611 1142 2670 illius
1164 2610 1280 2671 stellam
1304 2612 1436 2688 attigisse

92 2699 162 2780 (5515
188 2703 268 2761 boris
297 2701 559 2783 praecedentibus).
604 2703 661 2763 Illa
689 2719 759 2763 vcro
789 2702 876 2762 stella
906 2708 967 2761 erat
995 2700 1052 2759 hoo
1080 2714 1157 2759 anuo
1180 2700 1209 2757 in
1237 2693 1269 2756 10
1292 2700 1345 2758 330
1372 2703 1435 2775 ὲ,

92 2786 209 2853 151540
232 2791 295 2848 400.

183 2877 240 2937 1115
263 2879 314 2935 21.
338 2876 411 2937 1155.
436 2894 521 2937 mane
542 2877 606 2939 hor.
631 2879 660 2935 4.
686 2877 755 2936 30¹:

360 2964 394 3012 ab
412 2964 501 3012 ultima
519 2964 620 3012 caudae.
711 2963 824 3022 155555
843 2961 937 3009 Bootis.
1025 2960 1115 3008 Locus.
1222 2958 1351 3010 Latitudo.

149 3028 360 3099 lupelstadieusi
398 3071 403 3083 .
440 3031 471 3085 40
506 3030 531 3085 80
688 3028 719 3082 20
755 3030 780 3082 0’
989 3026 1038 3081 200
1057 3030 1089 3092 ΠΡ
1222 3025 1270 3080 560
1305 3027 1341 3081 00.

148 3101 234 3155 Remo
253 3098 400 3168 Oeuiponti
441 3100 466 3155 4.
485 3101 528 3157 20.
686 3099 712 3153 0.
731 3096 946 3163 50,iortel⁰t'rU‘
986 3097 1029 3151 26.
1048 3097 1090 3150 30¹
1110 3101 1143 3163 ΠΡ
1222 3096 1270 3151 560
1289 3095 1330 3150 00.

149 3176 216 3230 Mihi
236 3176 344 3232 circiter
398 3206 403 3231 .
439 3177 465 3230 4.
484 3179 536 3245 30,
557 3174 626 3249 quia
659 3170 792 3248 aequalis
820 3174 885 3229 visa
916 3169 1031 3230 duabus
1061 3170 1246 3247 propioribus
1280 3172 1308 3228 in
1343 3172 1438 3232 55555

94 3256 181 3319 Ursae.
227 3259 456 3335 Ingolstadiensi
486 3261 568 3318 visus
598 3261 672 3318 inter
701 3258 827 3318 mediam
859 3259 969 3317 caudae
999 3266 1028 3316 et
1056 3258 1200 3316 Coronam
1230 3259 1361 3334 interque
1390 3261 1437 3317 in·

93 3345 200 3406 formem
232 3347 287 3407 sub
321 3345 417 3406 cauda
449 3354 478 3405 et
511 3346 638 3405 lucidam
670 3346 823 3406 Draconis.
870 3344 972 3403 Cauda
1004 3345 1097 3405 Remo
1133 3348 1207 3403 inter
1241 3345 1373 3404 ultimam
1408 3355 1437 3407 et

93 3433 272 3507 penultimam
310 3433 423 3494 555555
453 3430 576 3493 115555·
612 3434 735 3509 Vesperi
769 3433 830 3492 hor.
859 3434 906 3492 10.
931 3431 1070 3491 distantia
1100 3431 1152 3490 illa
1182 3430 1251 3488 rnilri
1283 3432 1438 3493 videbatur
1548 3453 1551 3459 ·

89 3520 139 3594 jam
161 3524 256 3580 minor
278 3522 365 3593 lacta,
390 3537 476 3596 quam
501 3520 623 3579 duarum
646 3523 675 3578 in
699 3521 794 3579 cauda
816 3517 919 3580 Ursae.

183 3610 240 3668 Die
264 3611 315 3670 22.
339 3609 411 3668 1155.
435 3625 520 3668 mane
543 3608 616 3667 hora
639 3605 674 3666 20
696 3608 747 3667 300
769 3607 879 3666 Remus
905 3605 1061 3683 Oeuiponti
1087 3601 1143 3662 250
1167 3614 1215 3678 nr,
1240 3605 1290 3665 lat.
1316 3602 1373 3664 510
1397 3607 1435 3681 00,

91 3695 175 3756 nuda
200 3693 234 3756 10
256 3695 345 3771 longa
367 3712 418 3773 per
440 3702 543 3756 555155.
588 3694 722 3754 Rhodius
745 3694 934 3770 Witebergae
958 3691 1015 3753 250
1039 3695 1091 3750 250
1116 3700 1157 3765 nr,
1181 3693 1232 3755 lat.
1258 3689 1315 3751 510
1338 3691 1377 3754 0¹.

184 3781 220 3841 In
243 3783 339 3843 media
360 3790 446 3842 nocte
468 3784 618 3858 sequenti:
642 3782 735 3842 Reme
753 3780 858 3857 Oeuip.
882 3778 996 3854 230111,
1020 3779 1070 3838 lat.
1093 3777 1149 3837 510
1166 3782 1228 3841 300.
1267 3779 1436 3841 Habrecbto

88 3870 201 3947 argent.
226 3866 283 3929 220
306 3881 349 3945 tq),
371 3869 424 3930 lat.
451 3867 508 3928 560
530 3870 569 3929 00.

183 3957 242 4018 1115
268 3958 373 4032 13123.
403 3956 560 4034 Welperus
589 3956 780 4018 55555152,
807 3954 857 4014 30¹
888 3952 985 4030 prodit
1011 3953 1108 4014 locum
1133 3954 1189 4011 240
1213 3962 1260 4026 br,
1294 3954 1344 4013 lat.
1370 3948 1435 4026 500,

86 4042 175 4103 cauda
204 4062 257 4121 per
284 4045 412 4105 medium
443 4044 555 4103 caudae
578 4041 672 4103 Ursae
701 4051 787 4102 eunte
817 4049 847 4102 et
871 4041 905 4101 00
928 4040 1025 4116 longa.
1072 4040 1212 4117 Sequenti
1239 4042 1311 4100 bora
1335 4043 1361 4102 5.
1386 4040 1437 4101 000

85 4132 243 4191 55555151
268 4151 322 4209 ego
338 4140 481 4192 cometam
501 4131 563 4207 jam
587 4148 735 4207 egressum
759 4147 774 4188 e
798 4128 876 4188 linea
898 4146 934 4186 ex
957 4128 1061 4187 ultima
1085 4128 1196 4188 caudae
1221 4130 1250 4186 in
1272 4129 1435 4205 proximam

85 4220 166 4278 trium
197 4236 302 4278 manus
325 4221 444 4294 Bootis,
478 4218 634 4279 distantem
665 4236 684 4276 a
711 4219 852 4294 proximis
882 4215 995 4275 duabus
1019 4215 1108 4292 duple
1133 4216 1247 4274 illarum
1272 4214 1432 4288 intervalli;

85 4315 143 4366 erat
161 4313 260 4366 tamen
284 4325 386 4384 parum
410 4305 567 4366 admodum
590 4305 807 4366 meridionalior
829 4304 907 4363 linea
931 4321 966 4362 ex
988 4303 1109 4363 humero
1133 4321 1184 4379 per
1200 4320 1334 4377 carpum3
1357 4301 1437 4361 linea

84 4411 115 4453 ex
139 4400 256 4454 cometa
269 4412 320 4472 per
335 4393 446 4454 medias
462 4392 535 4453 duas
550 4395 700 4470 propiores
717 4395 745 4450 in
762 4410 849 4450 manu
867 4392 1006 4450 veniebat
1029 4393 1057 4447 in
1075 4392 1267 4449 remotiorem.
1304 4387 1434 4449 Eandem

85 4481 342 4557 configurationem
359 4499 424 4541 cum
439 4479 531 4541 stellis
547 4484 576 4538 in
597 4498 685 4539 manu
701 4480 804 4539 Bootis
820 4478 938 4538 exhibet
953 4480 1067 4554 pictura
1082 4476 1262 4536 Schickardi.
1278 4552 1281 4558 Ι
1301 4476 1435 4558 Eundem

84 4569 168 4627 situm
198 4570 262 4645 ejus
288 4571 363 4628 inter
390 4568 522 4628 ultimam
553 4567 665 4628 caudae
688 4564 780 4627 Ursae
809 4575 837 4625 et
866 4566 1011 4625 sinistram
1035 4566 1137 4624 Bootis
1160 4564 1279 4623 exhibet
1302 4563 1434 4625 Millerus

84 4654 209 4734 Lipsiae.
249 4655 347 4717 Locus
368 4658 498 4733 arguitur
522 4651 579 4714 230
593 4665 634 4729 vr,
658 4655 710 4713 lat.
737 4649 793 4712 510
808 4652 869 4712 40¹.
909 4652 1041 4712 Uaudam
1063 4660 1160 4711 155555
1184 4649 1243 4710 1515
1267 4651 1434 4727 spargebat,

84 4745 165 4819 quasi
196 4759 299 4804 555555
321 4743 449 4803 Ρ1555151
479 4743 727 4811 1555551155155555,
760 4758 819 4800 555
851 4749 946 4800 tamen
977 4739 1052 4798 ultra
1081 4738 1294 4815 longitudinem
1322 4737 1434 4798 caudae

83 4827 182 4906 Ursae,
206 4830 292 4911 eujus
312 4829 439 4895 mediam
454 4828 545 4894 latere
569 4828 689 4906 australi
706 4829 852 4907 tangebat
891 4826 1066 4905 Perspicillo
1089 4828 1292 4888 5155555151
1314 4825 1432 4888 nebula.
