<?xml version="1.0" encoding="UTF-8"?>
<!DOCTYPE html PUBLIC "-//W3C//DTD XHTML 1.0 Transitional//EN"
    "http://www.w3.org/TR/xhtml1/DTD/xhtml1-transitional.dtd">
<html xmlns="http://www.w3.org/1999/xhtml" xml:lang="en" lang="en">
 <head>
  <title>
</title>
<meta http-equiv="Content-Type" content="text/html;charset=utf-8" />
  <meta name='ocr-system' content='tesseract 3.04.00' />
  <meta name='ocr-capabilities' content='ocr_page ocr_carea ocr_par ocr_line ocrx_word'/>
</head>
<body>
  <div class='ocr_page' id='page_1' title='image "./joanniskepleria07frisgoog_0565.png"; bbox 0 0 3284 5520; ppageno 0'>
   <div class='ocr_carea' id='block_1_1' title="bbox 162 358 1054 436">
    <p class='ocr_par' dir='ltr' id='par_1_1' title="bbox 162 358 1054 436">
     <span class='ocr_line' id='line_1_1' title="bbox 162 358 1054 436; baseline -0.001 -17"><span class='ocrx_word' id='word_1_1' title='bbox 162 364 228 436; x_wconf 71' lang='grc'><strong>546</strong></span> <span class='ocrx_word' id='word_1_2' title='bbox 637 360 921 434; x_wconf 77' lang='lat' dir='ltr'><strong>liprhemeridtbus</strong></span> <span class='ocrx_word' id='word_1_3' title='bbox 933 358 1054 434; x_wconf 83' lang='lat' dir='ltr'><strong>liepleri.</strong></span> 
     </span>
    </p>
   </div>
   <div class='ocr_carea' id='block_1_2' title="bbox 73 536 1507 1563">
    <p class='ocr_par' dir='ltr' id='par_1_2' title="bbox 163 536 1507 833">
     <span class='ocr_line' id='line_1_2' title="bbox 166 536 1507 608; baseline -0.001 -15"><span class='ocrx_word' id='word_1_4' title='bbox 166 538 296 595; x_wconf 66' lang='lat' dir='ltr'><strong>&amp;ametro</strong></span> <span class='ocrx_word' id='word_1_5' title='bbox 315 537 384 594; x_wconf 86' lang='lat' dir='ltr'><strong>Solis</strong></span> <span class='ocrx_word' id='word_1_6' title='bbox 402 537 515 608; x_wconf 77' lang='lat' dir='ltr'><strong>apogaei</strong></span> <span class='ocrx_word' id='word_1_7' title='bbox 534 542 561 593; x_wconf 90' lang='lat' dir='ltr'><strong>et</strong></span> <span class='ocrx_word' id='word_1_8' title='bbox 578 539 606 592; x_wconf 90' lang='lat' dir='ltr'><strong>iu</strong></span> <span class='ocrx_word' id='word_1_9' title='bbox 624 538 792 608; x_wconf 77' lang='lat' dir='ltr'><strong>longitudine</strong></span> <span class='ocrx_word' id='word_1_10' title='bbox 809 538 899 594; x_wconf 89' lang='lat' dir='ltr'><strong>medio</strong></span> <span class='ocrx_word' id='word_1_11' title='bbox 916 539 983 594; x_wconf 89' lang='lat' dir='ltr'><strong>duas</strong></span> <span class='ocrx_word' id='word_1_12' title='bbox 1001 551 1075 593; x_wconf 91' lang='lat' dir='ltr'><strong>meas</strong></span> <span class='ocrx_word' id='word_1_13' title='bbox 1093 536 1300 592; x_wconf 82' lang='lat' dir='ltr'><strong>observationes</strong></span> <span class='ocrx_word' id='word_1_14' title='bbox 1312 549 1458 605; x_wconf 76' lang='lat' dir='ltr'><strong>propono,</strong></span> <span class='ocrx_word' id='word_1_15' title='bbox 1480 548 1507 591; x_wconf 86' lang='lat' dir='ltr'><strong>ex</strong></span> 
     </span>
     <span class='ocr_line' id='line_1_3' title="bbox 165 613 1507 686; baseline -0.001 -14"><span class='ocrx_word' id='word_1_16' title='bbox 165 617 263 685; x_wconf 90' lang='lat' dir='ltr'><strong>quibus</strong></span> <span class='ocrx_word' id='word_1_17' title='bbox 281 615 443 672; x_wconf 82' lang='lat' dir='ltr'><strong>concludere</strong></span> <span class='ocrx_word' id='word_1_18' title='bbox 460 632 514 670; x_wconf 90' lang='lat' dir='ltr'><strong>uon</strong></span> <span class='ocrx_word' id='word_1_19' title='bbox 532 615 634 682; x_wconf 88' lang='lat' dir='ltr'><strong>dubito,</strong></span> <span class='ocrx_word' id='word_1_20' title='bbox 655 616 815 674; x_wconf 90' lang='lat' dir='ltr'><strong>diametrum</strong></span> <span class='ocrx_word' id='word_1_21' title='bbox 829 617 908 685; x_wconf 89' lang='lat' dir='ltr'><strong>Solis,</strong></span> <span class='ocrx_word' id='word_1_22' title='bbox 926 634 1006 686; x_wconf 90' lang='lat' dir='ltr'><strong>quam</strong></span> <span class='ocrx_word' id='word_1_23' title='bbox 1024 623 1055 671; x_wconf 87' lang='lat' dir='ltr'><strong>tn</strong></span> <span class='ocrx_word' id='word_1_24' title='bbox 1074 616 1172 671; x_wconf 77' lang='lat' dir='ltr'><strong>statuis</strong></span> <span class='ocrx_word' id='word_1_25' title='bbox 1191 617 1234 673; x_wconf 67' lang='grc' dir='ltr'><strong>ὅθ’</strong></span> <span class='ocrx_word' id='word_1_26' title='bbox 1251 621 1281 670; x_wconf 84' lang='lat' dir='ltr'><strong>et</strong></span> <span class='ocrx_word' id='word_1_27' title='bbox 1299 614 1345 671; x_wconf 77' lang='lat' dir='ltr'><strong>st⁴</strong></span> <span class='ocrx_word' id='word_1_28' title='bbox 1363 613 1507 684; x_wconf 75' lang='lat' dir='ltr'><strong>longisshae</strong></span> 
     </span>
     <span class='ocr_line' id='line_1_4' title="bbox 163 693 1506 768; baseline -0.002 -17"><span class='ocrx_word' id='word_1_29' title='bbox 163 713 180 751; x_wconf 86' lang='lat' dir='ltr'><strong>a</strong></span> <span class='ocrx_word' id='word_1_30' title='bbox 198 711 261 750; x_wconf 86' lang='lat' dir='ltr'><strong>vero</strong></span> <span class='ocrx_word' id='word_1_31' title='bbox 279 695 409 764; x_wconf 87' lang='lat' dir='ltr'><strong>coeloque</strong></span> <span class='ocrx_word' id='word_1_32' title='bbox 426 700 560 750; x_wconf 85' lang='lat' dir='ltr'><strong>recedere.</strong></span> <span class='ocrx_word' id='word_1_33' title='bbox 590 695 728 753; x_wconf 85' lang='lat' dir='ltr'><strong>Diametcr</strong></span> <span class='ocrx_word' id='word_1_34' title='bbox 740 696 811 753; x_wconf 85' lang='lat' dir='ltr'><strong>Solis</strong></span> <span class='ocrx_word' id='word_1_35' title='bbox 829 697 856 752; x_wconf 90' lang='lat' dir='ltr'><strong>in</strong></span> <span class='ocrx_word' id='word_1_36' title='bbox 874 699 1001 768; x_wconf 78' lang='lat' dir='ltr'><strong>perigaeo</strong></span> <span class='ocrx_word' id='word_1_37' title='bbox 1021 702 1063 753; x_wconf 88' lang='lat' dir='ltr'><strong>ost</strong></span> <span class='ocrx_word' id='word_1_38' title='bbox 1074 694 1127 763; x_wconf 78' lang='lat'><strong>36¹,</strong></span> <span class='ocrx_word' id='word_1_39' title='bbox 1146 710 1213 765; x_wconf 76' lang='lat' dir='ltr'><strong>crgo</strong></span> <span class='ocrx_word' id='word_1_40' title='bbox 1230 693 1259 750; x_wconf 91' lang='lat' dir='ltr'><strong>in</strong></span> <span class='ocrx_word' id='word_1_41' title='bbox 1272 693 1340 751; x_wconf 84' lang='lat' dir='ltr'><strong>Sole</strong></span> <span class='ocrx_word' id='word_1_42' title='bbox 1356 693 1448 749; x_wconf 85' lang='lat' dir='ltr'><strong>locam</strong></span> <span class='ocrx_word' id='word_1_43' title='bbox 1462 710 1506 748; x_wconf 91' lang='lat' dir='ltr'><strong>non</strong></span> 
     </span>
     <span class='ocr_line' id='line_1_5' title="bbox 163 774 611 833; baseline 0.009 -5"><span class='ocrx_word' id='word_1_44' title='bbox 163 774 245 829; x_wconf 87' lang='lat' dir='ltr'><strong>habet</strong></span> <span class='ocrx_word' id='word_1_45' title='bbox 264 774 375 830; x_wconf 88' lang='lat' dir='ltr'><strong>bisectio</strong></span> <span class='ocrx_word' id='word_1_46' title='bbox 395 775 611 833; x_wconf 84' lang='lat' dir='ltr'><strong>eccentricitatis.</strong></span> 
     </span>
    </p>

    <p class='ocr_par' dir='ltr' id='par_1_3' title="bbox 73 858 1506 1325">
     <span class='ocr_line' id='line_1_6' title="bbox 265 858 1506 934; baseline -0.002 -16"><span class='ocrx_word' id='word_1_47' title='bbox 265 863 468 934; x_wconf 83' lang='lat' dir='ltr'><strong>Ispenuitatem</strong></span> <span class='ocrx_word' id='word_1_48' title='bbox 480 863 603 933; x_wconf 77' lang='lat' dir='ltr'><strong>assignas</strong></span> <span class='ocrx_word' id='word_1_49' title='bbox 616 863 725 930; x_wconf 91' lang='lat' dir='ltr'><strong>homini,</strong></span> <span class='ocrx_word' id='word_1_50' title='bbox 745 864 792 934; x_wconf 90' lang='lat' dir='ltr'><strong>qui</strong></span> <span class='ocrx_word' id='word_1_51' title='bbox 810 864 914 920; x_wconf 77' lang='lat' dir='ltr'><strong>catillis</strong></span> <span class='ocrx_word' id='word_1_52' title='bbox 930 863 1111 933; x_wconf 74' lang='lat' dir='ltr'><strong>fundamenta</strong></span> <span class='ocrx_word' id='word_1_53' title='bbox 1129 863 1220 932; x_wconf 80' lang='lat' dir='ltr'><strong>quatit</strong></span> <span class='ocrx_word' id='word_1_54' title='bbox 1232 861 1313 919; x_wconf 81' lang='lat' dir='ltr'><strong>artie.</strong></span> <span class='ocrx_word' id='word_1_55' title='bbox 1344 860 1419 917; x_wconf 83' lang='lat' dir='ltr'><strong>Mira</strong></span> <span class='ocrx_word' id='word_1_56' title='bbox 1429 858 1506 916; x_wconf 82' lang='lat' dir='ltr'><strong>herde</strong></span> 
     </span>
     <span class='ocr_line' id='line_1_7' title="bbox 73 937 1504 1019; baseline -0.001 -24"><span class='ocrx_word' id='word_1_57' title='bbox 73 1004 77 1019; x_wconf 33' lang='lat'><strong>³</strong></span> <span class='ocrx_word' id='word_1_58' title='bbox 161 941 398 1011; x_wconf 79' lang='lat' dir='ltr'><strong>metamorphosis,</strong></span> <span class='ocrx_word' id='word_1_59' title='bbox 418 943 466 997; x_wconf 92' lang='lat' dir='ltr'><strong>sed</strong></span> <span class='ocrx_word' id='word_1_60' title='bbox 484 942 532 998; x_wconf 92' lang='lat' dir='ltr'><strong>tibi</strong></span> <span class='ocrx_word' id='word_1_61' title='bbox 551 960 604 998; x_wconf 92' lang='lat' dir='ltr'><strong>nou</strong></span> <span class='ocrx_word' id='word_1_62' title='bbox 623 943 790 1000; x_wconf 89' lang='lat' dir='ltr'><strong>inconsueta.</strong></span> <span class='ocrx_word' id='word_1_63' title='bbox 822 943 935 1012; x_wconf 77' lang='lat' dir='ltr'><strong>Quoties</strong></span> <span class='ocrx_word' id='word_1_64' title='bbox 953 942 1025 997; x_wconf 91' lang='lat' dir='ltr'><strong>enim</strong></span> <span class='ocrx_word' id='word_1_65' title='bbox 1042 958 1092 1011; x_wconf 90' lang='lat' dir='ltr'><strong>pro</strong></span> <span class='ocrx_word' id='word_1_66' title='bbox 1110 948 1138 996; x_wconf 90' lang='lat' dir='ltr'><strong>te</strong></span> <span class='ocrx_word' id='word_1_67' title='bbox 1150 937 1253 1010; x_wconf 91' lang='lat' dir='ltr'><strong>aliquid</strong></span> <span class='ocrx_word' id='word_1_68' title='bbox 1266 939 1378 1009; x_wconf 87' lang='lat' dir='ltr'><strong>dicitur,</strong></span> <span class='ocrx_word' id='word_1_69' title='bbox 1398 944 1504 994; x_wconf 88' lang='lat' dir='ltr'><strong>autorem</strong></span> 
     </span>
     <span class='ocr_line' id='line_1_8' title="bbox 162 1018 1504 1092; baseline -0.001 -19"><span class='ocrx_word' id='word_1_70' title='bbox 162 1019 288 1075; x_wconf 85' lang='lat' dir='ltr'><strong>laudibus</strong></span> <span class='ocrx_word' id='word_1_71' title='bbox 307 1020 424 1085; x_wconf 83' lang='lat' dir='ltr'><strong>extollis,</strong></span> <span class='ocrx_word' id='word_1_72' title='bbox 443 1021 514 1092; x_wconf 91' lang='lat' dir='ltr'><strong>quod</strong></span> <span class='ocrx_word' id='word_1_73' title='bbox 532 1022 581 1078; x_wconf 95' lang='lat' dir='ltr'><strong>tibi</strong></span> <span class='ocrx_word' id='word_1_74' title='bbox 600 1021 767 1092; x_wconf 79' lang='lat' dir='ltr'><strong>adversatur,</strong></span> <span class='ocrx_word' id='word_1_75' title='bbox 786 1038 846 1077; x_wconf 90' lang='lat' dir='ltr'><strong>cum</strong></span> <span class='ocrx_word' id='word_1_76' title='bbox 865 1028 961 1076; x_wconf 90' lang='lat' dir='ltr'><strong>autore</strong></span> <span class='ocrx_word' id='word_1_77' title='bbox 980 1036 1030 1076; x_wconf 89' lang='lat' dir='ltr'><strong>suo</strong></span> <span class='ocrx_word' id='word_1_78' title='bbox 1048 1020 1138 1089; x_wconf 90' lang='lat' dir='ltr'><strong>rejicis</strong></span> <span class='ocrx_word' id='word_1_79' title='bbox 1158 1026 1185 1075; x_wconf 90' lang='lat' dir='ltr'><strong>et</strong></span> <span class='ocrx_word' id='word_1_80' title='bbox 1202 1019 1315 1089; x_wconf 86' lang='lat' dir='ltr'><strong>saepius</strong></span> <span class='ocrx_word' id='word_1_81' title='bbox 1335 1018 1443 1076; x_wconf 81' lang='lat' dir='ltr'><strong>calamo</strong></span> <span class='ocrx_word' id='word_1_82' title='bbox 1454 1034 1504 1088; x_wconf 79' lang='lat' dir='ltr'><strong>pro</strong></span> 
     </span>
     <span class='ocr_line' id='line_1_9' title="bbox 162 1097 1505 1168; baseline 0 -15"><span class='ocrx_word' id='word_1_83' title='bbox 162 1098 270 1154; x_wconf 85' lang='lat' dir='ltr'><strong>scindis.</strong></span> <span class='ocrx_word' id='word_1_84' title='bbox 305 1098 463 1154; x_wconf 85' lang='lat' dir='ltr'><strong>Methodum</strong></span> <span class='ocrx_word' id='word_1_85' title='bbox 487 1099 648 1155; x_wconf 88' lang='lat' dir='ltr'><strong>observandi</strong></span> <span class='ocrx_word' id='word_1_86' title='bbox 672 1116 727 1154; x_wconf 92' lang='lat' dir='ltr'><strong>non</strong></span> <span class='ocrx_word' id='word_1_87' title='bbox 752 1098 820 1156; x_wconf 90' lang='lat' dir='ltr'><strong>adeo</strong></span> <span class='ocrx_word' id='word_1_88' title='bbox 842 1098 974 1154; x_wconf 82' lang='lat' dir='ltr'><strong>lubricam</strong></span> <span class='ocrx_word' id='word_1_89' title='bbox 998 1115 1057 1155; x_wconf 89' lang='lat' dir='ltr'><strong>sum</strong></span> <span class='ocrx_word' id='word_1_90' title='bbox 1081 1104 1221 1168; x_wconf 78' lang='lat' dir='ltr'><strong>expertus,</strong></span> <span class='ocrx_word' id='word_1_91' title='bbox 1246 1097 1298 1152; x_wconf 90' lang='lat' dir='ltr'><strong>sed</strong></span> <span class='ocrx_word' id='word_1_92' title='bbox 1325 1112 1390 1152; x_wconf 88' lang='lat' dir='ltr'><strong>cum</strong></span> <span class='ocrx_word' id='word_1_93' title='bbox 1408 1097 1443 1153; x_wconf 77' lang='lat' dir='ltr'><strong>ed</strong></span> <span class='ocrx_word' id='word_1_94' title='bbox 1458 1097 1505 1166; x_wconf 84' lang='lat' dir='ltr'><strong>ipss</strong></span> 
     </span>
     <span class='ocr_line' id='line_1_10' title="bbox 162 1175 1505 1248; baseline -0.002 -15"><span class='ocrx_word' id='word_1_95' title='bbox 162 1178 280 1234; x_wconf 90' lang='lat' dir='ltr'><strong>secunda</strong></span> <span class='ocrx_word' id='word_1_96' title='bbox 303 1176 421 1233; x_wconf 89' lang='lat' dir='ltr'><strong>debitam</strong></span> <span class='ocrx_word' id='word_1_97' title='bbox 443 1178 638 1248; x_wconf 87' lang='lat' dir='ltr'><strong>praecisionem</strong></span> <span class='ocrx_word' id='word_1_98' title='bbox 660 1194 714 1233; x_wconf 92' lang='lat' dir='ltr'><strong>non</strong></span> <span class='ocrx_word' id='word_1_99' title='bbox 737 1177 881 1248; x_wconf 79' lang='lat' dir='ltr'><strong>largiatur,</strong></span> <span class='ocrx_word' id='word_1_100' title='bbox 906 1176 1022 1232; x_wconf 89' lang='lat' dir='ltr'><strong>inventis</strong></span> <span class='ocrx_word' id='word_1_101' title='bbox 1039 1176 1107 1233; x_wconf 91' lang='lat' dir='ltr'><strong>meis</strong></span> <span class='ocrx_word' id='word_1_102' title='bbox 1125 1177 1196 1231; x_wconf 85' lang='lat' dir='ltr'><strong>intra</strong></span> <span class='ocrx_word' id='word_1_103' title='bbox 1217 1175 1251 1245; x_wconf 73' lang='lat'><strong>¹),</strong></span> <span class='ocrx_word' id='word_1_104' title='bbox 1268 1190 1322 1231; x_wconf 90' lang='lat' dir='ltr'><strong>scr.</strong></span> <span class='ocrx_word' id='word_1_105' title='bbox 1343 1175 1505 1244; x_wconf 80' lang='lat' dir='ltr'><strong>pertinaciter</strong></span> 
     </span>
     <span class='ocr_line' id='line_1_11' title="bbox 161 1254 1404 1325; baseline 0.001 -14"><span class='ocrx_word' id='word_1_106' title='bbox 161 1273 216 1312; x_wconf 91' lang='lat' dir='ltr'><strong>non</strong></span> <span class='ocrx_word' id='word_1_107' title='bbox 234 1256 354 1325; x_wconf 84' lang='lat' dir='ltr'><strong>adhaesi,</strong></span> <span class='ocrx_word' id='word_1_108' title='bbox 373 1255 466 1325; x_wconf 89' lang='lat' dir='ltr'><strong>itaque</strong></span> <span class='ocrx_word' id='word_1_109' title='bbox 484 1258 574 1313; x_wconf 89' lang='lat' dir='ltr'><strong>nullus</strong></span> <span class='ocrx_word' id='word_1_110' title='bbox 592 1258 636 1312; x_wconf 92' lang='lat' dir='ltr'><strong>hic</strong></span> <span class='ocrx_word' id='word_1_111' title='bbox 655 1263 743 1312; x_wconf 89' lang='lat' dir='ltr'><strong>metus</strong></span> <span class='ocrx_word' id='word_1_112' title='bbox 762 1263 804 1312; x_wconf 89' lang='lat' dir='ltr'><strong>est</strong></span> <span class='ocrx_word' id='word_1_113' title='bbox 822 1272 839 1310; x_wconf 89' lang='lat' dir='ltr'><strong>a</strong></span> <span class='ocrx_word' id='word_1_114' title='bbox 856 1256 1012 1312; x_wconf 77' lang='lat' dir='ltr'><strong>lubricitate</strong></span> <span class='ocrx_word' id='word_1_115' title='bbox 1029 1271 1149 1311; x_wconf 89' lang='lat' dir='ltr'><strong>mearum</strong></span> <span class='ocrx_word' id='word_1_116' title='bbox 1168 1254 1404 1312; x_wconf 80' lang='lat' dir='ltr'><strong>observationum.</strong></span> 
     </span>
    </p>

    <p class='ocr_par' dir='ltr' id='par_1_4' title="bbox 160 1330 1503 1563">
     <span class='ocr_line' id='line_1_12' title="bbox 265 1330 1503 1406; baseline -0.002 -17"><span class='ocrx_word' id='word_1_117' title='bbox 265 1336 354 1390; x_wconf 89' lang='lat' dir='ltr'><strong>Litcm</strong></span> <span class='ocrx_word' id='word_1_118' title='bbox 372 1337 438 1391; x_wconf 92' lang='lat' dir='ltr'><strong>tubo</strong></span> <span class='ocrx_word' id='word_1_119' title='bbox 457 1352 547 1391; x_wconf 90' lang='lat' dir='ltr'><strong>moves</strong></span> <span class='ocrx_word' id='word_1_120' title='bbox 567 1337 633 1392; x_wconf 88' lang='lat' dir='ltr'><strong>satia</strong></span> <span class='ocrx_word' id='word_1_121' title='bbox 652 1334 780 1406; x_wconf 82' lang='lat' dir='ltr'><strong>grandem</strong></span> <span class='ocrx_word' id='word_1_122' title='bbox 799 1341 827 1389; x_wconf 87' lang='lat' dir='ltr'><strong>et</strong></span> <span class='ocrx_word' id='word_1_123' title='bbox 845 1350 862 1388; x_wconf 89' lang='lat' dir='ltr'><strong>a</strong></span> <span class='ocrx_word' id='word_1_124' title='bbox 880 1334 958 1402; x_wconf 87' lang='lat' dir='ltr'><strong>cujus</strong></span> <span class='ocrx_word' id='word_1_125' title='bbox 977 1333 1114 1389; x_wconf 86' lang='lat' dir='ltr'><strong>decisione</strong></span> <span class='ocrx_word' id='word_1_126' title='bbox 1131 1341 1189 1390; x_wconf 89' lang='lat' dir='ltr'><strong>tota</strong></span> <span class='ocrx_word' id='word_1_127' title='bbox 1207 1334 1267 1403; x_wconf 84' lang='lat' dir='ltr'><strong>ejus</strong></span> <span class='ocrx_word' id='word_1_128' title='bbox 1286 1334 1454 1391; x_wconf 82' lang='lat' dir='ltr'><strong>existimatio</strong></span> <span class='ocrx_word' id='word_1_129' title='bbox 1469 1330 1503 1387; x_wconf 80' lang='lat' dir='ltr'><strong>de</strong></span> 
     </span>
     <span class='ocr_line' id='line_1_13' title="bbox 162 1412 1503 1484; baseline -0.001 -15"><span class='ocrx_word' id='word_1_130' title='bbox 162 1416 271 1484; x_wconf 87' lang='lat' dir='ltr'><strong>pendet.</strong></span> <span class='ocrx_word' id='word_1_131' title='bbox 306 1414 380 1482; x_wconf 81' lang='lat' dir='ltr'><strong>Ego,</strong></span> <span class='ocrx_word' id='word_1_132' title='bbox 405 1429 484 1484; x_wconf 89' lang='lat' dir='ltr'><strong>quam</strong></span> <span class='ocrx_word' id='word_1_133' title='bbox 503 1420 593 1469; x_wconf 88' lang='lat' dir='ltr'><strong>certae</strong></span> <span class='ocrx_word' id='word_1_134' title='bbox 612 1416 666 1469; x_wconf 90' lang='lat' dir='ltr'><strong>sint</strong></span> <span class='ocrx_word' id='word_1_135' title='bbox 684 1413 929 1469; x_wconf 84' lang='lat' dir='ltr'><strong>demonstrationes</strong></span> <span class='ocrx_word' id='word_1_136' title='bbox 948 1419 1012 1469; x_wconf 89' lang='lat' dir='ltr'><strong>tuae</strong></span> <span class='ocrx_word' id='word_1_137' title='bbox 1030 1419 1215 1483; x_wconf 89' lang='lat' dir='ltr'><strong>quantumque</strong></span> <span class='ocrx_word' id='word_1_138' title='bbox 1232 1412 1266 1469; x_wconf 90' lang='lat' dir='ltr'><strong>iis</strong></span> <span class='ocrx_word' id='word_1_139' title='bbox 1287 1413 1415 1484; x_wconf 80' lang='lat' dir='ltr'><strong>evincas,</strong></span> <span class='ocrx_word' id='word_1_140' title='bbox 1432 1412 1503 1483; x_wconf 82' lang='lat' dir='ltr'><strong>prius</strong></span> 
     </span>
     <span class='ocr_line' id='line_1_14' title="bbox 160 1492 894 1563; baseline -0.001 -15"><span class='ocrx_word' id='word_1_141' title='bbox 160 1510 241 1563; x_wconf 91' lang='lat' dir='ltr'><strong>quam</strong></span> <span class='ocrx_word' id='word_1_142' title='bbox 259 1507 304 1549; x_wconf 91' lang='lat' dir='ltr'><strong>eas</strong></span> <span class='ocrx_word' id='word_1_143' title='bbox 323 1493 409 1563; x_wconf 88' lang='lat' dir='ltr'><strong>video,</strong></span> <span class='ocrx_word' id='word_1_144' title='bbox 428 1509 482 1549; x_wconf 93' lang='lat' dir='ltr'><strong>non</strong></span> <span class='ocrx_word' id='word_1_145' title='bbox 499 1506 611 1563; x_wconf 89' lang='lat' dir='ltr'><strong>possum</strong></span> <span class='ocrx_word' id='word_1_146' title='bbox 630 1492 778 1562; x_wconf 88' lang='lat' dir='ltr'><strong>dijudicare</strong></span> <span class='ocrx_word' id='word_1_147' title='bbox 781 1531 894 1549; x_wconf 83' lang='grc'><strong>.....</strong></span> 
     </span>
    </p>
   </div>
   <div class='ocr_carea' id='block_1_3' title="bbox 155 1578 1505 2759">
    <p class='ocr_par' dir='ltr' id='par_1_5' title="bbox 155 1578 1505 2759">
     <span class='ocr_line' id='line_1_15' title="bbox 264 1578 1503 1650; baseline -0.001 -16"><span class='ocrx_word' id='word_1_148' title='bbox 264 1580 393 1635; x_wconf 85' lang='lat' dir='ltr'><strong>Rationes</strong></span> <span class='ocrx_word' id='word_1_149' title='bbox 411 1580 562 1649; x_wconf 82' lang='lat' dir='ltr'><strong>Hortensii,</strong></span> <span class='ocrx_word' id='word_1_150' title='bbox 590 1580 688 1649; x_wconf 91' lang='lat' dir='ltr'><strong>quibus</strong></span> <span class='ocrx_word' id='word_1_151' title='bbox 706 1579 817 1650; x_wconf 87' lang='lat' dir='ltr'><strong>Kepleri</strong></span> <span class='ocrx_word' id='word_1_152' title='bbox 836 1578 998 1634; x_wconf 90' lang='lat' dir='ltr'><strong>seutentiam</strong></span> <span class='ocrx_word' id='word_1_153' title='bbox 1016 1584 1138 1634; x_wconf 87' lang='lat' dir='ltr'><strong>evertere</strong></span> <span class='ocrx_word' id='word_1_154' title='bbox 1156 1579 1263 1648; x_wconf 87' lang='lat' dir='ltr'><strong>studet,</strong></span> <span class='ocrx_word' id='word_1_155' title='bbox 1284 1587 1368 1637; x_wconf 90' lang='lat' dir='ltr'><strong>sunt:</strong></span> <span class='ocrx_word' id='word_1_156' title='bbox 1394 1579 1503 1634; x_wconf 82' lang='lat' dir='ltr'><strong>obserrs·</strong></span> 
     </span>
     <span class='ocr_line' id='line_1_16' title="bbox 161 1656 1502 1730; baseline -0.005 -13"><span class='ocrx_word' id='word_1_157' title='bbox 161 1664 248 1717; x_wconf 88' lang='lat' dir='ltr'><strong>tiones</strong></span> <span class='ocrx_word' id='word_1_158' title='bbox 267 1661 432 1716; x_wconf 89' lang='lat' dir='ltr'><strong>macularum</strong></span> <span class='ocrx_word' id='word_1_159' title='bbox 450 1660 477 1715; x_wconf 92' lang='lat' dir='ltr'><strong>iu</strong></span> <span class='ocrx_word' id='word_1_160' title='bbox 491 1660 553 1716; x_wconf 84' lang='lat' dir='ltr'><strong>Sole</strong></span> <span class='ocrx_word' id='word_1_161' title='bbox 572 1668 600 1717; x_wconf 91' lang='lat' dir='ltr'><strong>et</strong></span> <span class='ocrx_word' id='word_1_162' title='bbox 617 1661 751 1730; x_wconf 90' lang='lat' dir='ltr'><strong>ellipsium</strong></span> <span class='ocrx_word' id='word_1_163' title='bbox 770 1659 907 1728; x_wconf 85' lang='lat' dir='ltr'><strong>solarium,</strong></span> <span class='ocrx_word' id='word_1_164' title='bbox 926 1659 1063 1728; x_wconf 86' lang='lat' dir='ltr'><strong>quantitas</strong></span> <span class='ocrx_word' id='word_1_165' title='bbox 1076 1659 1145 1715; x_wconf 90' lang='lat' dir='ltr'><strong>radii</strong></span> <span class='ocrx_word' id='word_1_166' title='bbox 1158 1660 1237 1728; x_wconf 89' lang='lat' dir='ltr'><strong>Solis,</strong></span> <span class='ocrx_word' id='word_1_167' title='bbox 1256 1673 1310 1728; x_wconf 89' lang='lat' dir='ltr'><strong>per</strong></span> <span class='ocrx_word' id='word_1_168' title='bbox 1322 1657 1445 1714; x_wconf 82' lang='lat' dir='ltr'><strong>diversas</strong></span> <span class='ocrx_word' id='word_1_169' title='bbox 1454 1656 1502 1711; x_wconf 86' lang='lat' dir='ltr'><strong>vitn&#39;</strong></span> 
     </span>
     <span class='ocr_line' id='line_1_17' title="bbox 162 1737 1501 1809; baseline -0.004 -13"><span class='ocrx_word' id='word_1_170' title='bbox 162 1741 272 1796; x_wconf 89' lang='lat' dir='ltr'><strong>concavi</strong></span> <span class='ocrx_word' id='word_1_171' title='bbox 289 1748 381 1809; x_wconf 89' lang='lat' dir='ltr'><strong>partes</strong></span> <span class='ocrx_word' id='word_1_172' title='bbox 399 1739 564 1809; x_wconf 86' lang='lat' dir='ltr'><strong>transmissi,</strong></span> <span class='ocrx_word' id='word_1_173' title='bbox 590 1755 644 1794; x_wconf 93' lang='lat' dir='ltr'><strong>non</strong></span> <span class='ocrx_word' id='word_1_174' title='bbox 662 1739 778 1808; x_wconf 87' lang='lat' dir='ltr'><strong>variata,</strong></span> <span class='ocrx_word' id='word_1_175' title='bbox 801 1738 985 1794; x_wconf 88' lang='lat' dir='ltr'><strong>testimonium</strong></span> <span class='ocrx_word' id='word_1_176' title='bbox 1003 1737 1191 1808; x_wconf 87' lang='lat' dir='ltr'><strong>Christophori</strong></span> <span class='ocrx_word' id='word_1_177' title='bbox 1209 1737 1353 1794; x_wconf 87' lang='lat' dir='ltr'><strong>Scheineri</strong></span> <span class='ocrx_word' id='word_1_178' title='bbox 1372 1738 1501 1807; x_wconf 61' lang='lat' dir='ltr'><strong>(fremas</strong></span> 
     </span>
     <span class='ocr_line' id='line_1_18' title="bbox 160 1814 1503 1888; baseline -0.001 -17"><span class='ocrx_word' id='word_1_179' title='bbox 160 1824 190 1871; x_wconf 91' lang='lat' dir='ltr'><strong>de</strong></span> <span class='ocrx_word' id='word_1_180' title='bbox 208 1823 281 1872; x_wconf 88' lang='lat' dir='ltr'><strong>oculo</strong></span> <span class='ocrx_word' id='word_1_181' title='bbox 298 1828 370 1887; x_wconf 87' lang='lat' dir='ltr'><strong>parte</strong></span> <span class='ocrx_word' id='word_1_182' title='bbox 384 1825 402 1885; x_wconf 91' lang='lat'><strong>1,</strong></span> <span class='ocrx_word' id='word_1_183' title='bbox 420 1821 466 1874; x_wconf 88' lang='lat' dir='ltr'><strong>llh.</strong></span> <span class='ocrx_word' id='word_1_184' title='bbox 481 1822 502 1875; x_wconf 87' lang='grc' dir='ltr'><strong>Ι.</strong></span> <span class='ocrx_word' id='word_1_185' title='bbox 524 1837 577 1886; x_wconf 63' lang='grc' dir='ltr'><strong>περ.</strong></span> <span class='ocrx_word' id='word_1_186' title='bbox 592 1823 633 1888; x_wconf 91' lang='lat'><strong>10,</strong></span> <span class='ocrx_word' id='word_1_187' title='bbox 652 1820 697 1874; x_wconf 88' lang='lat' dir='ltr'><strong>lib.</strong></span> <span class='ocrx_word' id='word_1_188' title='bbox 710 1823 756 1873; x_wconf 87' lang='lat'><strong>111.</strong></span> <span class='ocrx_word' id='word_1_189' title='bbox 771 1837 792 1872; x_wconf 93' lang='lat' dir='ltr'><strong>c.</strong></span> <span class='ocrx_word' id='word_1_190' title='bbox 806 1820 854 1887; x_wconf 86' lang='grc'>8.),</span> <span class='ocrx_word' id='word_1_191' title='bbox 874 1816 1075 1872; x_wconf 78' lang='lat' dir='ltr'><strong>observationes</strong></span> <span class='ocrx_word' id='word_1_192' title='bbox 1087 1817 1116 1872; x_wconf 85' lang='lat' dir='ltr'><strong>in</strong></span> <span class='ocrx_word' id='word_1_193' title='bbox 1128 1814 1276 1886; x_wconf 79' lang='lat' dir='ltr'><strong>eclipsibus</strong></span> <span class='ocrx_word' id='word_1_194' title='bbox 1290 1815 1375 1876; x_wconf 82' lang='lat' dir='ltr'><strong>Solis.</strong></span> <span class='ocrx_word' id='word_1_195' title='bbox 1406 1814 1503 1873; x_wconf 76' lang='lat' dir='ltr'><strong>Modum</strong></span> 
     </span>
     <span class='ocr_line' id='line_1_19' title="bbox 158 1896 1503 1968; baseline -0.002 -17"><span class='ocrx_word' id='word_1_196' title='bbox 158 1897 283 1967; x_wconf 86' lang='lat' dir='ltr'><strong>Kepleri,</strong></span> <span class='ocrx_word' id='word_1_197' title='bbox 309 1897 469 1953; x_wconf 90' lang='lat' dir='ltr'><strong>observandi</strong></span> <span class='ocrx_word' id='word_1_198' title='bbox 488 1896 647 1953; x_wconf 86' lang='lat' dir='ltr'><strong>diametrum</strong></span> <span class='ocrx_word' id='word_1_199' title='bbox 667 1897 738 1953; x_wconf 89' lang='lat' dir='ltr'><strong>Solis</strong></span> <span class='ocrx_word' id='word_1_200' title='bbox 756 1897 945 1967; x_wconf 87' lang='lat' dir='ltr'><strong>perforamen</strong></span> <span class='ocrx_word' id='word_1_201' title='bbox 964 1896 1079 1968; x_wconf 92' lang='lat' dir='ltr'><strong>nudum,</strong></span> <span class='ocrx_word' id='word_1_202' title='bbox 1098 1913 1152 1952; x_wconf 93' lang='lat' dir='ltr'><strong>non</strong></span> <span class='ocrx_word' id='word_1_203' title='bbox 1172 1911 1233 1951; x_wconf 90' lang='lat' dir='ltr'><strong>esse</strong></span> <span class='ocrx_word' id='word_1_204' title='bbox 1251 1902 1429 1965; x_wconf 88' lang='lat' dir='ltr'><strong>accuratum,</strong></span> <span class='ocrx_word' id='word_1_205' title='bbox 1451 1909 1503 1951; x_wconf 89' lang='lat' dir='ltr'><strong>con·</strong></span> 
     </span>
     <span class='ocr_line' id='line_1_20' title="bbox 160 1971 1505 2047; baseline -0.001 -18"><span class='ocrx_word' id='word_1_206' title='bbox 160 1975 247 2030; x_wconf 89' lang='lat' dir='ltr'><strong>tendit</strong></span> <span class='ocrx_word' id='word_1_207' title='bbox 263 1975 438 2047; x_wconf 89' lang='lat' dir='ltr'><strong>Hortensius,</strong></span> <span class='ocrx_word' id='word_1_208' title='bbox 464 1974 655 2030; x_wconf 84' lang='lat' dir='ltr'><strong>semidiametri</strong></span> <span class='ocrx_word' id='word_1_209' title='bbox 678 1973 817 2030; x_wconf 80' lang='lat' dir='ltr'><strong>foraminis</strong></span> <span class='ocrx_word' id='word_1_210' title='bbox 843 1973 976 2030; x_wconf 79' lang='lat' dir='ltr'><strong>diversam</strong></span> <span class='ocrx_word' id='word_1_211' title='bbox 1001 1974 1178 2044; x_wconf 85' lang='lat' dir='ltr'><strong>quantitatem</strong></span> <span class='ocrx_word' id='word_1_212' title='bbox 1197 1990 1252 2029; x_wconf 93' lang='lat' dir='ltr'><strong>non</strong></span> <span class='ocrx_word' id='word_1_213' title='bbox 1269 1981 1348 2030; x_wconf 88' lang='lat' dir='ltr'><strong>recte</strong></span> <span class='ocrx_word' id='word_1_214' title='bbox 1367 1971 1505 2044; x_wconf 83' lang='lat' dir='ltr'><strong>Keplerun</strong></span> 
     </span>
     <span class='ocr_line' id='line_1_21' title="bbox 161 2051 1505 2124; baseline -0.003 -16"><span class='ocrx_word' id='word_1_215' title='bbox 161 2054 304 2124; x_wconf 88' lang='lat' dir='ltr'><strong>respicere.</strong></span> <span class='ocrx_word' id='word_1_216' title='bbox 341 2052 561 2109; x_wconf 80' lang='lat' dir='ltr'><strong>observationem</strong></span> <span class='ocrx_word' id='word_1_217' title='bbox 581 2059 609 2109; x_wconf 91' lang='lat' dir='ltr'><strong>et</strong></span> <span class='ocrx_word' id='word_1_218' title='bbox 626 2052 758 2110; x_wconf 88' lang='lat' dir='ltr'><strong>calculum</strong></span> <span class='ocrx_word' id='word_1_219' title='bbox 778 2052 857 2108; x_wconf 86' lang='lat' dir='ltr'><strong>affert</strong></span> <span class='ocrx_word' id='word_1_220' title='bbox 876 2051 985 2122; x_wconf 89' lang='lat' dir='ltr'><strong>eclipsis</strong></span> <span class='ocrx_word' id='word_1_221' title='bbox 1003 2053 1099 2109; x_wconf 86' lang='lat' dir='ltr'><strong>Lunae</strong></span> <span class='ocrx_word' id='word_1_222' title='bbox 1118 2053 1145 2110; x_wconf 89' lang='lat' dir='ltr'><strong>d.</strong></span> <span class='ocrx_word' id='word_1_223' title='bbox 1164 2052 1505 2123; x_wconf 59' lang='lat' dir='ltr'><strong>easaetenatone</strong></span> 
     </span>
     <span class='ocr_line' id='line_1_22' title="bbox 162 2130 1503 2205; baseline -0.005 -15"><span class='ocrx_word' id='word_1_224' title='bbox 162 2152 222 2190; x_wconf 92' lang='lat' dir='ltr'><strong>cum</strong></span> <span class='ocrx_word' id='word_1_225' title='bbox 240 2133 351 2205; x_wconf 87' lang='lat' dir='ltr'><strong>Kepleri</strong></span> <span class='ocrx_word' id='word_1_226' title='bbox 373 2132 477 2187; x_wconf 89' lang='lat' dir='ltr'><strong>calculo</strong></span> <span class='ocrx_word' id='word_1_227' title='bbox 501 2140 648 2203; x_wconf 88' lang='lat' dir='ltr'><strong>comparat.</strong></span> <span class='ocrx_word' id='word_1_228' title='bbox 685 2133 814 2201; x_wconf 86' lang='lat' dir='ltr'><strong>Causam,</strong></span> <span class='ocrx_word' id='word_1_229' title='bbox 839 2148 888 2188; x_wconf 91' lang='lat' dir='ltr'><strong>cur</strong></span> <span class='ocrx_word' id='word_1_230' title='bbox 911 2131 997 2201; x_wconf 89' lang='lat' dir='ltr'><strong>ipsius</strong></span> <span class='ocrx_word' id='word_1_231' title='bbox 1021 2130 1142 2186; x_wconf 87' lang='lat' dir='ltr'><strong>calculus</strong></span> <span class='ocrx_word' id='word_1_232' title='bbox 1160 2147 1221 2186; x_wconf 91' lang='lat' dir='ltr'><strong>cum</strong></span> <span class='ocrx_word' id='word_1_233' title='bbox 1241 2131 1437 2188; x_wconf 80' lang='lat' dir='ltr'><strong>observatione</strong></span> <span class='ocrx_word' id='word_1_234' title='bbox 1452 2144 1503 2185; x_wconf 89' lang='lat' dir='ltr'><strong>con-</strong></span> 
     </span>
     <span class='ocr_line' id='line_1_23' title="bbox 159 2209 1505 2284; baseline -0.003 -17"><span class='ocrx_word' id='word_1_235' title='bbox 159 2213 262 2284; x_wconf 88' lang='lat' dir='ltr'><strong>veniat,</strong></span> <span class='ocrx_word' id='word_1_236' title='bbox 280 2211 463 2281; x_wconf 86' lang='lat' dir='ltr'><strong>Keplerianus</strong></span> <span class='ocrx_word' id='word_1_237' title='bbox 481 2227 544 2267; x_wconf 90' lang='lat' dir='ltr'><strong>vero</strong></span> <span class='ocrx_word' id='word_1_238' title='bbox 563 2214 597 2267; x_wconf 92' lang='lat' dir='ltr'><strong>ab</strong></span> <span class='ocrx_word' id='word_1_239' title='bbox 617 2228 649 2267; x_wconf 89' lang='lat' dir='ltr'><strong>ea</strong></span> <span class='ocrx_word' id='word_1_240' title='bbox 666 2211 782 2280; x_wconf 85' lang='lat' dir='ltr'><strong>differat,</strong></span> <span class='ocrx_word' id='word_1_241' title='bbox 801 2213 872 2267; x_wconf 89' lang='lat' dir='ltr'><strong>hauc</strong></span> <span class='ocrx_word' id='word_1_242' title='bbox 892 2210 970 2266; x_wconf 86' lang='lat' dir='ltr'><strong>dicit:</strong></span> <span class='ocrx_word' id='word_1_243' title='bbox 996 2210 1062 2266; x_wconf 85' lang='lat' dir='ltr'><strong>Cum</strong></span> <span class='ocrx_word' id='word_1_244' title='bbox 1080 2211 1107 2266; x_wconf 93' lang='lat' dir='ltr'><strong>in</strong></span> <span class='ocrx_word' id='word_1_245' title='bbox 1125 2209 1261 2266; x_wconf 88' lang='lat' dir='ltr'><strong>distantiis</strong></span> <span class='ocrx_word' id='word_1_246' title='bbox 1279 2212 1380 2266; x_wconf 86' lang='lat' dir='ltr'><strong>Lunae</strong></span> <span class='ocrx_word' id='word_1_247' title='bbox 1398 2224 1416 2266; x_wconf 90' lang='lat' dir='ltr'><strong>a</strong></span> <span class='ocrx_word' id='word_1_248' title='bbox 1432 2210 1505 2264; x_wconf 81' lang='lat' dir='ltr'><strong>Terra</strong></span> 
     </span>
     <span class='ocr_line' id='line_1_24' title="bbox 160 2289 1504 2362; baseline -0.001 -16"><span class='ocrx_word' id='word_1_249' title='bbox 160 2292 311 2361; x_wconf 89' lang='lat' dir='ltr'><strong>mediisque</strong></span> <span class='ocrx_word' id='word_1_250' title='bbox 328 2291 445 2347; x_wconf 91' lang='lat' dir='ltr'><strong>motibus</strong></span> <span class='ocrx_word' id='word_1_251' title='bbox 463 2309 517 2348; x_wconf 91' lang='lat' dir='ltr'><strong>non</strong></span> <span class='ocrx_word' id='word_1_252' title='bbox 536 2308 630 2362; x_wconf 88' lang='lat' dir='ltr'><strong>parum</strong></span> <span class='ocrx_word' id='word_1_253' title='bbox 649 2310 666 2349; x_wconf 88' lang='lat' dir='ltr'><strong>a</strong></span> <span class='ocrx_word' id='word_1_254' title='bbox 683 2300 710 2348; x_wconf 90' lang='lat' dir='ltr'><strong>tc</strong></span> <span class='ocrx_word' id='word_1_255' title='bbox 728 2300 871 2362; x_wconf 86' lang='lat' dir='ltr'><strong>peccetur,</strong></span> <span class='ocrx_word' id='word_1_256' title='bbox 894 2308 948 2347; x_wconf 91' lang='lat' dir='ltr'><strong>non</strong></span> <span class='ocrx_word' id='word_1_257' title='bbox 967 2296 1061 2360; x_wconf 88' lang='lat' dir='ltr'><strong>potest</strong></span> <span class='ocrx_word' id='word_1_258' title='bbox 1079 2306 1144 2347; x_wconf 88' lang='lat' dir='ltr'><strong>sane</strong></span> <span class='ocrx_word' id='word_1_259' title='bbox 1162 2290 1288 2345; x_wconf 89' lang='lat' dir='ltr'><strong>horarius</strong></span> <span class='ocrx_word' id='word_1_260' title='bbox 1306 2289 1408 2346; x_wconf 89' lang='lat' dir='ltr'><strong>Lunae</strong></span> <span class='ocrx_word' id='word_1_261' title='bbox 1425 2302 1504 2345; x_wconf 84' lang='lat' dir='ltr'><strong>cerere</strong></span> 
     </span>
     <span class='ocr_line' id='line_1_25' title="bbox 161 2368 1504 2442; baseline 0 -17"><span class='ocrx_word' id='word_1_262' title='bbox 161 2385 210 2425; x_wconf 93' lang='lat' dir='ltr'><strong>suo</strong></span> <span class='ocrx_word' id='word_1_263' title='bbox 230 2371 295 2426; x_wconf 89' lang='lat' dir='ltr'><strong>vitio</strong></span> <span class='ocrx_word' id='word_1_264' title='bbox 314 2387 346 2425; x_wconf 89' lang='lat' dir='ltr'><strong>ac</strong></span> <span class='ocrx_word' id='word_1_265' title='bbox 364 2371 477 2436; x_wconf 87' lang='lat' dir='ltr'><strong>proinde</strong></span> <span class='ocrx_word' id='word_1_266' title='bbox 494 2372 548 2427; x_wconf 88' lang='lat' dir='ltr'><strong>ista</strong></span> <span class='ocrx_word' id='word_1_267' title='bbox 566 2372 677 2428; x_wconf 85' lang='lat' dir='ltr'><strong>umbrae</strong></span> <span class='ocrx_word' id='word_1_268' title='bbox 695 2373 910 2428; x_wconf 90' lang='lat' dir='ltr'><strong>semidiametrus</strong></span> <span class='ocrx_word' id='word_1_269' title='bbox 930 2371 1024 2440; x_wconf 89' lang='lat' dir='ltr'><strong>nequit</strong></span> <span class='ocrx_word' id='word_1_270' title='bbox 1042 2386 1104 2427; x_wconf 90' lang='lat' dir='ltr'><strong>esse</strong></span> <span class='ocrx_word' id='word_1_271' title='bbox 1118 2372 1202 2441; x_wconf 84' lang='lat' dir='ltr'><strong>justa</strong></span> <span class='ocrx_word' id='word_1_272' title='bbox 1234 2370 1330 2426; x_wconf 89' lang='lat' dir='ltr'><strong>Habes</strong></span> <span class='ocrx_word' id='word_1_273' title='bbox 1348 2385 1418 2442; x_wconf 71' lang='lat' dir='ltr'><strong>crgo</strong></span> <span class='ocrx_word' id='word_1_274' title='bbox 1434 2368 1504 2425; x_wconf 71' lang='lat' dir='ltr'><strong>medi</strong></span> 
     </span>
     <span class='ocr_line' id='line_1_26' title="bbox 159 2444 1504 2521; baseline -0.004 -14"><span class='ocrx_word' id='word_1_275' title='bbox 159 2451 250 2507; x_wconf 77' lang='lat' dir='ltr'><strong>cinam</strong></span> <span class='ocrx_word' id='word_1_276' title='bbox 267 2449 402 2505; x_wconf 68' lang='lat' dir='ltr'><strong>mesenam</strong></span> <span class='ocrx_word' id='word_1_277' title='bbox 421 2450 617 2506; x_wconf 82' lang='lat' dir='ltr'><strong>observationis</strong></span> <span class='ocrx_word' id='word_1_278' title='bbox 636 2468 652 2506; x_wconf 90' lang='lat' dir='ltr'><strong>a</strong></span> <span class='ocrx_word' id='word_1_279' title='bbox 671 2451 775 2507; x_wconf 88' lang='lat' dir='ltr'><strong>calculo</strong></span> <span class='ocrx_word' id='word_1_280' title='bbox 794 2459 842 2507; x_wconf 92' lang='lat' dir='ltr'><strong>tuo</strong></span> <span class='ocrx_word' id='word_1_281' title='bbox 860 2449 1118 2521; x_wconf 87' lang='lat' dir='ltr'><strong>praesentissimam,</strong></span> <span class='ocrx_word' id='word_1_282' title='bbox 1138 2448 1272 2505; x_wconf 89' lang='lat' dir='ltr'><strong>calculum</strong></span> <span class='ocrx_word' id='word_1_283' title='bbox 1289 2464 1330 2506; x_wconf 90' lang='lat' dir='ltr'><strong>sc.</strong></span> <span class='ocrx_word' id='word_1_284' title='bbox 1343 2444 1504 2516; x_wconf 75' lang='lat' dir='ltr'><strong>Lansberqii,</strong></span> 
     </span>
     <span class='ocr_line' id='line_1_27' title="bbox 156 2527 1505 2601; baseline -0.001 -19"><span class='ocrx_word' id='word_1_285' title='bbox 156 2528 203 2599; x_wconf 90' lang='lat' dir='ltr'><strong>qui</strong></span> <span class='ocrx_word' id='word_1_286' title='bbox 227 2544 281 2583; x_wconf 92' lang='lat' dir='ltr'><strong>non</strong></span> <span class='ocrx_word' id='word_1_287' title='bbox 305 2536 409 2585; x_wconf 86' lang='lat' dir='ltr'><strong>tantum</strong></span> <span class='ocrx_word' id='word_1_288' title='bbox 432 2528 599 2585; x_wconf 89' lang='lat' dir='ltr'><strong>verissimam</strong></span> <span class='ocrx_word' id='word_1_289' title='bbox 624 2530 734 2586; x_wconf 88' lang='lat' dir='ltr'><strong>umbrae</strong></span> <span class='ocrx_word' id='word_1_290' title='bbox 753 2530 980 2587; x_wconf 89' lang='lat' dir='ltr'><strong>semidiametrum</strong></span> <span class='ocrx_word' id='word_1_291' title='bbox 999 2531 1103 2601; x_wconf 88' lang='lat' dir='ltr'><strong>prodit,</strong></span> <span class='ocrx_word' id='word_1_292' title='bbox 1129 2527 1177 2586; x_wconf 90' lang='lat' dir='ltr'><strong>sed</strong></span> <span class='ocrx_word' id='word_1_293' title='bbox 1196 2537 1224 2585; x_wconf 92' lang='lat' dir='ltr'><strong>et</strong></span> <span class='ocrx_word' id='word_1_294' title='bbox 1243 2546 1306 2586; x_wconf 90' lang='lat' dir='ltr'><strong>cum</strong></span> <span class='ocrx_word' id='word_1_295' title='bbox 1325 2528 1505 2586; x_wconf 85' lang='lat' dir='ltr'><strong>observatione</strong></span> 
     </span>
     <span class='ocr_line' id='line_1_28' title="bbox 155 2606 1504 2683; baseline 0.001 -12"><span class='ocrx_word' id='word_1_296' title='bbox 155 2623 204 2671; x_wconf 89' lang='lat' dir='ltr'><strong>tua</strong></span> <span class='ocrx_word' id='word_1_297' title='bbox 221 2617 347 2667; x_wconf 87' lang='lat' dir='ltr'><strong>accurate</strong></span> <span class='ocrx_word' id='word_1_298' title='bbox 365 2610 500 2668; x_wconf 87' lang='lat' dir='ltr'><strong>convenit.</strong></span> <span class='ocrx_word' id='word_1_299' title='bbox 531 2612 627 2681; x_wconf 87' lang='lat' dir='ltr'><strong>Neque</strong></span> <span class='ocrx_word' id='word_1_300' title='bbox 646 2612 784 2683; x_wconf 88' lang='lat' dir='ltr'><strong>quidpiam</strong></span> <span class='ocrx_word' id='word_1_301' title='bbox 803 2628 903 2668; x_wconf 89' lang='lat' dir='ltr'><strong>causae</strong></span> <span class='ocrx_word' id='word_1_302' title='bbox 922 2620 971 2681; x_wconf 88' lang='lat' dir='ltr'><strong>est,</strong></span> <span class='ocrx_word' id='word_1_303' title='bbox 991 2629 1040 2669; x_wconf 91' lang='lat' dir='ltr'><strong>cur</strong></span> <span class='ocrx_word' id='word_1_304' title='bbox 1056 2618 1105 2669; x_wconf 86' lang='lat' dir='ltr'><strong>sut</strong></span> <span class='ocrx_word' id='word_1_305' title='bbox 1117 2612 1227 2668; x_wconf 88' lang='lat' dir='ltr'><strong>Terram</strong></span> <span class='ocrx_word' id='word_1_306' title='bbox 1245 2607 1408 2664; x_wconf 88' lang='lat' dir='ltr'><strong>oviformem</strong></span> <span class='ocrx_word' id='word_1_307' title='bbox 1422 2606 1504 2674; x_wconf 59' lang='lat' dir='ltr'><strong>istiu,</strong></span> 
     </span>
     <span class='ocr_line' id='line_1_29' title="bbox 158 2688 944 2759; baseline -0.004 -8"><span class='ocrx_word' id='word_1_308' title='bbox 158 2701 206 2751; x_wconf 88' lang='lat' dir='ltr'><strong>sut</strong></span> <span class='ocrx_word' id='word_1_309' title='bbox 222 2691 304 2748; x_wconf 88' lang='lat' dir='ltr'><strong>radiis</strong></span> <span class='ocrx_word' id='word_1_310' title='bbox 324 2688 394 2745; x_wconf 87' lang='lat' dir='ltr'><strong>Solis</strong></span> <span class='ocrx_word' id='word_1_311' title='bbox 412 2696 476 2759; x_wconf 90' lang='lat' dir='ltr'><strong>post</strong></span> <span class='ocrx_word' id='word_1_312' title='bbox 494 2690 605 2746; x_wconf 88' lang='lat' dir='ltr'><strong>Terram</strong></span> <span class='ocrx_word' id='word_1_313' title='bbox 622 2691 812 2747; x_wconf 87' lang='lat' dir='ltr'><strong>rectitudinem</strong></span> <span class='ocrx_word' id='word_1_314' title='bbox 831 2691 944 2748; x_wconf 91' lang='lat' dir='ltr'><strong>adimas.</strong></span> 
     </span>
    </p>
   </div>
   <div class='ocr_carea' id='block_1_4' title="bbox 98 2772 1502 4363">
    <p class='ocr_par' dir='ltr' id='par_1_6' title="bbox 98 2772 1502 4035">
     <span class='ocr_line' id='line_1_30' title="bbox 258 2772 1502 2849; baseline -0.005 -15"><span class='ocrx_word' id='word_1_315' title='bbox 258 2779 284 2834; x_wconf 88' lang='lat' dir='ltr'>N</span> <span class='ocrx_word' id='word_1_316' title='bbox 286 2795 320 2833; x_wconf 92' lang='lat' dir='ltr'><strong>on</strong></span> <span class='ocrx_word' id='word_1_317' title='bbox 343 2776 439 2832; x_wconf 77' lang='lat' dir='ltr'><strong>mhum</strong></span> <span class='ocrx_word' id='word_1_318' title='bbox 462 2784 516 2848; x_wconf 90' lang='lat' dir='ltr'><strong>est,</strong></span> <span class='ocrx_word' id='word_1_319' title='bbox 542 2777 674 2849; x_wconf 88' lang='lat' dir='ltr'><strong>Keplere,</strong></span> <span class='ocrx_word' id='word_1_320' title='bbox 699 2786 727 2834; x_wconf 85' lang='lat' dir='ltr'><strong>ts</strong></span> <span class='ocrx_word' id='word_1_321' title='bbox 741 2780 923 2849; x_wconf 74' lang='lat' dir='ltr'><strong>pharmacum</strong></span> <span class='ocrx_word' id='word_1_322' title='bbox 940 2781 1031 2849; x_wconf 79' lang='lat' dir='ltr'><strong>ipsam</strong></span> <span class='ocrx_word' id='word_1_323' title='bbox 1047 2777 1120 2833; x_wconf 79' lang='lat' dir='ltr'><strong>nolle</strong></span> <span class='ocrx_word' id='word_1_324' title='bbox 1139 2790 1232 2832; x_wconf 82' lang='lat' dir='ltr'><strong>emere.</strong></span> <span class='ocrx_word' id='word_1_325' title='bbox 1269 2773 1332 2830; x_wconf 77' lang='lat' dir='ltr'><strong>Hoc</strong></span> <span class='ocrx_word' id='word_1_326' title='bbox 1349 2776 1425 2832; x_wconf 87' lang='lat' dir='ltr'><strong>enim</strong></span> <span class='ocrx_word' id='word_1_327' title='bbox 1442 2772 1502 2828; x_wconf 86' lang='lat' dir='ltr'><strong>facta</strong></span> 
     </span>
     <span class='ocr_line' id='line_1_31' title="bbox 155 2849 1502 2928; baseline -0.007 -13"><span class='ocrx_word' id='word_1_328' title='bbox 155 2865 228 2915; x_wconf 90' lang='lat' dir='ltr'><strong>totus</strong></span> <span class='ocrx_word' id='word_1_329' title='bbox 246 2857 437 2928; x_wconf 86' lang='lat' dir='ltr'><strong>hypothesium</strong></span> <span class='ocrx_word' id='word_1_330' title='bbox 456 2863 564 2912; x_wconf 80' lang='lat' dir='ltr'><strong>tuarrrm</strong></span> <span class='ocrx_word' id='word_1_331' title='bbox 582 2866 729 2927; x_wconf 88' lang='lat' dir='ltr'><strong>apparatus</strong></span> <span class='ocrx_word' id='word_1_332' title='bbox 749 2858 912 2927; x_wconf 88' lang='lat' dir='ltr'><strong>concideret,</strong></span> <span class='ocrx_word' id='word_1_333' title='bbox 932 2861 1027 2927; x_wconf 90' lang='lat' dir='ltr'><strong>utpote</strong></span> <span class='ocrx_word' id='word_1_334' title='bbox 1046 2870 1116 2925; x_wconf 90' lang='lat' dir='ltr'><strong>quae</strong></span> <span class='ocrx_word' id='word_1_335' title='bbox 1134 2860 1191 2910; x_wconf 90' lang='lat' dir='ltr'><strong>toto</strong></span> <span class='ocrx_word' id='word_1_336' title='bbox 1210 2852 1288 2909; x_wconf 90' lang='lat' dir='ltr'><strong>coelo</strong></span> <span class='ocrx_word' id='word_1_337' title='bbox 1301 2869 1318 2908; x_wconf 88' lang='lat' dir='ltr'><strong>a</strong></span> <span class='ocrx_word' id='word_1_338' title='bbox 1329 2869 1398 2910; x_wconf 90' lang='lat' dir='ltr'><strong>vera</strong></span> <span class='ocrx_word' id='word_1_339' title='bbox 1409 2849 1502 2925; x_wconf 83' lang='lat' dir='ltr'><strong>quanti·</strong></span> 
     </span>
     <span class='ocr_line' id='line_1_32' title="bbox 156 2931 1501 3008; baseline -0.004 -17"><span class='ocrx_word' id='word_1_340' title='bbox 156 2944 214 2993; x_wconf 90' lang='lat' dir='ltr'><strong>tate</strong></span> <span class='ocrx_word' id='word_1_341' title='bbox 231 2937 365 2993; x_wconf 85' lang='lat' dir='ltr'><strong>aberrant.</strong></span> <span class='ocrx_word' id='word_1_342' title='bbox 402 2937 582 3008; x_wconf 79' lang='lat' dir='ltr'><strong>Hipparchus</strong></span> <span class='ocrx_word' id='word_1_343' title='bbox 600 2944 664 2990; x_wconf 90' lang='lat' dir='ltr'><strong>tuus</strong></span> <span class='ocrx_word' id='word_1_344' title='bbox 683 2954 699 2992; x_wconf 92' lang='lat' dir='ltr'><strong>a</strong></span> <span class='ocrx_word' id='word_1_345' title='bbox 717 2937 892 2992; x_wconf 88' lang='lat' dir='ltr'><strong>fundamento</strong></span> <span class='ocrx_word' id='word_1_346' title='bbox 912 2936 1127 3000; x_wconf 83' lang='lat' dir='ltr'><strong>subverteretur,</strong></span> <span class='ocrx_word' id='word_1_347' title='bbox 1152 2938 1183 2988; x_wconf 90' lang='lat' dir='ltr'><strong>ut</strong></span> <span class='ocrx_word' id='word_1_348' title='bbox 1204 2931 1233 2987; x_wconf 91' lang='lat' dir='ltr'><strong>in</strong></span> <span class='ocrx_word' id='word_1_349' title='bbox 1251 2948 1307 3002; x_wconf 93' lang='lat' dir='ltr'><strong>quo</strong></span> <span class='ocrx_word' id='word_1_350' title='bbox 1326 2949 1384 2989; x_wconf 91' lang='lat' dir='ltr'><strong>nou</strong></span> <span class='ocrx_word' id='word_1_351' title='bbox 1402 2932 1501 2989; x_wconf 90' lang='lat' dir='ltr'><strong>demon·</strong></span> 
     </span>
     <span class='ocr_line' id='line_1_33' title="bbox 154 3009 1501 3084; baseline -0.004 -12"><span class='ocrx_word' id='word_1_352' title='bbox 154 3014 329 3072; x_wconf 89' lang='lat' dir='ltr'><strong>strationibus</strong></span> <span class='ocrx_word' id='word_1_353' title='bbox 348 3014 532 3084; x_wconf 81' lang='lat' dir='ltr'><strong>geometricis,</strong></span> <span class='ocrx_word' id='word_1_354' title='bbox 552 3014 599 3070; x_wconf 87' lang='lat' dir='ltr'><strong>scd</strong></span> <span class='ocrx_word' id='word_1_355' title='bbox 618 3013 771 3069; x_wconf 88' lang='lat' dir='ltr'><strong>rationibus</strong></span> <span class='ocrx_word' id='word_1_356' title='bbox 789 3013 953 3070; x_wconf 89' lang='lat' dir='ltr'><strong>harmonicis</strong></span> <span class='ocrx_word' id='word_1_357' title='bbox 971 3012 1122 3084; x_wconf 86' lang='lat' dir='ltr'><strong>parallaxin</strong></span> <span class='ocrx_word' id='word_1_358' title='bbox 1141 3011 1212 3067; x_wconf 88' lang='lat' dir='ltr'><strong>Solis</strong></span> <span class='ocrx_word' id='word_1_359' title='bbox 1233 3012 1265 3077; x_wconf 73' lang='lat' dir='ltr'><strong>t‘,</strong></span> <span class='ocrx_word' id='word_1_360' title='bbox 1285 3009 1451 3068; x_wconf 86' lang='lat' dir='ltr'><strong>diametrum</strong></span> <span class='ocrx_word' id='word_1_361' title='bbox 1466 3011 1501 3066; x_wconf 73' lang='lat'><strong>³0⁴</strong></span> 
     </span>
     <span class='ocr_line' id='line_1_34' title="bbox 155 3090 1500 3160; baseline -0.002 -13"><span class='ocrx_word' id='word_1_362' title='bbox 155 3094 253 3147; x_wconf 88' lang='lat' dir='ltr'><strong>statuis</strong></span> <span class='ocrx_word' id='word_1_363' title='bbox 277 3100 304 3146; x_wconf 89' lang='lat' dir='ltr'><strong>ct</strong></span> <span class='ocrx_word' id='word_1_364' title='bbox 327 3092 390 3148; x_wconf 92' lang='lat' dir='ltr'><strong>hinc</strong></span> <span class='ocrx_word' id='word_1_365' title='bbox 414 3093 514 3149; x_wconf 85' lang='lat' dir='ltr'><strong>formas</strong></span> <span class='ocrx_word' id='word_1_366' title='bbox 540 3092 768 3147; x_wconf 89' lang='lat' dir='ltr'><strong>semidiametrum</strong></span> <span class='ocrx_word' id='word_1_367' title='bbox 793 3091 904 3147; x_wconf 88' lang='lat' dir='ltr'><strong>umbrae</strong></span> <span class='ocrx_word' id='word_1_368' title='bbox 923 3092 1032 3148; x_wconf 89' lang='lat' dir='ltr'><strong>Terrae.</strong></span> <span class='ocrx_word' id='word_1_369' title='bbox 1068 3090 1128 3146; x_wconf 81' lang='lat' dir='ltr'><strong>Nisi</strong></span> <span class='ocrx_word' id='word_1_370' title='bbox 1153 3090 1258 3145; x_wconf 89' lang='lat' dir='ltr'><strong>autad</strong></span> <span class='ocrx_word' id='word_1_371' title='bbox 1281 3095 1375 3145; x_wconf 74' lang='lat' dir='ltr'><strong>aeirem</strong></span> <span class='ocrx_word' id='word_1_372' title='bbox 1395 3091 1500 3160; x_wconf 87' lang='lat' dir='ltr'><strong>aliquem</strong></span> 
     </span>
     <span class='ocr_line' id='line_1_35' title="bbox 154 3168 1499 3241; baseline -0.001 -17"><span class='ocrx_word' id='word_1_373' title='bbox 154 3171 292 3240; x_wconf 86' lang='lat' dir='ltr'><strong>lunarem,</strong></span> <span class='ocrx_word' id='word_1_374' title='bbox 311 3169 411 3225; x_wconf 91' lang='lat' dir='ltr'><strong>autad</strong></span> <span class='ocrx_word' id='word_1_375' title='bbox 430 3173 571 3227; x_wconf 88' lang='lat' dir='ltr'><strong>materiam</strong></span> <span class='ocrx_word' id='word_1_376' title='bbox 589 3172 708 3227; x_wconf 88' lang='lat' dir='ltr'><strong>aetheris</strong></span> <span class='ocrx_word' id='word_1_377' title='bbox 727 3174 799 3228; x_wconf 88' lang='lat' dir='ltr'><strong>circu</strong></span> <span class='ocrx_word' id='word_1_378' title='bbox 818 3173 907 3228; x_wconf 90' lang='lat' dir='ltr'><strong>Solem</strong></span> <span class='ocrx_word' id='word_1_379' title='bbox 927 3171 1082 3241; x_wconf 77' lang='lat' dir='ltr'><strong>confugias,</strong></span> <span class='ocrx_word' id='word_1_380' title='bbox 1106 3187 1159 3226; x_wconf 89' lang='lat' dir='ltr'><strong>nou</strong></span> <span class='ocrx_word' id='word_1_381' title='bbox 1179 3168 1269 3238; x_wconf 80' lang='lat' dir='ltr'><strong>video,</strong></span> <span class='ocrx_word' id='word_1_382' title='bbox 1289 3168 1499 3240; x_wconf 86' lang='lat' dir='ltr'><strong>apparentiasin</strong></span> 
     </span>
     <span class='ocr_line' id='line_1_36' title="bbox 155 3249 1498 3323; baseline -0.003 -17"><span class='ocrx_word' id='word_1_383' title='bbox 155 3250 300 3323; x_wconf 85' lang='lat' dir='ltr'><strong>eclipsibus</strong></span> <span class='ocrx_word' id='word_1_384' title='bbox 320 3250 390 3305; x_wconf 90' lang='lat' dir='ltr'><strong>Solis</strong></span> <span class='ocrx_word' id='word_1_385' title='bbox 408 3267 457 3320; x_wconf 89' lang='lat' dir='ltr'><strong>per</strong></span> <span class='ocrx_word' id='word_1_386' title='bbox 475 3251 641 3321; x_wconf 80' lang='lat' dir='ltr'><strong>hypotheses</strong></span> <span class='ocrx_word' id='word_1_387' title='bbox 659 3259 721 3308; x_wconf 90' lang='lat' dir='ltr'><strong>tuas</strong></span> <span class='ocrx_word' id='word_1_388' title='bbox 740 3251 948 3321; x_wconf 87' lang='lat' dir='ltr'><strong>repraesentari.</strong></span> <span class='ocrx_word' id='word_1_389' title='bbox 986 3251 1048 3319; x_wconf 79' lang='lat' dir='ltr'><strong>Qua</strong></span> <span class='ocrx_word' id='word_1_390' title='bbox 1072 3265 1173 3319; x_wconf 90' lang='lat' dir='ltr'><strong>quaeso</strong></span> <span class='ocrx_word' id='word_1_391' title='bbox 1192 3250 1297 3305; x_wconf 90' lang='lat' dir='ltr'><strong>ratione</strong></span> <span class='ocrx_word' id='word_1_392' title='bbox 1315 3249 1498 3307; x_wconf 81' lang='lat' dir='ltr'><strong>mathematico</strong></span> 
     </span>
     <span class='ocr_line' id='line_1_37' title="bbox 98 3325 1497 3402; baseline -0.005 -15"><span class='ocrx_word' id='word_1_393' title='bbox 98 3325 102 3333; x_wconf 86' lang='grc'><strong>’</strong></span> <span class='ocrx_word' id='word_1_394' title='bbox 153 3329 340 3402; x_wconf 85' lang='lat' dir='ltr'><strong>persuadebis,</strong></span> <span class='ocrx_word' id='word_1_395' title='bbox 360 3338 389 3384; x_wconf 92' lang='lat' dir='ltr'><strong>ut</strong></span> <span class='ocrx_word' id='word_1_396' title='bbox 407 3337 454 3384; x_wconf 87' lang='lat' dir='ltr'><strong>aut</strong></span> <span class='ocrx_word' id='word_1_397' title='bbox 472 3335 561 3385; x_wconf 77' lang='lat' dir='ltr'><strong>airam</strong></span> <span class='ocrx_word' id='word_1_398' title='bbox 580 3330 651 3385; x_wconf 89' lang='lat' dir='ltr'><strong>circa</strong></span> <span class='ocrx_word' id='word_1_399' title='bbox 669 3330 775 3385; x_wconf 88' lang='lat' dir='ltr'><strong>Lunam</strong></span> <span class='ocrx_word' id='word_1_400' title='bbox 794 3336 841 3384; x_wconf 88' lang='lat' dir='ltr'><strong>aut</strong></span> <span class='ocrx_word' id='word_1_401' title='bbox 859 3328 1095 3383; x_wconf 88' lang='lat' dir='ltr'><strong>inflammationem</strong></span> <span class='ocrx_word' id='word_1_402' title='bbox 1113 3327 1187 3384; x_wconf 92' lang='lat' dir='ltr'><strong>illam</strong></span> <span class='ocrx_word' id='word_1_403' title='bbox 1199 3328 1319 3385; x_wconf 87' lang='lat' dir='ltr'><strong>aetheris</strong></span> <span class='ocrx_word' id='word_1_404' title='bbox 1331 3329 1407 3386; x_wconf 88' lang='lat' dir='ltr'><strong>circa</strong></span> <span class='ocrx_word' id='word_1_405' title='bbox 1419 3327 1497 3385; x_wconf 87' lang='lat' dir='ltr'><strong>Solem</strong></span> 
     </span>
     <span class='ocr_line' id='line_1_38' title="bbox 153 3406 1498 3479; baseline -0.005 -13"><span class='ocrx_word' id='word_1_406' title='bbox 153 3410 292 3477; x_wconf 87' lang='lat' dir='ltr'><strong>admittat,</strong></span> <span class='ocrx_word' id='word_1_407' title='bbox 319 3414 350 3462; x_wconf 91' lang='lat' dir='ltr'><strong>ut</strong></span> <span class='ocrx_word' id='word_1_408' title='bbox 374 3408 480 3476; x_wconf 87' lang='lat' dir='ltr'><strong>quoties</strong></span> <span class='ocrx_word' id='word_1_409' title='bbox 504 3407 638 3464; x_wconf 88' lang='lat' dir='ltr'><strong>calculum</strong></span> <span class='ocrx_word' id='word_1_410' title='bbox 663 3407 697 3462; x_wconf 94' lang='lat' dir='ltr'><strong>ab</strong></span> <span class='ocrx_word' id='word_1_411' title='bbox 721 3407 908 3463; x_wconf 87' lang='lat' dir='ltr'><strong>observatione</strong></span> <span class='ocrx_word' id='word_1_412' title='bbox 932 3407 1074 3463; x_wconf 91' lang='lat' dir='ltr'><strong>dissentire</strong></span> <span class='ocrx_word' id='word_1_413' title='bbox 1093 3406 1177 3477; x_wconf 86' lang='lat' dir='ltr'><strong>videt,</strong></span> <span class='ocrx_word' id='word_1_414' title='bbox 1203 3424 1257 3462; x_wconf 89' lang='lat' dir='ltr'><strong>non</strong></span> <span class='ocrx_word' id='word_1_415' title='bbox 1275 3408 1399 3465; x_wconf 88' lang='lat' dir='ltr'><strong>veriores</strong></span> <span class='ocrx_word' id='word_1_416' title='bbox 1417 3406 1498 3479; x_wconf 89' lang='lat' dir='ltr'><strong>potius</strong></span> 
     </span>
     <span class='ocr_line' id='line_1_39' title="bbox 152 3485 1497 3561; baseline -0.001 -17"><span class='ocrx_word' id='word_1_417' title='bbox 152 3488 323 3544; x_wconf 90' lang='lat' dir='ltr'><strong>luminarium</strong></span> <span class='ocrx_word' id='word_1_418' title='bbox 341 3486 486 3542; x_wconf 88' lang='lat' dir='ltr'><strong>diametros</strong></span> <span class='ocrx_word' id='word_1_419' title='bbox 499 3487 637 3557; x_wconf 76' lang='lat' dir='ltr'><strong>efflagitet,</strong></span> <span class='ocrx_word' id='word_1_420' title='bbox 657 3505 738 3557; x_wconf 88' lang='lat' dir='ltr'><strong>quam</strong></span> <span class='ocrx_word' id='word_1_421' title='bbox 750 3489 873 3544; x_wconf 86' lang='lat' dir='ltr'><strong>frivolam</strong></span> <span class='ocrx_word' id='word_1_422' title='bbox 886 3490 1004 3559; x_wconf 91' lang='lat' dir='ltr'><strong>aliquam</strong></span> <span class='ocrx_word' id='word_1_423' title='bbox 1016 3488 1218 3545; x_wconf 81' lang='lat' dir='ltr'><strong>excusationem</strong></span> <span class='ocrx_word' id='word_1_424' title='bbox 1231 3505 1248 3545; x_wconf 94' lang='lat' dir='ltr'><strong>a</strong></span> <span class='ocrx_word' id='word_1_425' title='bbox 1259 3491 1351 3547; x_wconf 74' lang='lat' dir='ltr'><strong>musis</strong></span> <span class='ocrx_word' id='word_1_426' title='bbox 1364 3485 1497 3561; x_wconf 75' lang='lat' dir='ltr'><strong>physicis?</strong></span> 
     </span>
     <span class='ocr_line' id='line_1_40' title="bbox 154 3568 1498 3641; baseline -0.004 -15"><span class='ocrx_word' id='word_1_427' title='bbox 154 3571 241 3638; x_wconf 80' lang='lat' dir='ltr'><strong>Quam</strong></span> <span class='ocrx_word' id='word_1_428' title='bbox 264 3568 365 3624; x_wconf 89' lang='lat' dir='ltr'><strong>diutius</strong></span> <span class='ocrx_word' id='word_1_429' title='bbox 391 3568 472 3623; x_wconf 90' lang='lat' dir='ltr'><strong>verba</strong></span> <span class='ocrx_word' id='word_1_430' title='bbox 495 3576 542 3624; x_wconf 90' lang='lat' dir='ltr'><strong>tua</strong></span> <span class='ocrx_word' id='word_1_431' title='bbox 565 3570 719 3640; x_wconf 91' lang='lat' dir='ltr'><strong>considero,</strong></span> <span class='ocrx_word' id='word_1_432' title='bbox 747 3587 778 3626; x_wconf 92' lang='lat' dir='ltr'><strong>co</strong></span> <span class='ocrx_word' id='word_1_433' title='bbox 804 3573 890 3641; x_wconf 81' lang='lat' dir='ltr'><strong>magis</strong></span> <span class='ocrx_word' id='word_1_434' title='bbox 908 3571 1005 3640; x_wconf 92' lang='lat' dir='ltr'><strong>miror,</strong></span> <span class='ocrx_word' id='word_1_435' title='bbox 1030 3575 1086 3625; x_wconf 89' lang='lat' dir='ltr'><strong>tam</strong></span> <span class='ocrx_word' id='word_1_436' title='bbox 1104 3569 1215 3624; x_wconf 85' lang='lat' dir='ltr'><strong>frivolae</strong></span> <span class='ocrx_word' id='word_1_437' title='bbox 1234 3568 1410 3637; x_wconf 85' lang='lat' dir='ltr'><strong>conjecturas</strong></span> <span class='ocrx_word' id='word_1_438' title='bbox 1426 3579 1498 3638; x_wconf 83' lang='lat' dir='ltr'><strong>posse</strong></span> 
     </span>
     <span class='ocr_line' id='line_1_41' title="bbox 154 3645 1497 3719; baseline -0.002 -16"><span class='ocrx_word' id='word_1_439' title='bbox 154 3649 242 3703; x_wconf 87' lang='lat' dir='ltr'><strong>auimo</strong></span> <span class='ocrx_word' id='word_1_440' title='bbox 266 3654 314 3702; x_wconf 87' lang='lat' dir='ltr'><strong>tuo</strong></span> <span class='ocrx_word' id='word_1_441' title='bbox 340 3645 511 3716; x_wconf 86' lang='lat' dir='ltr'><strong>satisfacere,</strong></span> <span class='ocrx_word' id='word_1_442' title='bbox 531 3648 629 3717; x_wconf 89' lang='lat' dir='ltr'><strong>quibus</strong></span> <span class='ocrx_word' id='word_1_443' title='bbox 647 3648 734 3716; x_wconf 85' lang='lat' dir='ltr'><strong>major</strong></span> <span class='ocrx_word' id='word_1_444' title='bbox 751 3650 929 3719; x_wconf 86' lang='lat' dir='ltr'><strong>probabilitas</strong></span> <span class='ocrx_word' id='word_1_445' title='bbox 947 3667 1002 3706; x_wconf 93' lang='lat' dir='ltr'><strong>non</strong></span> <span class='ocrx_word' id='word_1_446' title='bbox 1020 3650 1103 3719; x_wconf 89' lang='lat' dir='ltr'><strong>inest,</strong></span> <span class='ocrx_word' id='word_1_447' title='bbox 1127 3664 1207 3719; x_wconf 90' lang='lat' dir='ltr'><strong>quam</strong></span> <span class='ocrx_word' id='word_1_448' title='bbox 1226 3654 1273 3703; x_wconf 92' lang='lat' dir='ltr'><strong>aut</strong></span> <span class='ocrx_word' id='word_1_449' title='bbox 1291 3648 1428 3719; x_wconf 84' lang='lat' dir='ltr'><strong>cujusque</strong></span> <span class='ocrx_word' id='word_1_450' title='bbox 1444 3661 1497 3717; x_wconf 90' lang='lat' dir='ltr'><strong>per·</strong></span> 
     </span>
     <span class='ocr_line' id='line_1_42' title="bbox 153 3727 1499 3800; baseline -0.002 -16"><span class='ocrx_word' id='word_1_451' title='bbox 153 3727 243 3784; x_wconf 88' lang='lat' dir='ltr'><strong>suasio</strong></span> <span class='ocrx_word' id='word_1_452' title='bbox 261 3727 329 3797; x_wconf 75' lang='lat' dir='ltr'><strong>fert,</strong></span> <span class='ocrx_word' id='word_1_453' title='bbox 353 3735 401 3781; x_wconf 87' lang='lat' dir='ltr'><strong>aut</strong></span> <span class='ocrx_word' id='word_1_454' title='bbox 423 3727 513 3797; x_wconf 91' lang='lat' dir='ltr'><strong>opinio</strong></span> <span class='ocrx_word' id='word_1_455' title='bbox 536 3729 569 3783; x_wconf 91' lang='lat' dir='ltr'><strong>iis</strong></span> <span class='ocrx_word' id='word_1_456' title='bbox 594 3728 708 3799; x_wconf 79' lang='lat' dir='ltr'><strong>affingit.</strong></span> <span class='ocrx_word' id='word_1_457' title='bbox 744 3730 827 3786; x_wconf 84' lang='lat' dir='ltr'><strong>Aliud</strong></span> <span class='ocrx_word' id='word_1_458' title='bbox 846 3746 911 3786; x_wconf 88' lang='lat' dir='ltr'><strong>sune</strong></span> <span class='ocrx_word' id='word_1_459' title='bbox 930 3731 1042 3800; x_wconf 79' lang='lat' dir='ltr'><strong>exigunt</strong></span> <span class='ocrx_word' id='word_1_460' title='bbox 1060 3728 1219 3798; x_wconf 90' lang='lat' dir='ltr'><strong>disciplinae</strong></span> <span class='ocrx_word' id='word_1_461' title='bbox 1237 3735 1348 3783; x_wconf 88' lang='lat' dir='ltr'><strong>nostrae</strong></span> <span class='ocrx_word' id='word_1_462' title='bbox 1367 3727 1499 3800; x_wconf 88' lang='lat' dir='ltr'><strong>principia,</strong></span> 
     </span>
     <span class='ocr_line' id='line_1_43' title="bbox 153 3804 1498 3879; baseline -0.004 -15"><span class='ocrx_word' id='word_1_463' title='bbox 153 3826 202 3864; x_wconf 90' lang='lat' dir='ltr'><strong>nec</strong></span> <span class='ocrx_word' id='word_1_464' title='bbox 221 3806 321 3862; x_wconf 88' lang='lat' dir='ltr'><strong>sufficit</strong></span> <span class='ocrx_word' id='word_1_465' title='bbox 339 3805 437 3875; x_wconf 88' lang='lat' dir='ltr'><strong>dicere,</strong></span> <span class='ocrx_word' id='word_1_466' title='bbox 456 3824 538 3877; x_wconf 88' lang='lat' dir='ltr'><strong>posse</strong></span> <span class='ocrx_word' id='word_1_467' title='bbox 556 3807 608 3862; x_wconf 93' lang='lat' dir='ltr'><strong>hoc</strong></span> <span class='ocrx_word' id='word_1_468' title='bbox 626 3815 674 3863; x_wconf 75' lang='lat' dir='ltr'><strong>aaut</strong></span> <span class='ocrx_word' id='word_1_469' title='bbox 692 3806 759 3861; x_wconf 91' lang='lat' dir='ltr'><strong>illud</strong></span> <span class='ocrx_word' id='word_1_470' title='bbox 776 3806 804 3860; x_wconf 92' lang='lat' dir='ltr'><strong>in</strong></span> <span class='ocrx_word' id='word_1_471' title='bbox 818 3823 884 3862; x_wconf 87' lang='lat' dir='ltr'><strong>aura</strong></span> <span class='ocrx_word' id='word_1_472' title='bbox 897 3808 1024 3863; x_wconf 87' lang='lat' dir='ltr'><strong>aetherea</strong></span> <span class='ocrx_word' id='word_1_473' title='bbox 1035 3806 1129 3876; x_wconf 90' lang='lat' dir='ltr'><strong>latere,</strong></span> <span class='ocrx_word' id='word_1_474' title='bbox 1148 3814 1179 3860; x_wconf 91' lang='lat' dir='ltr'><strong>ut</strong></span> <span class='ocrx_word' id='word_1_475' title='bbox 1191 3804 1246 3859; x_wconf 86' lang='lat' dir='ltr'><strong>tale</strong></span> <span class='ocrx_word' id='word_1_476' title='bbox 1259 3806 1377 3863; x_wconf 88' lang='lat' dir='ltr'><strong>auttale</strong></span> <span class='ocrx_word' id='word_1_477' title='bbox 1390 3807 1498 3879; x_wconf 84' lang='lat' dir='ltr'><strong>phaeno</strong></span> 
     </span>
     <span class='ocr_line' id='line_1_44' title="bbox 152 3884 1499 3956; baseline -0.004 -14"><span class='ocrx_word' id='word_1_478' title='bbox 152 3902 260 3942; x_wconf 89' lang='lat' dir='ltr'><strong>menum</strong></span> <span class='ocrx_word' id='word_1_479' title='bbox 278 3892 408 3955; x_wconf 88' lang='lat' dir='ltr'><strong>praestet,</strong></span> <span class='ocrx_word' id='word_1_480' title='bbox 428 3887 477 3942; x_wconf 93' lang='lat' dir='ltr'><strong>sed</strong></span> <span class='ocrx_word' id='word_1_481' title='bbox 495 3888 583 3942; x_wconf 89' lang='lat' dir='ltr'><strong>estid</strong></span> <span class='ocrx_word' id='word_1_482' title='bbox 602 3886 850 3956; x_wconf 87' lang='lat' dir='ltr'><strong>demonstrandum,</strong></span> <span class='ocrx_word' id='word_1_483' title='bbox 868 3901 957 3955; x_wconf 89' lang='lat' dir='ltr'><strong>aeque</strong></span> <span class='ocrx_word' id='word_1_484' title='bbox 975 3884 1171 3940; x_wconf 87' lang='lat' dir='ltr'><strong>admittendum</strong></span> <span class='ocrx_word' id='word_1_485' title='bbox 1187 3884 1288 3954; x_wconf 88' lang='lat' dir='ltr'><strong>aliquid</strong></span> <span class='ocrx_word' id='word_1_486' title='bbox 1301 3886 1329 3941; x_wconf 93' lang='lat' dir='ltr'><strong>in</strong></span> <span class='ocrx_word' id='word_1_487' title='bbox 1341 3886 1428 3944; x_wconf 88' lang='lat' dir='ltr'><strong>rebus</strong></span> <span class='ocrx_word' id='word_1_488' title='bbox 1440 3884 1499 3941; x_wconf 88' lang='lat' dir='ltr'><strong>adeo</strong></span> 
     </span>
     <span class='ocr_line' id='line_1_45' title="bbox 152 3964 726 4035; baseline 0.002 -14"><span class='ocrx_word' id='word_1_489' title='bbox 152 3966 242 4021; x_wconf 91' lang='lat' dir='ltr'><strong>dubiis</strong></span> <span class='ocrx_word' id='word_1_490' title='bbox 259 3964 317 4020; x_wconf 90' lang='lat' dir='ltr'><strong>sinc</strong></span> <span class='ocrx_word' id='word_1_491' title='bbox 335 3965 478 4020; x_wconf 87' lang='lat' dir='ltr'><strong>manifesta</strong></span> <span class='ocrx_word' id='word_1_492' title='bbox 495 3966 726 4035; x_wconf 91' lang='lat' dir='ltr'><strong>comprobatione.</strong></span> 
     </span>
    </p>

    <p class='ocr_par' dir='ltr' id='par_1_7' title="bbox 152 4047 1501 4363">
     <span class='ocr_line' id='line_1_46' title="bbox 257 4047 1501 4123; baseline -0.004 -14"><span class='ocrx_word' id='word_1_493' title='bbox 257 4095 264 4109; x_wconf 92' lang='lat'><strong>.</strong></span> <span class='ocrx_word' id='word_1_494' title='bbox 285 4095 292 4108; x_wconf 87' lang='lat'><strong>.</strong></span> <span class='ocrx_word' id='word_1_495' title='bbox 314 4096 320 4107; x_wconf 93' lang='lat'><strong>.</strong></span> <span class='ocrx_word' id='word_1_496' title='bbox 343 4096 349 4110; x_wconf 89' lang='lat'><strong>.</strong></span> <span class='ocrx_word' id='word_1_497' title='bbox 368 4052 406 4107; x_wconf 89' lang='lat' dir='ltr'><strong>Et</strong></span> <span class='ocrx_word' id='word_1_498' title='bbox 424 4053 463 4107; x_wconf 89' lang='lat' dir='ltr'><strong>sic</strong></span> <span class='ocrx_word' id='word_1_499' title='bbox 481 4053 591 4120; x_wconf 88' lang='lat' dir='ltr'><strong>quidem</strong></span> <span class='ocrx_word' id='word_1_500' title='bbox 611 4054 739 4123; x_wconf 91' lang='lat' dir='ltr'><strong>quicquid</strong></span> <span class='ocrx_word' id='word_1_501' title='bbox 758 4059 806 4108; x_wconf 90' lang='lat' dir='ltr'><strong>aut</strong></span> <span class='ocrx_word' id='word_1_502' title='bbox 823 4053 889 4107; x_wconf 91' lang='lat' dir='ltr'><strong>mihi</strong></span> <span class='ocrx_word' id='word_1_503' title='bbox 907 4059 955 4107; x_wconf 91' lang='lat' dir='ltr'><strong>aut</strong></span> <span class='ocrx_word' id='word_1_504' title='bbox 972 4051 1038 4106; x_wconf 92' lang='lat' dir='ltr'><strong>tubo</strong></span> <span class='ocrx_word' id='word_1_505' title='bbox 1056 4051 1129 4106; x_wconf 92' lang='lat' dir='ltr'><strong>circa</strong></span> <span class='ocrx_word' id='word_1_506' title='bbox 1147 4048 1366 4105; x_wconf 88' lang='lat' dir='ltr'><strong>observationem</strong></span> <span class='ocrx_word' id='word_1_507' title='bbox 1386 4047 1501 4108; x_wconf 76' lang='lat' dir='ltr'><strong>diamehi</strong></span> 
     </span>
     <span class='ocr_line' id='line_1_47' title="bbox 152 4129 1501 4204; baseline -0.004 -16"><span class='ocrx_word' id='word_1_508' title='bbox 152 4132 223 4188; x_wconf 87' lang='lat' dir='ltr'><strong>Solis</strong></span> <span class='ocrx_word' id='word_1_509' title='bbox 245 4132 394 4201; x_wconf 80' lang='lat' dir='ltr'><strong>impegisti,</strong></span> <span class='ocrx_word' id='word_1_510' title='bbox 421 4132 560 4187; x_wconf 89' lang='lat' dir='ltr'><strong>evidenter</strong></span> <span class='ocrx_word' id='word_1_511' title='bbox 582 4133 705 4189; x_wconf 80' lang='lat' dir='ltr'><strong>refutavi.</strong></span> <span class='ocrx_word' id='word_1_512' title='bbox 741 4133 897 4204; x_wconf 86' lang='lat' dir='ltr'><strong>Optandum</strong></span> <span class='ocrx_word' id='word_1_513' title='bbox 920 4132 985 4187; x_wconf 91' lang='lat' dir='ltr'><strong>mihi</strong></span> <span class='ocrx_word' id='word_1_514' title='bbox 1009 4148 1081 4188; x_wconf 88' lang='lat' dir='ltr'><strong>nunc</strong></span> <span class='ocrx_word' id='word_1_515' title='bbox 1103 4137 1203 4200; x_wconf 88' lang='lat' dir='ltr'><strong>restat,</strong></span> <span class='ocrx_word' id='word_1_516' title='bbox 1227 4139 1257 4186; x_wconf 90' lang='lat' dir='ltr'><strong>ut</strong></span> <span class='ocrx_word' id='word_1_517' title='bbox 1277 4136 1323 4201; x_wconf 89' lang='lat' dir='ltr'><strong>tu,</strong></span> <span class='ocrx_word' id='word_1_518' title='bbox 1349 4129 1501 4188; x_wconf 89' lang='lat' dir='ltr'><strong>doctissime</strong></span> 
     </span>
     <span class='ocr_line' id='line_1_48' title="bbox 152 4206 1501 4281; baseline -0.002 -14"><span class='ocrx_word' id='word_1_519' title='bbox 152 4211 283 4281; x_wconf 86' lang='lat' dir='ltr'><strong>chlere,</strong></span> <span class='ocrx_word' id='word_1_520' title='bbox 302 4209 348 4264; x_wconf 92' lang='lat' dir='ltr'><strong>ubi</strong></span> <span class='ocrx_word' id='word_1_521' title='bbox 367 4210 533 4280; x_wconf 78' lang='lat' dir='ltr'><strong>hypotheses</strong></span> <span class='ocrx_word' id='word_1_522' title='bbox 551 4219 613 4267; x_wconf 84' lang='lat' dir='ltr'><strong>tuse</strong></span> <span class='ocrx_word' id='word_1_523' title='bbox 631 4210 758 4266; x_wconf 89' lang='lat' dir='ltr'><strong>vacillare</strong></span> <span class='ocrx_word' id='word_1_524' title='bbox 776 4212 883 4280; x_wconf 90' lang='lat' dir='ltr'><strong>sibique</strong></span> <span class='ocrx_word' id='word_1_525' title='bbox 901 4210 1086 4267; x_wconf 75' lang='lat' dir='ltr'><strong>conmodicere</strong></span> <span class='ocrx_word' id='word_1_526' title='bbox 1104 4209 1217 4278; x_wconf 88' lang='lat' dir='ltr'><strong>videris,</strong></span> <span class='ocrx_word' id='word_1_527' title='bbox 1236 4207 1364 4265; x_wconf 89' lang='lat' dir='ltr'><strong>meliores</strong></span> <span class='ocrx_word' id='word_1_528' title='bbox 1382 4206 1501 4281; x_wconf 85' lang='lat' dir='ltr'><strong>amplecti</strong></span> 
     </span>
     <span class='ocr_line' id='line_1_49' title="bbox 152 4287 1501 4363; baseline -0.004 -15"><span class='ocrx_word' id='word_1_529' title='bbox 152 4293 315 4363; x_wconf 88' lang='lat' dir='ltr'><strong>propriaque</strong></span> <span class='ocrx_word' id='word_1_530' title='bbox 333 4290 444 4344; x_wconf 89' lang='lat' dir='ltr'><strong>inventa</strong></span> <span class='ocrx_word' id='word_1_531' title='bbox 462 4290 606 4346; x_wconf 90' lang='lat' dir='ltr'><strong>emendare</strong></span> <span class='ocrx_word' id='word_1_532' title='bbox 624 4291 726 4346; x_wconf 88' lang='lat' dir='ltr'><strong>diutius</strong></span> <span class='ocrx_word' id='word_1_533' title='bbox 744 4307 779 4347; x_wconf 92' lang='lat' dir='ltr'><strong>ue</strong></span> <span class='ocrx_word' id='word_1_534' title='bbox 798 4291 907 4348; x_wconf 85' lang='lat' dir='ltr'><strong>differas</strong></span> <span class='ocrx_word' id='word_1_535' title='bbox 909 4332 1001 4348; x_wconf 85' lang='grc'><strong>.....</strong></span> <span class='ocrx_word' id='word_1_536' title='bbox 1039 4288 1115 4360; x_wconf 85' lang='lat' dir='ltr'><strong>Vale,</strong></span> <span class='ocrx_word' id='word_1_537' title='bbox 1135 4291 1171 4344; x_wconf 93' lang='lat' dir='ltr'><strong>mi</strong></span> <span class='ocrx_word' id='word_1_538' title='bbox 1190 4290 1317 4359; x_wconf 89' lang='lat' dir='ltr'><strong>chlerc,</strong></span> <span class='ocrx_word' id='word_1_539' title='bbox 1336 4294 1366 4344; x_wconf 89' lang='lat' dir='ltr'><strong>et</strong></span> <span class='ocrx_word' id='word_1_540' title='bbox 1384 4287 1501 4360; x_wconf 89' lang='lat' dir='ltr'><strong>scriptio·</strong></span> 
     </span>
    </p>
   </div>
   <div class='ocr_carea' id='block_1_5' title="bbox 151 4371 1501 4521">
    <p class='ocr_par' dir='ltr' id='par_1_8' title="bbox 151 4371 1501 4521">
     <span class='ocr_line' id='line_1_50' title="bbox 151 4371 674 4440; baseline 0.002 -12"><span class='ocrx_word' id='word_1_541' title='bbox 151 4388 213 4429; x_wconf 91' lang='lat' dir='ltr'><strong>nem</strong></span> <span class='ocrx_word' id='word_1_542' title='bbox 231 4373 301 4427; x_wconf 89' lang='lat' dir='ltr'><strong>hanc</strong></span> <span class='ocrx_word' id='word_1_543' title='bbox 319 4371 535 4440; x_wconf 88' lang='lat' dir='ltr'><strong>aequibonique</strong></span> <span class='ocrx_word' id='word_1_544' title='bbox 553 4371 674 4429; x_wconf 81' lang='lat' dir='ltr'><strong>consule.</strong></span> 
     </span>
     <span class='ocr_line' id='line_1_51' title="bbox 254 4446 1501 4521; baseline -0.004 -15"><span class='ocrx_word' id='word_1_545' title='bbox 254 4451 333 4506; x_wconf 90' lang='lat' dir='ltr'><strong>Hauc</strong></span> <span class='ocrx_word' id='word_1_546' title='bbox 350 4449 421 4504; x_wconf 87' lang='lat' dir='ltr'><strong>forte</strong></span> <span class='ocrx_word' id='word_1_547' title='bbox 442 4450 675 4520; x_wconf 78' lang='lat' dir='ltr'><strong>›responsionem‹</strong></span> <span class='ocrx_word' id='word_1_548' title='bbox 690 4451 837 4519; x_wconf 86' lang='lat' dir='ltr'><strong>Hortensii,</strong></span> <span class='ocrx_word' id='word_1_549' title='bbox 858 4457 932 4507; x_wconf 89' lang='lat' dir='ltr'><strong>certe</strong></span> <span class='ocrx_word' id='word_1_550' title='bbox 946 4450 1171 4521; x_wconf 79' lang='lat' dir='ltr'><strong>»praefationem«</strong></span> <span class='ocrx_word' id='word_1_551' title='bbox 1186 4447 1221 4503; x_wconf 92' lang='lat' dir='ltr'><strong>ad</strong></span> <span class='ocrx_word' id='word_1_552' title='bbox 1231 4446 1400 4516; x_wconf 79' lang='lat' dir='ltr'><strong>Lansbergli</strong></span> <span class='ocrx_word' id='word_1_553' title='bbox 1410 4447 1501 4502; x_wconf 82' lang='lat' dir='ltr'><strong>librum</strong></span> 
     </span>
    </p>
   </div>
   <div class='ocr_carea' id='block_1_6' title="bbox 149 4525 1501 4837">
    <p class='ocr_par' dir='ltr' id='par_1_9' title="bbox 149 4525 1501 4837">
     <span class='ocr_line' id='line_1_52' title="bbox 151 4525 1500 4602; baseline -0.007 -15"><span class='ocrx_word' id='word_1_554' title='bbox 151 4538 278 4602; x_wconf 89' lang='lat' dir='ltr'><strong>spectans</strong></span> <span class='ocrx_word' id='word_1_555' title='bbox 295 4529 415 4584; x_wconf 91' lang='lat' dir='ltr'><strong>Petrus</strong></span> <span class='ocrx_word' id='word_1_556' title='bbox 434 4528 645 4594; x_wconf 72' lang='lat' dir='ltr'><strong>(rassenden,</strong></span> <span class='ocrx_word' id='word_1_557' title='bbox 662 4530 768 4586; x_wconf 90' lang='lat' dir='ltr'><strong>celeber</strong></span> <span class='ocrx_word' id='word_1_558' title='bbox 780 4530 825 4585; x_wconf 92' lang='lat' dir='ltr'><strong>ille</strong></span> <span class='ocrx_word' id='word_1_559' title='bbox 839 4530 967 4585; x_wconf 87' lang='lat' dir='ltr'><strong>Dinensis</strong></span> <span class='ocrx_word' id='word_1_560' title='bbox 984 4528 1115 4584; x_wconf 88' lang='lat' dir='ltr'><strong>ecclesiae</strong></span> <span class='ocrx_word' id='word_1_561' title='bbox 1132 4525 1304 4596; x_wconf 89' lang='lat' dir='ltr'><strong>praepositus</strong></span> <span class='ocrx_word' id='word_1_562' title='bbox 1323 4526 1390 4594; x_wconf 87' lang='lat' dir='ltr'><strong>(nat.</strong></span> <span class='ocrx_word' id='word_1_563' title='bbox 1403 4544 1426 4581; x_wconf 79' lang='lat' dir='ltr'><strong>a</strong></span> <span class='ocrx_word' id='word_1_564' title='bbox 1441 4529 1500 4580; x_wconf 76' lang='lat'><strong>1692</strong></span> 
     </span>
     <span class='ocr_line' id='line_1_53' title="bbox 149 4601 1501 4679; baseline -0.001 -16"><span class='ocrx_word' id='word_1_565' title='bbox 149 4615 177 4663; x_wconf 90' lang='lat' dir='ltr'><strong>in</strong></span> <span class='ocrx_word' id='word_1_566' title='bbox 195 4613 334 4675; x_wconf 83' lang='lat' dir='ltr'><strong>Provincia,</strong></span> <span class='ocrx_word' id='word_1_567' title='bbox 353 4612 570 4677; x_wconf 80' lang='lat' dir='ltr'><strong>mort.a.1oeo),</strong></span> <span class='ocrx_word' id='word_1_568' title='bbox 590 4626 650 4665; x_wconf 93' lang='lat' dir='ltr'><strong>cum</strong></span> <span class='ocrx_word' id='word_1_569' title='bbox 670 4627 723 4677; x_wconf 94' lang='lat' dir='ltr'><strong>quo</strong></span> <span class='ocrx_word' id='word_1_570' title='bbox 737 4610 898 4665; x_wconf 89' lang='lat' dir='ltr'><strong>Hortensius</strong></span> <span class='ocrx_word' id='word_1_571' title='bbox 916 4608 1019 4679; x_wconf 88' lang='lat' dir='ltr'><strong>pluries</strong></span> <span class='ocrx_word' id='word_1_572' title='bbox 1036 4607 1071 4662; x_wconf 89' lang='lat' dir='ltr'><strong>ab</strong></span> <span class='ocrx_word' id='word_1_573' title='bbox 1089 4622 1160 4660; x_wconf 91' lang='lat' dir='ltr'><strong>anuo</strong></span> <span class='ocrx_word' id='word_1_574' title='bbox 1180 4604 1246 4661; x_wconf 82' lang='grc'>1633</span> <span class='ocrx_word' id='word_1_575' title='bbox 1264 4618 1316 4673; x_wconf 89' lang='lat' dir='ltr'><strong>per</strong></span> <span class='ocrx_word' id='word_1_576' title='bbox 1331 4604 1427 4662; x_wconf 87' lang='lat' dir='ltr'><strong>literas</strong></span> <span class='ocrx_word' id='word_1_577' title='bbox 1444 4601 1501 4670; x_wconf 68' lang='lat' dir='ltr'><strong>egil,</strong></span> 
     </span>
     <span class='ocr_line' id='line_1_54' title="bbox 151 4681 1501 4759; baseline -0.007 -16"><span class='ocrx_word' id='word_1_578' title='bbox 151 4689 189 4744; x_wconf 92' lang='lat' dir='ltr'><strong>sic</strong></span> <span class='ocrx_word' id='word_1_579' title='bbox 208 4688 303 4743; x_wconf 88' lang='lat' dir='ltr'><strong>scribit</strong></span> <span class='ocrx_word' id='word_1_580' title='bbox 320 4687 355 4742; x_wconf 92' lang='lat' dir='ltr'><strong>ad</strong></span> <span class='ocrx_word' id='word_1_581' title='bbox 373 4688 549 4743; x_wconf 89' lang='lat' dir='ltr'><strong>Hortensium</strong></span> <span class='ocrx_word' id='word_1_582' title='bbox 567 4688 654 4757; x_wconf 66' lang='lat' dir='ltr'><strong>(febr.</strong></span> <span class='ocrx_word' id='word_1_583' title='bbox 675 4689 772 4758; x_wconf 83' lang='lat'><strong>1634):</strong></span> <span class='ocrx_word' id='word_1_584' title='bbox 799 4689 901 4759; x_wconf 83' lang='lat' dir='ltr'><strong>Accepi</strong></span> <span class='ocrx_word' id='word_1_585' title='bbox 917 4691 974 4757; x_wconf 90' lang='lat' dir='ltr'><strong>jam</strong></span> <span class='ocrx_word' id='word_1_586' title='bbox 991 4688 1020 4744; x_wconf 91' lang='lat' dir='ltr'><strong>in</strong></span> <span class='ocrx_word' id='word_1_587' title='bbox 1036 4687 1133 4742; x_wconf 90' lang='lat' dir='ltr'><strong>itincre</strong></span> <span class='ocrx_word' id='word_1_588' title='bbox 1151 4700 1211 4741; x_wconf 91' lang='lat' dir='ltr'><strong>csse</strong></span> <span class='ocrx_word' id='word_1_589' title='bbox 1228 4683 1387 4753; x_wconf 82' lang='lat' dir='ltr'><strong>exemplum</strong></span> <span class='ocrx_word' id='word_1_590' title='bbox 1404 4681 1501 4753; x_wconf 80' lang='lat' dir='ltr'><strong>sporo·</strong></span> 
     </span>
     <span class='ocr_line' id='line_1_55' title="bbox 150 4760 1498 4837; baseline -0.006 -17"><span class='ocrx_word' id='word_1_591' title='bbox 150 4767 209 4834; x_wconf 73' lang='lat' dir='ltr'><strong>piae</strong></span> <span class='ocrx_word' id='word_1_592' title='bbox 227 4767 447 4836; x_wconf 77' lang='lat' dir='ltr'><strong>Lansbergianse</strong></span> <span class='ocrx_word' id='word_1_593' title='bbox 470 4768 546 4837; x_wconf 87' lang='lat' dir='ltr'><strong>(dicit</strong></span> <span class='ocrx_word' id='word_1_594' title='bbox 569 4772 660 4820; x_wconf 88' lang='lat' dir='ltr'><strong>libram</strong></span> <span class='ocrx_word' id='word_1_595' title='bbox 683 4769 730 4819; x_wconf 88' lang='lat' dir='ltr'><strong>filli</strong></span> <span class='ocrx_word' id='word_1_596' title='bbox 752 4770 819 4822; x_wconf 89' lang='lat' dir='ltr'><strong>Phil.</strong></span> <span class='ocrx_word' id='word_1_597' title='bbox 842 4772 1003 4831; x_wconf 76' lang='lat' dir='ltr'><strong>Lansbergii,</strong></span> <span class='ocrx_word' id='word_1_598' title='bbox 1030 4770 1132 4827; x_wconf 88' lang='lat' dir='ltr'><strong>Jacobi,</strong></span> <span class='ocrx_word' id='word_1_599' title='bbox 1156 4769 1195 4818; x_wconf 86' lang='lat' dir='ltr'><strong>ed.</strong></span> <span class='ocrx_word' id='word_1_600' title='bbox 1214 4765 1351 4815; x_wconf 82' lang='lat' dir='ltr'><strong>Zelandlae</strong></span> <span class='ocrx_word' id='word_1_601' title='bbox 1369 4776 1397 4819; x_wconf 75' lang='lat' dir='ltr'><strong>s.</strong></span> <span class='ocrx_word' id='word_1_602' title='bbox 1416 4760 1498 4826; x_wconf 78' lang='lat' dir='ltr'><strong>less).</strong></span> 
     </span>
    </p>
   </div>
   <div class='ocr_carea' id='block_1_7' title="bbox 150 4834 1499 4918">
    <p class='ocr_par' dir='ltr' id='par_1_10' title="bbox 150 4834 1499 4918">
     <span class='ocr_line' id='line_1_56' title="bbox 150 4834 1499 4918; baseline -0.005 -18"><span class='ocrx_word' id='word_1_603' title='bbox 150 4846 283 4915; x_wconf 88' lang='lat' dir='ltr'><strong>Perquam</strong></span> <span class='ocrx_word' id='word_1_604' title='bbox 301 4845 426 4904; x_wconf 85' lang='lat' dir='ltr'><strong>lubenter</strong></span> <span class='ocrx_word' id='word_1_605' title='bbox 443 4846 532 4917; x_wconf 78' lang='lat' dir='ltr'><strong>legam</strong></span> <span class='ocrx_word' id='word_1_606' title='bbox 549 4845 632 4917; x_wconf 91' lang='lat' dir='ltr'><strong>illam,</strong></span> <span class='ocrx_word' id='word_1_607' title='bbox 653 4846 706 4903; x_wconf 90' lang='lat' dir='ltr'><strong>etsi</strong></span> <span class='ocrx_word' id='word_1_608' title='bbox 723 4846 824 4904; x_wconf 90' lang='lat' dir='ltr'><strong>amicos</strong></span> <span class='ocrx_word' id='word_1_609' title='bbox 842 4847 973 4918; x_wconf 84' lang='lat' dir='ltr'><strong>impetat3</strong></span> <span class='ocrx_word' id='word_1_610' title='bbox 992 4845 1094 4918; x_wconf 87' lang='lat' dir='ltr'><strong>quippe</strong></span> <span class='ocrx_word' id='word_1_611' title='bbox 1110 4843 1183 4901; x_wconf 87' lang='lat' dir='ltr'><strong>viros</strong></span> <span class='ocrx_word' id='word_1_612' title='bbox 1201 4842 1241 4900; x_wconf 87' lang='lat' dir='ltr'><strong>its</strong></span> <span class='ocrx_word' id='word_1_613' title='bbox 1252 4841 1412 4914; x_wconf 84' lang='lat' dir='ltr'><strong>amplector,</strong></span> <span class='ocrx_word' id='word_1_614' title='bbox 1430 4834 1499 4898; x_wconf 86' lang='lat' dir='ltr'><strong>atad</strong></span> 
     </span>
    </p>
   </div>
   <div class='ocr_carea' id='block_1_8' title="bbox 0 0 1646 5520">
    <p class='ocr_par' dir='ltr' id='par_1_11' title="bbox 0 0 1646 5520">
     <span class='ocr_line' id='line_1_57' title="bbox 0 0 1646 5520; baseline 0 2"><span class='ocrx_word' id='word_1_615' title='bbox 0 0 1646 5520; x_wconf 95' lang='lat' dir='ltr'><strong> </strong></span> 
     </span>
    </p>
   </div>
  </div>
 </body>
</html>
