3284 5520
525 343 570 401 Ad
586 344 686 402 librum
704 346 741 403 ll.
761 345 977 419 Anti-Tycbonls
995 363 1056 419 sap.
1076 349 1119 405 11.
1440 350 1502 415 185

139 530 170 583 st
192 522 388 585 ostentionem
418 527 449 585 in
476 541 513 585 eo
535 525 676 601 majorem
699 524 834 587 desidero
857 526 896 586 ad
919 545 955 588 ea
976 544 1055 605 quae
1078 525 1166 602 dicit,
1204 544 1263 604 qua
1286 527 1406 589 dimissa
1430 527 1502 604 quid

139 610 269 671 emessa
290 628 349 672 non
372 611 455 675 vidit.

245 697 377 758 Primum
400 700 503 778 Tycho
532 717 568 760 sx
597 703 800 779 apparentium
833 701 963 762 locorum
995 701 1134 762 ordinatis
1163 702 1325 762 intervallis
1352 703 1391 762 ad
1414 703 1502 764 boras

138 785 253 845 diorum
267 786 387 848 easdem
402 786 555 861 intellexit,
579 790 668 848 etiarn
685 805 818 849 verorum
832 790 965 850 locorum
983 789 1139 849 intervalla
1154 788 1308 849 ordinatim
1325 790 1500 865 decrescere,

139 889 398 952 quorsumcunque
424 892 491 935 vera
506 875 557 933 illa
579 875 646 934 loca
660 875 841 936 recidissent.
879 876 1114 954 Quantacnnque
1136 879 1212 936 enim
1236 876 1378 954 parallaxi
1393 881 1501 955 posita,

138 977 260 1021 neeesse
276 969 331 1037 est,
355 962 547 1023 differentiam
563 960 694 1022 locorum
709 966 771 1022 veri
787 971 816 1024 et
831 967 889 1024 visi
912 967 940 1023 in
957 966 1063 1024 sitibus
1077 964 1273 1041 phaenomeni
1289 967 1499 1039 consimilibus,

138 1047 194 1107 lroc
215 1049 324 1109 estad
347 1051 465 1110 easdem
488 1052 686 1127 proximorum
710 1051 821 1110 dierum
838 1053 934 1127 boras,
958 1069 1021 1111 esse
1037 1069 1151 1128 semper
1176 1051 1297 1112 eandem
1321 1052 1358 1112 ad
1382 1070 1498 1113 omnem

138 1152 243 1196 seusus
259 1136 463 1198 subtilitatem.
500 1137 603 1214 Neque
619 1137 676 1197 boc
698 1137 816 1198 demum
838 1157 919 1200 ame
942 1141 970 1196 in
987 1139 1151 1199 subsidium
1166 1139 1316 1217 Tychonis
1338 1141 1500 1217 protertur3

139 1222 297 1298 diligenter
325 1224 381 1284 bac
412 1224 448 1285 de
477 1243 507 1284 rs
536 1227 650 1285 nrouuit
679 1227 741 1301 ipse
772 1235 851 1286 torno
874 1225 1071 1305 Epistularum
1094 1226 1144 1288 sol.
1169 1229 1241 1286 301.
1287 1228 1402 1288 Deinde
1425 1229 1503 1289 sicut

139 1309 177 1369 ad
197 1310 290 1370 boras
305 1310 485 1373 diversorum
510 1311 621 1372 dierum
636 1313 765 1387 easdem,
789 1316 832 1374 sic
848 1317 937 1374 etiam
960 1314 999 1372 ad
1021 1314 1109 1374 horas
1132 1314 1262 1392 ejusdcm
1286 1315 1342 1374 diei
1368 1316 1500 1375 diversas

140 1397 203 1457 loca
219 1405 354 1459 cometae
375 1417 434 1460 non
450 1401 519 1474 alia,
543 1419 631 1476 quarn
646 1418 760 1460 rursum
783 1404 956 1478 apparentia
979 1405 1040 1460 suis
1055 1400 1220 1479 exploravit
1244 1401 1501 1463 obsecrationibus

141 1484 403 1564 deprehenditque,
426 1488 500 1547 haec
523 1505 641 1566 quoque
663 1488 746 1564 loca,
771 1489 905 1549 diumnm
929 1506 1019 1548 unum
1042 1488 1253 1566 dispesceutia,
1277 1489 1402 1550 eundem
1427 1494 1500 1551 tueri

140 1572 271 1632 ordinem
295 1576 324 1632 in
347 1574 509 1635 intervallis
532 1592 597 1635 cum
621 1575 732 1635 diurnis
754 1579 824 1635 totis
848 1579 1105 1654 quamproxime,
1130 1575 1320 1635 sicutnibil
1344 1577 1422 1636 ultra
1444 1579 1500 1637 tria

140 1659 275 1736 suspula
298 1660 541 1723 desideraretur
533 1682 562 1722 rn
585 1664 703 1724 horario
726 1667 879 1741 apparenti
903 1665 941 1725 ab
963 1680 1008 1737 eo,
1031 1681 1119 1742 quem
1142 1663 1279 1724 horarum
1301 1681 1439 1767 numerus
1462 1665 1499 1724 de

141 1764 209 1807 vera
233 1747 330 1806 diurni
353 1753 518 1826 quantitate
541 1751 702 1827 largiretur

246 1835 275 1894 8.
306 1835 365 1898 Hic
382 1840 408 1897 si
431 1846 484 1912 est,
508 1837 588 1914 quod
604 1838 704 1916 Scipio
727 1835 948 1912 interloquitur,
972 1841 997 1896 si
1013 1839 1148 1896 nimirum
1171 1839 1233 1897 veri
1249 1832 1382 1898 cornetae
1406 1838 1500 1897 diurni

142 1922 190 1979 toti
222 1922 344 1998 quidem
374 1932 469 1985 metas
497 1925 692 2002 aequabiliter
722 1920 897 2002 dispositas,
935 1943 1010 1983 unus
1043 1942 1111 1985 vero
1143 1942 1229 1985 verus
1258 1933 1358 2002 partes
1389 1928 1501 1986 enormi

142 2010 351 2085 inaequalitate
379 2011 535 2073 celeritatis
557 2012 648 2073 habet
670 2012 857 2089 dispunctas,
891 2016 1024 2089 sequitur
1046 2015 1134 2088 igitur
1156 2030 1191 2072 ex
1215 2011 1376 2073 adversarii
1405 2013 1500 2086 dictis,

144 2101 173 2154 ut
193 2098 391 2173 aequabilitas
413 2099 542 2159 locorum
566 2103 769 2176 apparentium
792 2116 844 2175 per
866 2100 954 2159 horas
977 2099 1034 2158 diei
1058 2098 1228 2160 conficiatur
1254 2107 1283 2160 et
1305 2100 1450 2177 effigiatur
1473 2109 1503 2160 et

144 2193 375 2259 repraesentetur
403 2204 455 2263 per
485 2204 632 2248 enormem
661 2187 903 2265 inaequalitatem
932 2187 1060 2247 locorum
1089 2204 1233 2247 verorum.
1280 2188 1352 2247 Esto
1380 2187 1502 2246 diurnus

146 2287 285 2347 apparens
315 2291 368 2334 seu
401 2274 527 2334 visibilis
557 2275 670 2335 divisus
698 2274 735 2334 ad
764 2276 1003 2335 observationum
1026 2276 1223 2333 testimonia
1216 2293 1244 2332 rn
1268 2282 1366 2350 partes
1389 2292 1503 2351 aequa-

147 2356 196 2429 les,
226 2358 309 2418 boris
342 2360 517 2439 aequalibus
551 2345 778 2438 responden'tes3
816 2362 855 2420 sit
892 2370 990 2421 autem
1029 2378 1169 2421 concessa
1205 2361 1364 2437 parallaxis
1402 2361 1502 2438 aliqua

147 2446 278 2521 insignis,
309 2464 369 2551 qua
398 2449 554 2521 efficiatur,
583 2456 615 2508 ut
644 2449 724 2508 horis
748 2448 922 2525 aequalibus
945 2448 1120 2523 respondete
1144 2448 1272 2508 debeant
1294 2466 1345 2551 pro
1370 2449 1501 2526 partibus

148 2539 236 2594 notus
260 2537 322 2595 veri
346 2536 520 2612 aequalibus
542 2543 641 2615 partes
668 2543 765 2596 motus
788 2539 956 2612 apparentis
980 2535 1166 2612 inaequales,
1195 2553 1304 2615 parvae
1329 2537 1357 2594 in
1382 2543 1446 2596 ortu
1474 2543 1504 2594 et

149 2636 261 2695 omn,
297 2640 422 2700 magnae
451 2627 481 2682 in
510 2623 607 2684 medio
637 2623 723 2685 coeli.
775 2623 1006 2702 Respondebunt
1029 2626 1123 2700 igitur
1154 2624 1218 2683 vics
1253 2640 1338 2683 versa
1371 2623 1503 2701 partibus

150 2709 194 2765 visi
216 2715 318 2769 motus
340 2710 514 2787 aequalibus
536 2718 635 2788 partes
657 2713 720 2771 veri
743 2719 840 2771 motus
863 2712 1044 2787 inaequales,
1067 2727 1191 2787 magnae
1216 2713 1244 2767 in
1261 2720 1325 2770 ortu
1342 2719 1371 2770 et
1387 2728 1503 2784 occasu,

148 2810 249 2869 parvae
271 2798 301 2855 in
325 2797 422 2859 modio
445 2798 529 2859 coeli.
567 2799 615 2858 Ita
628 2798 877 2875 inaequalitatem,
901 2816 989 2873 quam
1012 2800 1110 2874 posita
1132 2798 1293 2874 parallaxis
1318 2801 1393 2858 veris
1412 2801 1504 2878 parti-

149 2882 194 2941 bus
216 2882 340 2959 inducit,
364 2888 510 2946 contraria
534 2903 667 2946 verorum
691 2886 886 2963 inaequalitas
906 2886 998 2959 tollet,
1023 2892 1055 2944 ut
1077 2886 1218 2945 confletur
1240 2889 1368 2944 visorum
1391 2904 1505 2961 aequa-

149 2967 223 3044 litas,
247 2980 454 3050 repeteturque
476 2973 550 3035 baec
574 2976 731 3034 enormitas
753 2982 850 3032 motus
873 2975 935 3034 veri
955 2973 1098 3050 quotidie,
1122 2973 1202 3049 qnod
1224 2974 1355 3032 miraculi
1379 2975 1434 3033 erit
1456 2975 1504 3031 iu*

149 3064 212 3130 star,
245 3058 350 3121 eodem
378 3068 494 3134 tenore,
527 3067 559 3121 ut
582 3065 701 3122 omnino
724 3063 875 3121 scientiam
900 3068 1028 3121 cometes
1051 3061 1159 3121 habere
1183 3060 1290 3121 debeat
1313 3062 1392 3138 ejus,
1424 3060 1504 3137 quod

149 3143 253 3205 lactura
285 3154 332 3207 est
362 3148 536 3223 parallaxis,
568 3154 601 3208 ut
631 3148 661 3208 id
687 3150 749 3209 suis
776 3149 989 3208 intensionibus
1019 3155 1048 3208 et
1076 3149 1296 3207 remissionibus
1326 3155 1503 3225 compenset.

149 3230 216 3306 Quin
247 3236 321 3308 imo,
350 3253 388 3297 ue
416 3253 474 3296 non
504 3237 639 3296 omnibns
663 3236 767 3296 diebus
790 3234 915 3296 eundem
938 3242 1067 3313 praestet
1090 3235 1225 3296 effectum
1250 3235 1324 3295 baec
1348 3237 1504 3296 enormitas

149 3321 209 3394 reri,
233 3328 351 3399 oportet
372 3330 405 3382 ut
427 3323 585 3400 parallaxis
610 3327 763 3402 cumipse
788 3322 891 3383 diurno
915 3325 1075 3396 minuatur,
1100 3325 1337 3383 constantissimo
1360 3341 1504 3383 consensu

148 3410 346 3484 proportionis.

248 3496 285 3555 Et
315 3504 412 3557 tamen
445 3496 490 3556 bis
521 3500 618 3558 verbis
647 3498 782 3559 omnibus
805 3499 953 3557 concessis
976 3499 1006 3555 in
1028 3514 1168 3574 magnum
1192 3496 1346 3557 discrimen
1369 3514 1415 3557 res
1440 3504 1503 3557 tota

149 3582 303 3658 conjicitur,
327 3585 352 3643 si
366 3585 441 3645 forts
463 3587 566 3644 sintin
590 3588 721 3663 utrisque
737 3585 828 3644 indiis
852 3585 1055 3644 observatores
1071 3584 1131 3658 alii,
1155 3587 1205 3661 qui
1223 3584 1327 3645 eodeni
1350 3586 1504 3644 nobiscum

147 3678 288 3731 nomento
305 3679 450 3732 cornetum
466 3674 632 3747 observent,
657 3676 708 3750 qui
728 3673 814 3733 nobis
830 3672 980 3746 culminat,
1004 3674 1059 3748 ipsi
1073 3673 1122 3732 hic
1136 3675 1285 3743 orientem,
1310 3674 1349 3733 ibi
1366 3672 1504 3733 occiden-

146 3762 211 3830 tem,
245 3757 524 3837 deprehendantque
555 3768 583 3820 et
613 3763 669 3838 ipsi
698 3769 796 3838 partes
825 3761 910 3818 unius
942 3760 1035 3818 diurni
1065 3760 1199 3820 visibiles
1230 3761 1310 3819 horis
1338 3760 1504 3837 interlapsis

145 3846 390 3922 proportionales:
424 3865 483 3925 qno
515 3846 696 3925 deprehenso
728 3847 870 3923 colligunt
898 3848 954 3923 ipsi
986 3865 1051 3906 cum
1084 3847 1222 3924 Scipione
1252 3855 1366 3921 nostro,
1401 3866 1504 3908 verum

144 3940 273 3993 cornetae
301 3942 414 3993 motum
444 3938 600 3995 enormiter
630 3937 742 3996 incitari
766 3935 869 3995 eodem
893 3942 1057 4007 momento,
1092 3952 1150 4010 quo
1167 3953 1228 3994 -nos
1252 3935 1378 3995 eundern
1402 3952 1504 3994 verum

143 4028 306 4080 statuamus
329 4025 485 4082 enormiter
498 4022 696 4098 languescere.
734 4022 826 4082 Vides
843 4022 1032 4096 claramonti
1057 4023 1164 4098 quibus
1184 4031 1213 4082 te
1236 4025 1362 4098 negotiis
1386 4024 1504 4082 intrices

143 4124 205 4167 urm
236 4110 294 4168 ista
323 4111 486 4172 temeritate
521 4110 684 4187 excipiendi
712 4119 813 4169 contra
845 4109 1108 4169 demonstrationes
1141 4110 1373 4170 astronomicas?
1416 4126 1504 4186 quam

142 4197 220 4255 irrita
246 4203 341 4256 tentes
364 4197 496 4274 effugia?
520 4208 660 4274 quantum
686 4215 794 4275 operae
819 4197 966 4257 redimunt
987 4200 1158 4270 astronomi,
1185 4197 1253 4259 dum
1275 4204 1407 4257 statuunt
1424 4197 1505 4257 diur-

142 4300 209 4342 num
233 4292 423 4361 apparentem
446 4302 510 4346 esse
532 4287 709 4362 ipsissimum
733 4302 834 4346 verum
858 4285 992 4344 dinmum
1016 4292 1105 4361 atque
1120 4285 1343 4362 phaenomenon
1359 4285 1505 4362 parallaxi

142 4372 263 4431 carere?

247 4461 275 4519 9.
305 4457 367 4517 Nec
395 4458 443 4518 vel
473 4458 564 4518 hilum
597 4459 728 4536 proficis,
762 4458 829 4518 dum
860 4463 958 4536 pergis
989 4458 1177 4537 excipiendo,
1210 4476 1374 4519 mensuram
1407 4467 1504 4519 motus

143 4547 275 4608 cometici
291 4548 381 4604 statui
399 4546 538 4606 circulum
554 4548 768 4623 imaginarium,
792 4564 888 4624 neque
904 4546 940 4607 de
956 4547 1050 4626 figura
1070 4555 1168 4607 motus
1184 4549 1349 4625 quiequam
1360 4553 1503 4607 constare.

144 4634 209 4710 Qua
238 4635 316 4693 enirn
343 4632 437 4710 ligura
465 4636 504 4693 sit
533 4643 665 4695 cometae
695 4643 793 4694 motus
824 4631 873 4718 (ut
898 4635 960 4711 jam
990 4652 1098 4713 ponam
1130 4634 1177 4695 vel
1199 4637 1338 4694 minorem
1363 4634 1503 4695 circulum

144 4721 188 4781 vel
210 4727 375 4780 tortuosam
398 4720 505 4781 lineam
529 4739 615 4796 esse,
634 4721 712 4800 quod
736 4730 833 4783 tamen
857 4723 910 4781 tibi
932 4740 1021 4800 snpra
1046 4732 1091 4783 est
1114 4722 1268 4801 ereptum),
1292 4722 1320 4781 id
1344 4721 1383 4781 ad
1406 4721 1501 4781 diurni

144 4807 355 4888 longitudinem
370 4807 418 4869 vel
441 4807 479 4869 ad
497 4810 655 4888 parallaxis
677 4827 842 4871 mensuram
865 4826 924 4872 uon
946 4813 1081 4889 pertinet,
1105 4811 1163 4870 nisi
1184 4810 1264 4888 quod
1286 4809 1380 4889 figura
1402 4808 1502 4872 ebouli
