3284 5520
648 338 862 394 Commentarius
882 338 1000 408 Keplsri.
1433 341 1497 455 7ξο

248 517 283 591 5)
306 515 433 575 Berosus
462 514 498 576 da
521 515 705 576 Metastheuc
734 523 872 589 testatur,
903 516 983 593 quod
1013 523 1175 594 temporum
1207 519 1313 578 scriem
1340 518 1430 579 talem
1460 518 1498 585 ab

139 602 247 661 ultima
269 620 369 678 regum
393 596 532 663 membris
554 603 722 680 prodiderit,
745 621 821 682 0000
844 622 947 680 parum
970 604 1008 664 ab
1031 602 1177 664 Hebraeis
1200 604 1355 683 discrepat.

148 726 151 730 ι
248 692 282 765 6)
304 691 442 754 Notabile
467 709 544 763 vero,
568 691 648 767 quod
671 690 798 750 Berosus
819 691 905 772 (teste
922 692 1065 769 Josepho,
1090 708 1159 750 nam
1173 692 1301 751 Berosus
1324 696 1387 771 ipss
1406 696 1498 754 inter·

140 775 212 835 cidit
234 777 341 853 injuria
363 778 537 854 temporum)
568 777 710 836 diluvium
732 780 827 854 ipsum
851 779 988 839 describit
1012 788 1040 838 et
1063 779 1130 838 inde
1153 796 1211 837 non
1235 779 1323 839 altius
1346 781 1499 841 historiam

138 881 224 922 suam
252 868 421 941 auspicatus
449 875 501 925 001.
547 864 628 924 Idem
651 865 801 942 Josephus
830 870 987 926 memorias
1010 866 1151 943 prodidit,
1181 884 1278 926 arcam
1301 871 1330 926 in
1354 868 1497 928 Cardiueo

139 958 239 1009 monte
261 954 409 1033 quieyisse
432 962 462 1012 et
484 953 549 1029 ejus
570 953 734 1029 fragmenta
756 952 915 1012 Alexandri
938 955 1117 1030 temporibus
1140 953 1236 1012 adhue
1260 958 1338 1029 0100,
1370 956 1498 1033 allegat·

140 1055 199 1114 000
222 1047 312 1098 100100
334 1039 391 1098 lide
414 1038 528 1116 dignos.

248 1126 278 1202 7)
303 1125 385 1202 Quae
410 1135 522 1186 veteres
545 1133 651 1203 poetae
674 1124 710 1184 de
734 1127 844 1201 origine
867 1129 981 1202 generis
1005 1126 1124 1185 humani
1147 1127 1281 1187 labuloss
1304 1126 1496 1197 tradiderunt,

140 1229 177 1272 aa
204 1210 305 1272 Moses
333 1231 402 1273 vere
434 1213 576 1273 accidisse
607 1216 711 1272 asserit
741 1216 769 1270 in
800 1212 922 1273 diluvio.
968 1213 1044 1272 Vide
1075 1212 1225 1273 Hunnium
1256 1214 1292 1274 de
1324 1217 1497 1274 auctoritate

141 1298 174 1359 S.
196 1297 372 1376 Scripturae.
419 1300 485 1360 Hoc
507 1304 584 1360 enirn
608 1309 719 1360 certum
741 1310 943 1375 argumentum
967 1309 1021 1374 est,
1044 1318 1101 1359 000
1125 1320 1143 1359 0
1165 1301 1250 1361 Mose
1275 1301 1399 1361 00011010
1422 1319 1495 1373 0000,

139 1402 206 1445 eum
230 1388 309 1445 lama
330 1405 430 1446 earum
452 1406 547 1447 rerum
570 1389 657 1448 etiam
674 1386 752 1463 apud
767 1385 842 1445 01100
857 1398 959 1463 gentes
976 1397 1078 1447 exstet.
1116 1388 1213 1448 danus
1229 1391 1266 1449 ab
1284 1390 1362 1465 Ajin,
1388 1389 1503 1463 vinum,¹

140 1472 250 1548 defluit,
274 1483 363 1550 atque
386 1483 509 1547 constat,
536 1475 565 1533 id
588 1491 693 1533 nomen
716 1474 799 1533 Noae
823 1473 934 1552 datum,
957 1479 1007 1551 qui
1023 1478 1132 1550 primus
1149 1480 1224 1534 vites
1239 1476 1371 1552 plantare
1388 1475 1496 1535 docuit

141 1560 234 1619 Cham
258 1560 396 1637 pudenda
419 1564 509 1639 patris
532 1561 688 1634 revelavit,
719 1561 747 1619 id
770 1571 876 1637 poetae
898 1563 935 1620 ad
959 1562 1116 1621 Saturnum
1140 1571 1169 1622 et
1191 1563 1313 1622 Coelum
1337 1563 1496 1623 transtule-

141 1655 218 1725 runt,
241 1666 364 1723 quorum
389 1649 437 1708 ille
460 1649 548 1725 hujus
571 1649 720 1725 genitalia,
744 1649 821 1707 lilius
844 1651 955 1726 parenti
979 1653 1119 1708 exsecuit.
1151 1648 1312 1725 Gigantum
1335 1650 1445 1709 bellum
1468 1657 1498 1709 01

140 1736 285 1793 montium
301 1736 496 1796 accumulatio
513 1744 557 1795 est
572 1735 728 1813 descriptio
745 1739 831 1794 turris
846 1735 1047 1812 Babylonicae
1063 1736 1262 1814 hyperbolica.
1300 1737 1350 1796 Sic
1364 1737 1498 1796 homines

140 1821 284 1881 Horatius
307 1824 437 1900 appellat
460 1822 557 1883 audax
581 1823 681 1901 dspati
703 1840 811 1898 genus;
834 1823 945 1900 Japbet
962 1823 1179 1899 Europaeorum
1202 1836 1287 1900 pater
1308 1825 1371 1897 luit,
1397 1827 1499 1884 tertius

140 1908 218 1967 illius
241 1910 334 1970 Noae.
380 1909 446 1969 Huc
469 1913 556 1982 reler,
589 1910 668 1986 quod
699 1920 803 1987 poetae
826 1913 1012 1986 antiquorum
1036 1929 1136 1986 regum
1160 1920 1189 1970 et
1212 1912 1332 1970 heroum
1356 1919 1437 1971 ortus
1460 1911 1498 1970 ad

141 1997 225 2056 Deos
248 1998 385 2069 referunt,
409 1997 520 2069 Inachi,
546 1999 692 2075 Cecropis,
717 1997 916 2069 Deucalionis,
941 1990 1008 2056 cum
1031 2007 1098 2058 ante
1122 1998 1187 2058 illos
1202 1999 1277 2059 odeo
1292 2016 1351 2057 non
1366 2005 1500 2074 regerent

139 2084 216 2143 alios
238 2083 380 2155 homines,
404 2093 437 2142 ut
460 2088 547 2145 etiarn
571 2089 599 2141 in
624 2084 725 2144 labula
746 2088 860 2143 mentiri
884 2084 1015 2162 puderet.

246 2167 278 2250 8)
301 2173 578 2247 Antiquissimorum
609 2171 811 2230 historicorum
843 2171 989 2231 discordia
1021 2174 1096 2231 inter
1127 2189 1159 2231 00
1193 2181 1222 2230 01
1252 2172 1406 2231 Hebraeos
1439 2189 1497 2231 000

139 2258 235 2333 major
258 2266 312 2332 est,
336 2277 423 2334 quam
447 2259 483 2318 de
507 2261 679 2331 00000010,
704 2258 732 2315 id
756 2257 836 2333 quod
858 2267 971 2317 tantum
994 2259 1079 2317 abest
1103 2268 1135 2316 ut
1156 2261 1331 2336 suspicionis
1356 2257 1391 2318 de
1414 2259 1498 2317 salsi-

142 2351 204 2403 tate
220 2345 424 2404 alterutrorum
440 2346 587 2418 librorum,
611 2345 704 2404 Mosis
719 2363 756 2404 00
773 2344 934 2421 gentilium,
958 2362 1060 2404 ansam
1076 2347 1225 2422 praebeat,
1249 2355 1282 2404 ut
1298 2348 1397 2422 potius
1412 2363 1498 2423 egre·

139 2433 190 2507 gis
213 2432 362 2491 confirmet
387 2434 539 2506 historias,
564 2431 632 2490 dum
655 2435 835 2508 cogitamus,
866 2434 1086 2510 antiquissimos
1109 2433 1176 2491 illos
1199 2445 1334 2492 auctores
1357 2431 1497 2492 diversis-

139 2520 223 2577 simis
249 2521 427 2596 temporibus
451 2527 480 2579 et
503 2522 575 2579 locis
599 2529 659 2579 tam
681 2537 772 2596 prope
795 2522 920 2579 invicem
945 2520 1127 2579 collinessse.
1174 2521 1272 2595 Atque
1294 2520 1370 2581 adeo
1393 2522 1498 2578 mirum

140 2622 200 2663 000
224 2608 368 2665 immerito
392 2607 434 2665 illi
461 2607 614 2679 videbitur,
638 2610 688 2683 001
711 2617 868 2682 sequentes
892 2608 995 2666 erroris
1018 2625 1122 2665 causas
1147 2607 1329 2683 ponderabit,
1353 2623 1411 2666 uon
1432 2608 1498 2683 plus

142 2696 172 2750 in
197 2710 339 2752 annorum
362 2697 474 2754 ratione
498 2694 665 2754 desiderari.
703 2695 741 2752 111
763 2694 841 2770 quod
864 2698 958 2769 magis
981 2694 1018 2753 ad
1041 2695 1126 2753 fidem
1149 2696 1227 2762 lacit,
1251 2697 1388 2754 convenit
1402 2696 1499 2771 gentl-

142 2779 222 2839 lihus
245 2798 310 2839 cum
334 2785 441 2841 uostris
463 2785 554 2840 sacris
577 2785 606 2839 in
629 2784 701 2858 ipsis
724 2784 866 2857 personis.
911 2782 1039 2840 Berosus
1062 2800 1080 2840 a
1103 2781 1188 2840 Noah
1219 2785 1322 2858 incipit
1344 2799 1437 2858 usque
1460 2780 1499 2840 sd

140 2864 394 2944 Sardanapalum
417 2868 585 2928 Herodotus
609 2876 638 2927 et
660 2878 727 2946 post
749 2885 814 2929 eum
838 2871 923 2928 00010
947 2874 1008 2929 500
1032 2868 1174 2928 Manetho
1191 2871 1366 2945 Aegyptius,
1389 2877 1419 2928 et
1442 2867 1498 2927 hoo

140 2971 256 3013 rursum
280 2956 396 3016 interior
420 2955 567 3014 Diodorus
590 2959 674 3014 annis
698 2962 775 3027 300,
806 2956 924 3015 eosdem
946 2957 1006 3015 lere
1028 2958 1173 3034 principes
1197 2957 1325 3032 Aegypti
1349 2955 1498 3031 complec-

139 3049 252 3116 tantur,
276 3060 350 3118 quos
365 3043 511 3103 Jeremiss
525 3042 678 3119 propheta,
701 3045 772 3118 quin
795 3060 884 3118 saepe
908 3043 1030 3102 eandem
1047 3043 1198 3102 historiam
1215 3043 1350 3102 videntur
1365 3046 1497 3103 recitare.

140 3127 274 3189 Bodinus
298 3130 373 3189 idern
397 3147 487 3207 penes
501 3129 685 3189 Herodotum
708 3137 737 3189 et
751 3129 909 3189 doremiam
933 3146 1039 3189 nomen
1060 3130 1158 3207 prodit
1173 3132 1281 3207 Apryis
1296 3132 1360 3189 sive
1377 3129 1497 3207 Ophrei,

96 3260 100 3269 .
140 3231 228 3292 quem
252 3216 398 3277 Mercator
420 3217 559 3293 Vaphreo
583 3216 721 3294 appellat.
1423 3289 1429 3298 Ι

248 3302 278 3381 9)
300 3304 332 3363 Si
356 3307 496 3383 Aegyptii
526 3312 577 3364 aut
600 3303 742 3362 Chaldaei
773 3313 816 3362 tot
845 3320 986 3362 annorum
1015 3303 1151 3363 historias
1174 3303 1369 3377 habuissent,
1397 3312 1449 3361 aut
1470 3306 1496 3362 01

142 3388 285 3450 Chaldaei
309 3409 362 3467 per
386 3398 513 3452 470000
529 3407 622 3450 00000
646 3391 720 3449 00011
743 3392 999 3449 observationibus
1022 3393 1125 3450 intenti
1141 3391 1274 3469 luissent,
1298 3406 1356 3449 nou
1372 3398 1417 3449 est
1432 3407 1498 3450 ore·

141 3475 241 3551 dibile,
264 3479 482 3550 Ptolemaeum,
505 3482 623 3538 natione
647 3478 842 3555 Aegyptium,
867 3478 1047 3555 protessioue
1069 3486 1277 3549 astronomum,
1301 3477 1330 3536 h.
1355 3494 1380 3537 e.
1406 3477 1497 3536 Chal·

142 3562 258 3638 dueum,
281 3565 338 3625 hoc
360 3564 408 3624 001
432 3570 582 3639 ignorasse
607 3565 652 3625 vel
676 3582 898 3642 suppressurum
921 3567 1020 3624 luisse.
1059 3565 1139 3624 Nihil
1162 3567 1238 3625 euim
1262 3567 1356 3640 magis
1379 3565 1417 3623 ad
1433 3581 1498 3622 mo-

142 3659 226 3710 tuum
249 3655 391 3713 rationem
416 3652 648 3713 constituendam
671 3656 766 3728 ipsum
788 3653 893 3727 juvare
916 3655 1069 3728 potuisset,
1094 3670 1180 3727 quarn
1205 3660 1249 3710 tot
1271 3667 1412 3712 annorum
1428 3669 1499 3711 coe·

140 3737 223 3798 100110
246 3739 377 3800 historia.
417 3741 508 3817 Atqui
527 3757 585 3798 uon
601 3740 691 3798 habet
707 3739 755 3798 ille
771 3742 951 3814 antiquiores
967 3740 1197 3812 observationes,
1220 3756 1309 3814 quarn
1325 3744 1387 3798 800
1403 3756 1498 3798 anno-

140 3842 214 3893 rum,
237 3827 303 3887 11100
326 3845 430 3904 nempe
455 3844 531 3904 quae
554 3826 673 3885 habitae
696 3835 765 3884 sunt
784 3827 838 3884 sub
853 3826 1061 3885 Nabonassaro
1082 3829 1146 3885 0100
1161 3825 1393 3886 Salmanassaro.
1425 3826 1497 3885 luda

140 3912 264 3985 lactum,
293 3927 326 3973 ut
348 3924 460 3974 motum
484 3916 608 3990 apoguei
632 3914 736 3972 solaris
759 3922 788 3971 et
810 3921 920 3970 motuni
944 3913 1008 3989 ejus
1030 3913 1264 3989 inaequalitatis,
1293 3924 1404 3971 motum
1428 3917 1498 3972 item

141 4000 346 4077 trepidationis
375 4011 404 4062 01
432 4011 542 4061 motum
571 4001 766 4075 obliquitatis,
798 4016 920 4075 quorurn
945 4001 1081 4076 periodus
1103 4001 1216 4077 0110001
1238 4017 1333 4074 00000
1356 4017 1497 4059 annornm

142 4088 237 4147 millia
259 4089 470 4166 complectitur,
494 4092 557 4165 ipse
580 4090 694 4164 penitus
718 4088 904 4161 ignoraverit,
928 4085 1006 4162 quod
1028 4089 1136 4146 lactum
1159 4087 1349 4161 0001010001,
1372 4090 1397 4146 01
1414 4087 1497 4146 sulfi·
1521 4112 1529 4123 ,

142 4178 253 4236 cienter
275 4177 413 4237 historias
436 4184 566 4235 motuum
591 4194 606 4235 0
631 4185 690 4234 tarn
713 4173 774 4232 alta
796 4177 971 4249 antiquitate
994 4174 1102 4234 habere
1125 4177 1278 4251 potuisset.

251 4262 302 4345 10)
324 4264 436 4324 Diluvil
460 4263 611 4322 historiam
634 4262 672 4320 ad
695 4263 845 4320 minimum
869 4278 968 4320 veram
991 4279 1064 4333 0000,
1087 4270 1118 4320 01
1134 4260 1250 4320 aMose
1274 4260 1420 4336 descripta
1443 4268 1498 4339 est,

144 4356 268 4410 10010100
300 4353 496 4429 experientia,
528 4352 552 4407 si
585 4351 650 4424 quis
680 4350 783 4409 scriem
814 4356 943 4408 aetatum
967 4349 1066 4407 mundi
1091 4365 1189 4408 secum
1212 4346 1365 4423 perpendit
1388 4349 1498 4424 quique

142 4444 238 4498 010100
268 4442 373 4515 000010
400 4447 531 4514 tempore
558 4437 645 4496 luerit
671 4435 845 4499 considerat.
890 4435 964 4494 Nam
988 4438 1126 4513 primum,
1154 4443 1295 4511 quantum
1318 4433 1356 4493 nd
1379 4434 1497 4494 habits·

143 4525 238 4599 110000
261 4535 402 4587 terrarum
418 4528 533 4596 attinet,
557 4523 699 4595 videmus,
723 4538 782 4599 quo
799 4524 976 4582 castioribus
990 4524 1118 4582 maribus
1134 4522 1282 4598 quaelibet
1296 4524 1376 4596 regio
1392 4522 1499 4582 avulsa

143 4619 189 4671 est
211 4613 250 4672 ab
273 4616 360 4688 Asia,
390 4613 447 4673 hoc
476 4615 569 4672 serius
596 4610 721 4669 habitari
749 4617 893 4686 coeptam.
939 4609 1016 4669 Hinc
1038 4620 1099 4681 est,
1130 4608 1209 4685 quod
1231 4612 1261 4666 in
1286 4611 1371 4667 00010
1394 4608 1496 4683 Iudiis‚

146 4706 216 4759 0010
239 4718 332 4761 annos
358 4708 418 4763 100
443 4701 575 4778 repertis,
598 4701 685 4774 pauci
708 4696 866 4756 admodum
881 4696 1014 4757 homines
1028 4700 1133 4774 reperti
1150 4703 1226 4770 sunt,
1250 4695 1331 4755 nulla
1348 4712 1416 4755 vero
1433 4699 1498 4754 ani-

143 4789 234 4850 malia
255 4796 371 4866 praeter
393 4789 507 4850 leonem
530 4795 560 4848 et
581 4784 757 4859 cuniculum,
780 4783 919 4861 quodque
941 4783 1056 4845 illorum
1077 4784 1229 4844 hominurn
1250 4791 1334 4844 10010
1349 4784 1498 4845 barbaries

1222 4885 1289 4948 48*
1346 4978 1350 4989 1
