3284 5520
610 363 782 419 Prooemium
800 360 929 420 Editoris.
1025 402 1029 411 ·
1424 352 1447 431 ’ἶ

92 542 188 598 mentis
210 539 356 618 leguntur,
381 557 458 618 quaa
481 547 553 620 typo
577 540 744 615 obstabant,
768 560 855 620 quem
879 544 996 603 tandem
1016 543 1168 620 Augustae
1192 542 1352 604 curandum
1377 560 1445 603 sus-

91 629 197 703 cepisse
220 628 337 689 videtur
358 628 540 703 Hermastus,
564 633 588 688 si
611 631 667 691 boc
689 650 706 690 a
732 633 829 690 verbis
851 631 980 707 Kepleri,
1004 631 1189 690 Herwartum
1213 632 1390 708 alloquentis
1412 633 1441 688 in

90 712 270 776 dedicatione
293 716 432 789 secunda,
456 717 630 777 concludere
651 719 729 777 licet.
768 719 811 776 Ex
834 718 892 777 illis
915 719 1038 777 Tanclrii
1063 719 1196 796 epistolis
1218 726 1348 796 apparet,
1375 735 1444 794 par-

89 812 139 858 tem
168 805 234 878 typi
259 802 377 881 Lipsiae
406 812 467 862 tnm
498 808 636 883 temporis
666 806 832 865 absolutam
864 807 971 880 inisse,
1004 807 1081 882 qnod
1114 810 1202 865 etiam
1231 808 1295 882 ipse
1322 812 1445 864 testatur

87 887 231 964 Keplerus
261 894 290 950 in
320 891 504 952 dedicatione
536 896 622 952 tertia
653 892 690 952 ad
720 893 752 952 L.
777 893 813 953 B.
859 895 1013 953 Erasmum
1045 896 1074 953 in
1106 894 1283 970 Starenberg
1313 894 1444 952 scribens

90 993 162 1034 auno
189 980 284 1051 1607,
308 981 423 1039 mittere
444 997 477 1038 se
502 980 654 1055 „libellum
677 979 713 1039 de
728 983 830 1057 nuperi
847 988 979 1042 cometae
994 981 1288 1056 significationibus.“
1329 981 1443 1039 Literaa

90 1062 305 1143 Starembergii,
330 1084 404 1142 quas
427 1066 499 1127 dicit
521 1068 668 1143 Keplerus
690 1071 718 1126 in
743 1068 862 1127 exordio
886 1069 976 1144 hujus
1000 1068 1201 1143 dedicationis,
1224 1068 1280 1128 hae
1303 1079 1383 1127 sunt:

187 1164 347 1220 Clarissimo
365 1172 392 1220 et
409 1166 573 1222 Doctissime
591 1167 649 1221 Vir.
685 1166 814 1221 Intellexi
832 1182 889 1221 non
907 1167 945 1220 ita
963 1166 1080 1236 pridem,
1109 1174 1137 1222 te
1156 1166 1189 1222 de
1208 1182 1278 1221 nova
1296 1167 1376 1222 stella
1394 1184 1443 1224 seu

88 1248 205 1311 cometa,
231 1258 315 1312 quam
332 1258 382 1299 nos
402 1252 430 1298 et
447 1245 492 1300 hic
511 1245 655 1316 aliquoties
674 1245 806 1315 vidimus,
828 1245 962 1315 judicium
988 1255 1065 1301 tuum
1091 1246 1201 1301 doctum
1219 1247 1247 1300 in
1266 1246 1353 1300 lucem
1372 1248 1444 1302 evul-

90 1334 171 1388 gasse.
211 1321 368 1377 Commotus
387 1323 482 1392 itaque
501 1324 679 1379 admiratione
698 1323 737 1378 tui
756 1325 905 1379 acutissimi
919 1322 1034 1394 judicii,
1058 1330 1208 1395 qno'nunc
1226 1323 1326 1380 multos
1345 1326 1442 1383 bacin

89 1399 255 1467 professione
273 1400 428 1457 matheseos
447 1403 527 1469 longe
546 1399 693 1466 antecellis,
714 1401 787 1470 quod
807 1403 910 1472 scripta
928 1411 976 1456 tua
994 1403 1068 1457 edita
1082 1402 1190 1458 diversa
1202 1401 1269 1456 satis
1282 1403 1444 1475 abundeque

89 1475 240 1547 declarant,
274 1481 352 1533 auxit
372 1481 401 1534 in
425 1496 469 1536 me
486 1479 599 1534 mirifice
617 1478 780 1534 desiderium
806 1479 913 1550 legendi
931 1481 983 1535 hoc
1001 1490 1078 1536 tuum
1098 1481 1283 1551 nuperrimam
1301 1483 1442 1551 scriptum.

90 1555 153 1609 Cara
171 1573 250 1626 ergo,
267 1559 305 1611 mi
322 1557 449 1628 Keplere,
468 1566 499 1612 ut
517 1565 544 1612 et
562 1557 597 1612 ad
615 1572 665 1610 nos
684 1560 881 1626 quamprimum
899 1561 1059 1628 perveniant
1077 1560 1129 1613 hae
1148 1568 1212 1614 tuae
1230 1560 1442 1631 lucubrationes,

89 1636 128 1702 qui
145 1637 296 1691 eruditioni
314 1644 342 1691 et
358 1638 503 1693 nnntibus
521 1635 577 1691 tuis
596 1650 767 1704 summopere
786 1637 923 1700 iuvemus.
942 1645 970 1692 at
989 1645 1062 1693 certo
1081 1638 1131 1693 tibi
1151 1639 1327 1707 persuadeas,
1346 1657 1389 1694 me
1402 1644 1443 1697 tui

90 1729 134 1766 uon
164 1714 255 1767 solnm
280 1723 431 1780 amantem,
460 1716 508 1771 sed
534 1717 615 1769 etiam
639 1716 712 1769 omni
736 1717 838 1770 honore
865 1717 899 1770 ab
918 1718 1042 1772 omnibus
1060 1724 1089 1772 te
1107 1717 1292 1789 dignissimum
1308 1719 1443 1788 judicare.

91 1792 149 1845 Vale
169 1803 199 1847 et
217 1811 261 1848 me
279 1812 347 1850 ama.
385 1798 529 1851 Dabuntur
547 1809 581 1847 ex
600 1795 670 1848 Arce
689 1802 716 1848 et
734 1794 849 1850 Ciuitate
868 1803 963 1851 nostra
982 1795 1173 1866 Edendingcnsi
1193 1799 1255 1863 (dies
1275 1800 1362 1865 deest).

185 1872 217 1927 P.
238 1873 265 1928 S.
286 1875 352 1930 Com
371 1873 411 1929 lll.
431 1874 502 1928 Baro
521 1870 695 1940 Zellxingius,
714 1871 804 1927 affinis
822 1888 913 1942 meus,
932 1891 1005 1929 nunc
1023 1875 1140 1944 Pragae.
1160 1873 1267 1943 legatus
1286 1874 1442 1947 Procerum,

92 1959 278 2025 commoretur,
299 1955 409 2011 dabitur
428 1954 478 2009 tibi
497 1951 604 2009 occasio
622 1951 748 2007 mittendi
767 1960 843 2007 tuum
862 1953 1000 2023 scriptum,
1021 1955 1094 2023 quod
1112 1960 1254 2023 tantopere
1273 1952 1405 2011 desidero.

189 2291 228 2338 De
247 2295 309 2353 typo
327 2288 388 2338 libri
406 2291 446 2339 sul
465 2291 496 2339 ds
514 2287 618 2338 Cometa
636 2290 694 2338 anni
709 2288 776 2336 1607
795 2301 839 2350 per
856 2288 941 2336 literas
961 2290 1013 2348 agit
1030 2286 1164 2352 Keplerus,
1185 2295 1306 2352 utsupra
1324 2290 1442 2357 diximus,

89 2374 139 2409 cnm
155 2361 326 2410 Joacblmo
344 2361 500 2413 Tancklo.
527 2362 666 2422 professore
685 2358 819 2419 lipsiensi.
839 2359 969 2420 Epistolae
988 2359 1090 2423 quidem
1110 2360 1211 2424 liepleri
1229 2361 1260 2408 ad
1279 2359 1366 2412 illum.
1389 2377 1441 2413 una

88 2438 188 2493 excepta
206 2427 265 2497 (cir.
285 2429 334 2481 rol.
354 2431 373 2478 L
392 2445 417 2493 p.
437 2427 502 2495 tib]
533 2444 617 2478 omnes
636 2432 777 2492 perierunt,
806 2442 862 2476 cum
880 2429 987 2476 Tanchii
1010 2431 1184 2490 responsiones
1203 2445 1288 2479 omnes
1308 2435 1440 2494 supersint.

88 2499 143 2548 Cum
163 2515 223 2549 varo
243 2515 273 2548 ex
291 2501 331 2548 bia
349 2500 416 2549 baud
435 2502 540 2549 obscure
559 2501 670 2564 eluceat,
697 2499 760 2563 qnld
778 2496 902 2560 lleplerus
919 2497 1039 2559 soluerit,
1067 2513 1112 2545 nat:
1130 2514 1179 2547 noa
1199 2501 1325 2548 sententia
1343 2502 1441 2563 proies·

88 2585 165 2619 eorum
184 2572 357 2637 Lipsiensium
379 2570 411 2618 da
437 2575 588 2620 cometarum
612 2576 702 2619 natura
727 2568 836 2633 aliisque
854 2574 986 2631 appareat,
1014 2572 1095 2617 uisum
1115 2574 1164 2634 est,
1190 2571 1309 2632 epistolas
1328 2571 1440 2641 Tancltll,

86 2647 205 2700 quantum
224 2641 259 2688 ad
277 2647 387 2689 cometas
405 2643 540 2704 pertinent,
558 2641 598 2688 bis
617 2643 734 2689 inserere.

186 2712 269 2759 Prima
288 2711 394 2759 Tanchli
414 2711 521 2773 epistola
540 2711 599 2758 haec
617 2717 667 2759 est:
693 2710 718 2758 S.
738 2707 881 2756 Clarissima
901 2715 924 2757 et
944 2709 1095 2757 Doctissima
1115 2711 1173 2773 Vir,
1191 2712 1268 2758 amice
1287 2711 1441 2763 honorande.

87 2782 205 2829 Exhibuit
231 2782 293 2828 mihi
312 2781 341 2832 N.
360 2780 391 2830 li.
413 2786 546 2829 tractatum
565 2787 636 2828 tunm
655 2779 685 2828 de
704 2778 807 2827 Conmta
829 2793 908 2840 nuper
926 2780 979 2826 viso
999 2780 1039 2826 hic
1058 2781 1124 2841 typis
1144 2779 1265 2828 edendum
1287 2782 1440 2842 expetiitque

86 2864 164 2899 meum
183 2853 210 2898 in
230 2851 322 2899 haere
341 2849 482 2915 eonsilium,
501 2851 569 2914 quod
588 2853 610 2899 ei
629 2864 679 2898 non
699 2850 831 2911 denegari,
851 2849 895 2896 sed
913 2855 1037 2910 promtum
1056 2851 1152 2897 mailli
1172 2852 1285 2906 exhibui,
1303 2864 1353 2898 nou
1372 2851 1441 2914 quod
1538 2860 1542 2867 '

86 2921 110 2968 id
126 2923 237 2969 maxime
255 2934 400 2983 promovere
419 2923 528 2985 cupiam,
547 2921 590 2969 sed
608 2921 732 2983 inprimis,
753 2919 820 2983 quod
840 2926 897 2966 tuus
916 2919 998 2967 foetus
1017 2921 1057 2979 sit,
1075 2922 1149 2968 amiel
1165 2921 1268 2983 quidem
1280 2922 1328 2968 mei
1344 2921 1438 2970 charis·

86 2991 154 3055 almi,
182 3004 284 3054 operam
311 2992 398 3055 ltaque
418 2991 536 3054 daturus,
561 2997 589 3038 ut
608 2993 662 3039 aine
681 2989 777 3037 mendis
796 2989 894 3038 edatur.
932 2990 964 3037 Et
982 2990 1042 3053 qula
1060 2992 1087 3037 in
1107 2996 1166 3052 typo
1186 2991 1310 3052 descripto
1330 2995 1439 3039 cometae

87 3061 175 3108 erudiri
201 3061 270 3123 cnpit
294 3061 476 3123 typographus,
501 3059 573 3108 illurn
592 3063 726 3119 instruam,
751 3064 779 3108 ut
796 3061 823 3108 in
843 3074 869 3107 ea
889 3074 989 3123 quoque
1008 3065 1078 3121 parte
1096 3059 1160 3107 nihil
1179 3061 1252 3110 desit.
1290 3061 1317 3109 si
1335 3061 1361 3108 ln
1381 3058 1440 3110 aliis

87 3132 154 3179 rebus
175 3145 256 3179 meam
276 3129 384 3193 opellam
402 3132 517 3194 requiris,
536 3145 591 3179 eam
609 3132 657 3178 tibi
677 3132 870 3192 promtissimam
889 3132 973 3180 nidero.

188 3201 344 3249 dicationem
366 3200 427 3248 iacis
450 3206 571 3248 tractatus
595 3201 632 3248 tui
656 3201 718 3248 editi
738 3200 767 3248 de
787 3204 881 3247 cometa
899 3199 987 3265 latini,
1016 3213 1091 3264 quem
1109 3212 1158 3247 non
1178 3200 1238 3250 vidi.
1275 3198 1392 3262 Quaeso,
1417 3203 1439 3250 sl

88 3270 150 3331 apud
168 3286 215 3319 vos
233 3271 316 3319 adhue
334 3269 486 3334 exemplarla
503 3276 626 3332 prostant,
644 3271 715 3318 mitta
734 3269 767 3318 ad
785 3283 823 3318 me
842 3282 928 3333 unum,
947 3271 1054 3332 pretium
1072 3270 1185 3330 proxime
1205 3269 1238 3318 ad
1257 3275 1281 3317 te
1299 3273 1406 3321 mittam.

188 3341 258 3390 Vale.
277 3343 334 3388 vive
353 3348 377 3388 et
395 3341 473 3401 salve,
492 3342 537 3388 Vir
554 3341 769 3402 praestantissime
788 3346 812 3388 et
830 3342 902 3389 unice
923 3340 1123 3390 honoratissime.

153 3429 246 3477 Datum
265 3428 367 3488 Lipsiae
387 3429 428 3480 13.
448 3428 508 3478 Dec.
529 3429 605 3477 1607.

963 3496 990 3544 Τ.
1008 3494 1171 3549 Joacbimes
1190 3493 1335 3549 Tanaitica.

188 3636 245 3689 P.S.
265 3632 327 3685 Cum
340 3637 459 3686 hactenus
471 3651 510 3685 me
523 3641 603 3686 totum
622 3639 671 3686 sibi
684 3636 811 3686 Medicina
830 3643 854 3686 et
867 3635 970 3686 Ghemia
990 3637 1134 3695 vindicaret,
1152 3639 1249 3686 interea
1266 3637 1439 3686 mathematico

89 3706 165 3754 studio
185 3720 272 3754 vacare
290 3721 340 3755 nou
358 3708 439 3770 potui,
458 3715 485 3754 ut
504 3708 674 3755 observassem
692 3709 746 3768 lpse
764 3722 863 3771 quoque
882 3706 1009 3755 Comatam
1029 3720 1107 3768 nuper
1127 3709 1214 3756 visum.

186 3777 235 3825 Die
253 3779 295 3827 30.
314 3777 377 3828 Dec.
396 3779 462 3827 1607
483 3779 543 3827 haec
561 3779 605 3826 dat
624 3779 750 3826 Tauckius
769 3776 893 3839 lleplero:
914 3775 1055 3825 Clarissimo
1075 3783 1099 3824 et
1118 3777 1260 3827 doctissime
1279 3775 1332 3826 Vir.
1362 3776 1439 3825 'irac-

91 3850 153 3895 tatus
172 3853 230 3894 tuus
249 3847 280 3894 de
299 3848 402 3896 cometis
422 3849 488 3909 typis
507 3853 545 3896 est
563 3850 712 3911 exscriptus,
732 3862 815 3896 verum
834 3848 912 3896 nostri
928 3845 1080 3895 aristotelici
1101 3862 1163 3912 quae
1177 3849 1207 3896 de
1220 3847 1350 3909 spiritibus
1364 3848 1440 3896 habes

88 3916 214 3964 admittere
232 3918 373 3969 noluerunt.
404 3917 497 3967 Verum
514 3933 590 3978 σοφυι
609 3918 668 3967 dum
687 3919 764 3967 videri
784 3916 879 3981 volunt,
898 3911 1014 3975 doemone
1032 3932 1057 3965 se
1071 3933 1124 3966 esse
1137 3919 1281 3968 ostendunt.
1314 3917 1437 3966 Jurarunt

89 3986 202 4034 inverba
221 3988 393 4047 magistriani
412 3988 485 4036 etad
504 4000 621 4037 nauseam
640 4003 719 4052 usque
738 3989 883 4049 clamitant,
910 3993 1019 4036 cometas
1045 4003 1097 4036 esse
1122 3989 1301 4036 exhalationes.
1337 3987 1439 4034 Malunt

89 4069 161 4104 errare
185 4071 241 4104 cum
261 4057 409 4122 Aristotele,
436 4073 509 4120 quam
533 4073 590 4106 cum
614 4058 819 4120 prudentioribus
843 4072 938 4120 sapere.
975 4058 1002 4103 ln
1029 4072 1106 4105 coeno
1125 4057 1313 4106 exlralationum
1331 4057 1437 4104 demersi

90 4132 151 4186 sant,
170 4132 198 4174 ut
216 4127 249 4175 ad
267 4141 356 4189 puram
374 4126 455 4176 lucem
474 4142 601 4192 rrttnquam
620 4130 749 4191 pervenire
767 4129 874 4190 possint.
910 4127 959 4176 Sed
979 4126 1150 4192 relinquamus
1169 4130 1230 4190 ipsis
1250 4128 1354 4175 cortices
1371 4126 1438 4174 lam·

90 4196 194 4260 baudus,
222 4211 268 4245 nos
294 4198 410 4245 nireleum
437 4203 574 4260 captemus.
612 4199 710 4247 Prodiit
738 4199 812 4245 etlam
837 4198 869 4246 ad
893 4198 973 4245 lucem
999 4197 1029 4244 de
1054 4204 1153 4246 cometa
1175 4203 1295 4246 tractatus
1319 4195 1438 4245 itudravii

90 4264 182 4328 (Remi),
199 4281 255 4315 mco
271 4268 368 4326 judicio
387 4283 437 4316 nou
456 4269 632 4332 aspernandus,
653 4272 723 4329 cnjus
743 4269 790 4315 tibi
809 4267 935 4329 exemplar
955 4270 1041 4330 mitto,
1059 4269 1182 4328 judicium
1196 4276 1267 4315 tuum
1280 4267 1310 4315 do
1323 4280 1351 4313 eo
1371 4267 1438 4329 quod

88 4336 129 4401 sit,
156 4350 174 4384 a
192 4343 216 4384 ta
234 4343 293 4398 peto
311 4337 374 4384 mihi
393 4339 568 4387 eommunices.
606 4341 665 4400 Agit
689 4340 715 4386 in
740 4343 793 4385 toto
809 4335 876 4385 llbro
895 4339 1057 4400 Theophrasti
1078 4338 1244 4403 discipulum3
1271 4342 1356 4383 erretur
1374 4338 1437 4385 mihi

88 4411 156 4454 notus
176 4420 227 4454 nom
245 4412 297 4470 eat,
327 4408 366 4455 hia
384 4412 465 4456 tamen
484 4408 604 4456 nundinis
629 4422 748 4471 quaeram
775 4409 929 4455 occasionem
959 4408 990 4455 ad
1010 4422 1064 4455 eum
1084 4409 1217 4456 scribendi.
1256 4407 1355 4467 Adjecit
1373 4420 1437 4455 non·

87 4475 154 4523 nulla
176 4476 203 4523 la
228 4477 409 4525 mathematicis
426 4478 569 4539 paradoxa;
593 4478 655 4542 quid
674 4478 704 4525 do
723 4479 762 4525 his
782 4479 885 4531 sentiat.
909 4492 939 4525 ex
959 4480 1015 4540 lpse
1035 4480 1184 4543 perquiram.
1221 4477 1289 4524 Nihil
1307 4482 1438 4538 praeterea

87 4544 114 4592 da
131 4548 236 4595 cometis
254 4546 302 4594 huc
321 4561 400 4611 usque
420 4548 480 4605 ridi,
498 4549 548 4595 alsi
566 4550 675 4609 pastoris
694 4549 801 4609 alicujus
814 4546 941 4612 lliielrleri)
960 4550 1088 4614 scriptum,
1106 4547 1174 4612 qnod
1193 4545 1287 4594 nulllus
1307 4552 1344 4597 ost
1361 4549 1436 4611 artls;

86 4623 212 4677 propterea
235 4628 286 4665 non
310 4617 386 4665 llbnit
404 4619 516 4683 mittere,
543 4625 579 4665 est
598 4632 687 4681 nempe
706 4619 881 4679 transcriptum
900 4619 990 4683 magis,
1017 4633 1091 4682 quam
1110 4620 1240 4680 scriptum.
1277 4619 1304 4666 si
1323 4616 1385 4681 quid
1403 4619 1436 4664 ab

85 4687 138 4735 aliis
157 4686 252 4734 editum
270 4687 310 4734 his
328 4686 448 4736 nundinis
466 4688 497 4736 ad
516 4702 562 4736 nos
580 4686 703 4750 perlatum
721 4688 805 4747 iuerlt,
824 4688 915 4735 faciam
935 4696 958 4735 te
978 4690 1105 4736 certiorem
1124 4693 1148 4735 et
1160 4689 1258 4735 mittam
1274 4688 1307 4734 ad
1320 4691 1344 4735 te
1357 4688 1437 4748 scrip·

85 4763 162 4803 torum
182 4755 314 4819 exemplar.
345 4757 470 4819 Exspecto
487 4756 595 4806 latinum
614 4764 684 4806 mum
704 4758 734 4807 de
753 4762 848 4806 comata
867 4761 995 4820 scriptum.
1027 4759 1088 4805 Vale
1108 4765 1132 4805 et
1149 4759 1227 4817 salve,
1244 4758 1292 4806 Vir
1306 4762 1436 4820 praestan·¹

84 4826 177 4875 malma
196 4832 222 4874 et
239 4827 377 4876 Tanckium
400 4832 472 4878 mum
490 4833 615 4878 amantem
634 4834 660 4879 te
677 4827 784 4882 redama.
821 4825 905 4895 (Misit
930 4827 1044 4878 libellum
1068 4842 1140 4888 snum
1159 4828 1266 4895 lieplero
1285 4829 1340 4891 ipae
1358 4826 1436 4881 Eicbs
