3284 5520
688 367 731 425 De
748 366 987 437 Ephemaridibns.
1449 378 1514 445 445

259 538 421 610 Maginns
444 538 513 595 hacc
536 540 693 611 respondit:
721 540 877 597 clarissime
901 558 933 598 ac
950 544 1187 614 praestantissime
1203 546 1259 601 Vir.
1295 547 1341 602 Ex
1360 547 1461 603 ultimis
1478 548 1513 604 ad

157 630 198 671 ne
215 614 261 673 22.
278 614 373 673 Martii
400 618 471 674 datis
494 619 690 687 ingenuitatem
713 629 789 675 tuam
812 620 847 674 de
870 622 984 690 parvulo
1007 623 1055 678 illo
1080 625 1218 680 errorcnlo
1243 626 1316 681 circa
1337 627 1513 694 aequationee

156 692 234 764 Solis,
254 694 289 749 de
307 712 362 766 quo
381 697 418 752 nil
438 697 552 752 ulterius
570 696 636 751 mibi
649 696 791 753 dicendum
804 698 973 769 relinquitur,
990 702 1167 757 animadverti
1181 705 1242 773 (ιιι.
1255 709 1301 761 111.
1315 723 1342 771 p.
1354 705 1428 773 495),
1448 721 1512 760 con·

154 773 294 830 fidentiam
314 784 407 833 antem
430 783 519 844 tuam,
543 791 624 844 quam
647 792 676 832 re
699 792 763 832 uera
781 793 846 846 ergo
863 793 906 831 me
925 794 1016 848 geras,
1040 795 1102 834 curn
1120 794 1155 832 ex
1173 780 1233 835 aliia
1251 779 1375 848 plurimis
1393 787 1451 835 tum
1469 784 1513 839 vel

152 853 269 909 maxime
287 854 395 923 exinde,
416 854 480 923 quia
499 860 586 923 optas,
604 861 636 910 ιιι
653 856 828 911 conficiamus
847 873 901 911 una
921 872 1004 912 novas
1022 856 1218 926 premerides
1237 860 1387 915 secundnm
1406 863 1512 933 'lycho-

152 932 243 987 nicnm
267 932 400 989 calculum
423 933 457 987 ad
481 932 582 987 multos
605 934 767 1002 praeteritos
791 941 819 989 et
842 934 949 990 futuros
968 951 1066 1005 annos,
1092 936 1158 991 satis
1177 937 1285 992 abunde
1304 938 1457 995 declarasti.
1476 973 1509 982 -

148 1011 266 1067 Modum
290 1020 318 1065 et
340 1011 473 1066 rationem
489 1010 607 1080 aliquam
626 1028 748 1066 securam
767 1019 795 1067 et
812 1019 912 1066 certem
931 1013 1034 1068 utinam
1053 1014 1080 1068 in
1099 1015 1153 1069 hoc
1171 1024 1265 1070 nostro
1283 1018 1425 1087 proposito
1444 1035 1510 1087 pos·

151 1090 236 1145 simus
255 1090 332 1159 inire,
349 1098 405 1145 tam
424 1096 544 1159 gratum,
563 1104 645 1156 quam
663 1089 737 1158 quod
756 1089 939 1159 gratissimum
956 1088 1041 1158 foret,
1061 1107 1121 1145 cum
1140 1091 1174 1147 ob
1192 1094 1337 1148 maximam
1356 1096 1510 1167 utilitatem,

147 1174 208 1225 tum
228 1170 263 1226 ob
281 1170 413 1226 honorem
431 1185 463 1224 ac
482 1169 581 1224 tamam
598 1184 744 1237 perennem
763 1183 779 1222 a
797 1167 926 1223 studiosis
943 1169 1147 1227 mathematum.
1179 1171 1284 1226 Horum
1303 1173 1378 1243 prius
1397 1179 1511 1234 serviret

150 1248 229 1303 nobis
248 1255 277 1305 et
294 1257 446 1305 nostratum
457 1249 585 1318 posteris,
605 1248 719 1302 alterum
733 1247 888 1302 confutaret
903 1246 1050 1314 Origanum
1063 1256 1091 1302 et
1103 1248 1163 1315 ejus
1176 1248 1412 1323 premeridibus,
1431 1257 1509 1313 nobis

146 1326 217 1380 airis
236 1327 428 1395 existentibus,
446 1326 574 1382 tenebras
593 1324 756 1381 offunderet.
792 1325 871 1379 Addo
890 1340 940 1392 ego
958 1332 1087 1379 etmeum
1099 1326 1253 1383 insatiabile
1266 1329 1435 1401 desiderium,
1456 1350 1510 1402 quo

150 1404 274 1461 atomus
300 1406 345 1460 bic
369 1405 516 1474 aliquando
531 1404 693 1472 judiciariae
711 1403 876 1472 astrologiae
894 1420 1066 1473 summopere
1084 1405 1233 1460 inserviens
1250 1408 1374 1476 prodeat
1411 1412 1509 1466 Condi·

151 1485 241 1539 tiones
259 1502 277 1540 ι
295 1493 324 1542 ιι
341 1485 407 1540 mihi
424 1485 580 1555 propositas
597 1485 712 1540 rationis
729 1483 807 1538 lance
825 1483 929 1537 libravi.
964 1483 1025 1551 Ego
1050 1483 1086 1537 ad
1109 1499 1156 1538 vos
1174 1485 1290 1553 Prugam
1308 1489 1461 1543 streniam
1480 1496 1509 1543 et

151 1561 188 1616 ibi
208 1566 341 1633 temporis
363 1565 467 1635 aliquid
488 1570 588 1631 teram,
612 1569 654 1617 est
675 1560 856 1631 impossibile,
882 1561 945 1629 qnia
967 1562 1093 1616 valetudo
1117 1578 1178 1617 msa
1202 1571 1244 1617 est
1264 1565 1435 1621 inconstans:
1460 1568 1508 1621 ali·

152 1641 262 1709 quando
281 1645 352 1699 enim
371 1643 479 1698 dolores
497 1642 630 1697 arthritici
654 1642 753 1711 pedes,
776 1657 872 1696 manus
895 1640 1100 1711 hypocbondria
1123 1641 1256 1699 lacessere
1281 1642 1383 1711 solent3
1409 1645 1508 1700 abhinc

149 1720 230 1777 etism
250 1722 356 1778 duobus
374 1722 451 1778 annis
471 1721 556 1775 colica
574 1721 615 1776 bis
632 1720 862 1792 periculosissime
874 1720 1003 1789 laboravi,
1022 1722 1045 1775 si
1064 1738 1129 1776 cure
1147 1720 1294 1777 domestica
1312 1738 1367 1777 non
1383 1740 1506 1794 praeces·

151 1801 241 1869 sisset,
261 1802 284 1855 si
302 1801 469 1857 medicorum
488 1801 612 1871 copiast
630 1801 743 1855 consilia
761 1816 816 1856 non
834 1799 1032 1869 sublevassent,
1051 1801 1222 1855 interiissem.
1252 1801 1309 1856 lter
1326 1809 1369 1857 est
1386 1801 1506 1875 longum,

149 1878 191 1934 ria
215 1878 424 1937 difficultatibus
446 1885 475 1935 et
497 1877 626 1948 periculis
651 1879 745 1949 plena;
770 1878 793 1933 ιι
816 1877 880 1947 quid
902 1877 967 1932 mali
985 1883 1152 1948 occurreret,
1178 1876 1249 1933 unde
1268 1877 1408 1950 solatium,
1433 1884 1505 1938 unde

147 1957 277 2026 levamen,
296 1957 368 2013 unde
386 1955 539 2013 auxilinm?
557 1957 589 2010 ln
603 1957 679 2011 senio
699 1962 804 2021 (anunm
817 1963 868 2020 agit
880 1960 997 2024 Msgtnua
1009 1964 1063 2008 tum
1077 1959 1161 2025 55nm)
1179 1955 1302 2012 Italicum
1320 1958 1425 2013 coelum
1443 1976 1505 2016 cum

149 2036 344 2092 Germanorum
367 2043 534 2091 commutare
558 2045 601 2092 est
623 2037 819 2107 periculosum,
844 2054 899 2093 non
923 2054 983 2092 sum
1007 2037 1183 2093 adsuefactus
1208 2038 1382 2107 hypocauetis
1401 2041 1505 2109 calidis,

148 2130 201 2168 non
220 2116 382 2182 cerevisiae,
401 2129 456 2168 non
474 2114 535 2170 cibo
554 2130 587 2170 ac
604 2116 682 2184 potui
701 2116 897 2170 Germanorum
915 2113 1064 2183 superfluo.
1099 2117 1247 2169 Praeterea
1264 2115 1395 2171 lecturam
1413 2119 1505 2188 publi-

148 2206 206 2246 cam
223 2208 286 2248 cum
304 2202 438 2263 proventu
456 2196 508 2250 500
525 2208 669 2248 aureorum
688 2202 716 2247 st
734 2208 784 2263 spe
802 2192 918 2247 ιιιοιιιιι
936 2192 1113 2247 deserendam
1132 2208 1183 2246 nec
1200 2191 1261 2247 volo
1280 2210 1331 2249 nec
1349 2194 1450 2262 debeo,
1475 2204 1506 2251 ιιι

148 2270 241 2326 silum
259 2272 365 2342 privata
382 2271 524 2328 commoda
541 2278 570 2327 et
587 2272 701 2340 auxilia,
729 2286 800 2340 quae
820 2287 837 2325 ι
854 2269 1023 2341 principibus
1041 2278 1070 2324 et
1088 2270 1148 2324 aliis
1166 2271 1341 2327 nobilissimis
1358 2273 1422 2329 viris
1439 2272 1505 2328 mihi

148 2363 230 2418 saepe
249 2351 469 2421 suppeditantur.
504 2350 574 2404 Nam
593 2356 624 2403 nt
641 2347 747 2418 reliqna
765 2356 878 2417 taceam,
898 2347 1068 2401 cessantibus
1080 2348 1196 2418 publicis
1209 2348 1243 2402 ad
1255 2349 1346 2405 aulam
1358 2350 1504 2407 SerMan·

147 2434 210 2483 tuae
223 2428 309 2484 Ducis
328 2435 358 2484 ιιι
375 2428 522 2499 plurimum
539 2444 583 2483 me
600 2428 744 2498 transfero,
763 2443 798 2482 ex
816 2443 871 2496 qna
887 2427 923 2481 ad
935 2426 1072 2480 minimum
1086 2429 1139 2485 400
1151 2428 1264 2483 ducatos
1276 2435 1417 2496 reportare
1428 2430 1504 2486 soleo

148 2505 181 2561 ab
198 2506 308 2562 illorum
324 2507 477 2577 principum
495 2506 686 2563 liberalitatem
704 2514 732 2563 et
751 2506 952 2576 benignitatem.
984 2505 1074 2561 Taceo
1093 2514 1198 2562 sumtus
1213 2505 1354 2577 maximos,
1373 2526 1441 2578 quos
1452 2510 1505 2567 iter

147 2592 176 2641 et
193 2601 272 2642 mora
290 2586 450 2655 requireret.
487 2586 609 2640 Tandem
626 2601 690 2641 vero
711 2585 822 2651 familia,
839 2601 933 2655 uxore,
951 2590 1038 2655 patre,
1056 2584 1119 2641 filiis
1137 2592 1165 2642 et
1182 2585 1267 2640 serris
1285 2593 1384 2642 onusta
1401 2587 1504 2645 aditum

146 2664 262 2737 Pragam
280 2666 380 2721 certius
396 2664 586 2736 praecludunt.

249 2772 288 2825 At
310 2769 375 2842 quid
397 2770 450 2825 hoc
473 2786 563 2825 meum
584 2769 655 2824 iter?
683 2783 743 2822 cum
768 2767 933 2822 commodior
956 2767 1088 2823 securitas
1114 2783 1176 2824 sese
1199 2769 1277 2824 nobis
1301 2769 1399 2828 offerat
1416 2789 1503 2845 eaque

145 2848 220 2906 telis:
240 2850 361 2907 tabulam
379 2848 525 2919 cujuslibet
541 2846 668 2919 planetae
686 2846 832 2916 separatim
849 2847 939 2915 mitte;
961 2860 1012 2915 ego
1033 2845 1150 2901 vicissim
1173 2846 1295 2915 ejusdem
1307 2849 1435 2917 planetae
1447 2852 1502 2907 cal·

146 2928 236 2986 culum
259 2930 296 2986 ad
314 2930 348 2985 00
366 2943 451 2985 annos
476 2934 532 2982 tam
555 2926 715 2995 praeteritos
734 2940 815 2994 quam
833 2925 941 2980 futuros
958 2924 993 2979 ad
1012 2924 1093 2979 finem
1111 2925 1272 2996 perductum
1290 2927 1340 2983 tibi
1358 2928 1501 2985 bonafide

145 3010 299 3079 restituam,
324 3023 378 3079 quo
401 3014 432 3063 ιιι
451 3004 603 3059 successive
621 3004 687 3059 mihi
703 3003 823 3058 tabulam
842 3004 954 3059 alterins
972 3003 1100 3072 planetae
1118 3005 1299 3061 communices
1318 3008 1352 3063 ad
1369 3008 1502 3064 illummet

147 3088 351 3155 calculandum,
371 3086 457 3141 donec
475 3082 509 3138 ad
527 3083 683 3139 umbilicum
701 3082 862 3150 perductum
880 3082 916 3137 ait
933 3088 1020 3137 totum
1037 3082 1190 3154 negotium,
1215 3084 1242 3138 in
1262 3100 1316 3153 qno
1334 3086 1500 3154 perficiendo

147 3165 315 3223 celeritatem
331 3182 419 3222 meam
437 3164 562 3219 iomassis
580 3162 765 3218 demiraberis.
800 3163 897 3231 Neque
915 3161 1061 3231 descriptio
1079 3163 1183 3233 ltaliae,
1201 3162 1230 3216 in
1248 3179 1303 3233 qua
1319 3180 1342 3220 c
1361 3165 1431 3222 2000
1448 3167 1500 3221 du-

146 3252 268 3301 catorum
286 3245 429 3315 hucnsque
446 3243 574 3314 impendi,
593 3242 628 3297 ab
646 3242 700 3295 hoc
718 3248 812 3296 nostro
830 3242 971 3311 proposito
989 3240 1131 3311 detinebit,
1148 3241 1245 3296 lubens
1263 3242 1409 3299 editionem
1426 3244 1499 3300 illins

144 3323 206 3380 hnic
222 3332 397 3395 postponam.

245 3432 319 3487 Puto
337 3438 427 3487 antem
446 3431 481 3486 ab
499 3446 571 3486 anno
592 3431 674 3501 1583,
693 3428 738 3484 ιιι
756 3429 848 3498 potius
866 3430 931 3484 1581
952 3443 1040 3498 usque
1058 3427 1092 3482 ad
1110 3444 1212 3483 annum
1229 3434 1401 3498 praesentem
1423 3430 1500 3487 teto.

144 3526 196 3565 non
213 3526 277 3567 esse
295 3526 365 3580 opus
384 3509 566 3580 descriptione
585 3518 752 3581 aspectuum,
771 3509 819 3563 scd
838 3508 978 3577 sufficere,
1002 3516 1034 3563 ut
1051 3509 1221 3576 planetarum
1240 3516 1345 3564 ιιιιιιιιιι
1363 3518 1453 3565 motus
1470 3511 1499 3565 in

142 3589 253 3660 longum
272 3598 299 3643 et
318 3590 403 3644 latum
422 3599 628 3660 computentur,
656 3598 739 3660 atque
762 3590 802 3642 ιιι
828 3588 942 3656 quilibet
960 3604 1048 3643 annus
1066 3595 1161 3658 posset
1179 3590 1195 3643 7
1214 3595 1262 3643 ent
1280 3588 1297 3643 8
1315 3589 1417 3645 chartis
1435 3606 1498 3645 con-

142 3669 235 3739 tineri,
254 3669 353 3740 quibus
371 3668 396 3722 si
413 3669 528 3724 adderes
547 3666 754 3723 observationes
773 3674 801 3721 et
814 3667 983 3737 Tychonicas
1002 3674 1030 3721 et
1047 3674 1117 3729 tuas,
1138 3666 1241 3733 gratius
1260 3666 1375 3721 studiosi
1393 3669 1498 3738 accipe·
1529 3688 1536 3703 ·

141 3756 209 3804 rent.
246 3749 445 3819 Ephcmerides
463 3748 497 3803 ab
516 3763 587 3802 anno
608 3748 682 3815 teet,
702 3762 756 3817 quo
774 3761 852 3800 meae
872 3746 1053 3815 Goporniceae
1071 3743 1219 3815 incipiunt,
1239 3761 1326 3813 nsque
1343 3747 1378 3801 ad
1397 3762 1498 3802 annum

141 3827 223 3896 teto,
242 3842 346 3897 eaaqne
364 3826 392 3880 in
412 3826 465 3881 duo
484 3825 620 3881 uolumina
637 3826 737 3880 diuisas
756 3841 789 3880 ac
807 3824 908 3891 editas,
934 3829 963 3878 ut
981 3823 1044 3876 anni
1062 3823 1203 3891 praeteriti
1221 3823 1368 3892 separatim
1387 3834 1415 3880 et
1433 3827 1497 3881 anni

139 3904 223 3961 intnri
240 3906 278 3961 ad
294 3906 402 3961 libitum
420 3903 604 3961 studiosorum
621 3903 716 3959 haberi
732 3904 848 3973 possint,
866 3904 983 3958 libenter
1001 3902 1178 3957 elaborarem.

242 4012 286 4066 De
303 4011 467 4066 haeredibus
481 4012 636 4066 intricatum
649 4011 716 4065 mibi
728 4011 835 4066 ridetur
846 4009 996 4077 negotium,
1016 4015 1138 4076 optarem
1151 4022 1202 4075 ego
1215 4015 1246 4062 ut
1257 4007 1392 4062 communi
1405 4016 1496 4063 sumtu

138 4090 275 4159 integrum
297 4106 382 4158 opus,
409 4087 491 4146 nullis
515 4090 594 4143 annis
616 4090 730 4144 retentis
749 4106 766 4143 a
784 4087 916 4158 principio
940 4086 1110 4156 imprimatur
1132 4094 1160 4140 et
1182 4086 1336 4155 publicetur
1357 4094 1385 4142 et
1406 4088 1496 4142 omnia

138 4169 306 4239 exemplaria
329 4170 402 4223 inter
428 4185 478 4224 nos
501 4172 652 4239 aequaliter
676 4170 840 4226 dividantur.
876 4167 981 4235 Quodsi
1004 4174 1052 4222 aut
1073 4174 1105 4220 tu
1123 4173 1171 4220 sut
1188 4165 1287 4235 aliquis
1303 4165 1429 4222 librarius
1446 4173 1495 4221 ιιιο

137 4264 275 4305 consensu
297 4248 424 4318 expensis
446 4249 564 4318 propriis
586 4257 674 4305 toturn
699 4262 768 4317 opns
791 4247 936 4317 suscipiet,
961 4253 1063 4301 certam
1085 4245 1278 4312 exemplarium
1300 4245 1494 4315 impressorum

138 4344 272 4384 summam
290 4344 340 4397 pro
358 4342 419 4383 meo
437 4327 530 4382 labore
549 4328 678 4383 libentius
696 4326 833 4394 recipiam,
851 4332 883 4379 ιιι
901 4340 932 4378 ea
950 4340 1000 4393 per
1017 4324 1123 4379 Italiam
1142 4322 1310 4377 distribuam.
1348 4324 1493 4392 Securitas,

137 4422 170 4461 ne
188 4414 256 4461 tuae
274 4405 384 4460 tabulae
403 4411 451 4459 aut
468 4404 521 4459 hae
536 4405 731 4474 Ephemerides
750 4418 767 4456 a
783 4418 826 4456 me
845 4399 984 4456 confectae
1002 4408 1030 4455 te
1047 4401 1133 4455 inscio
1152 4418 1184 4456 ac
1201 4402 1285 4455 invito
1303 4402 1332 4456 in
1349 4402 1429 4456 ltalia
1446 4411 1494 4458 aut

137 4484 203 4540 alibi
221 4484 347 4554 edantur,
364 4486 434 4540 haec
452 4493 526 4540 esto:
545 4486 590 4539 hic
607 4481 789 4554 chirographo
808 4496 868 4535 meo
886 4481 997 4549 proprio
1015 4496 1058 4534 me
1071 4480 1195 4549 obligabo
1211 4481 1290 4535 bonis
1302 4480 1494 4549 praesentibus

138 4574 164 4619 et
181 4563 295 4631 intutis,
314 4570 345 4618 ut
362 4562 452 4631 possis
470 4572 567 4619 contra
584 4578 627 4617 me
646 4571 672 4615 at
690 4576 751 4615 mea
767 4560 849 4628 bona,
868 4574 947 4614 secus
966 4560 988 4612 si
1007 4560 1099 4628 faxim,
1118 4574 1198 4629 agere
1217 4562 1290 4614 etin
1308 4560 1357 4614 teli
1374 4576 1441 4615 casu
1452 4561 1493 4614 in·

137 4640 236 4697 harem
252 4642 337 4696 citam
354 4656 441 4696 meam
459 4642 582 4697 reddere.
614 4639 699 4694 Totus
718 4638 789 4692 enim
807 4647 901 4707 aperte
920 4644 948 4691 et
965 4638 1087 4707 candide,
1106 4648 1137 4693 nt
1155 4640 1223 4694 alias
1235 4654 1343 4709 semper
1353 4638 1415 4709 ieci,
1432 4639 1492 4694 sine

138 4720 200 4779 luco
217 4728 315 4777 contra
331 4726 360 4776 te
377 4719 542 4790 procedam;
559 4718 685 4775 similiter
702 4718 768 4787 quin
785 4716 907 4772 facturus
925 4716 971 4786 sis,
989 4718 1144 4773 nullatenus
1161 4717 1265 4773 dubito.
