3284 5520
155 372 223 444 648
629 372 1041 448 nxuphemoidibmiisplert

157 563 227 605 esse.
264 548 312 604 Sin
335 556 425 605 autem
443 548 605 607 Hortensius
627 550 785 620 hujnsmodi
806 550 1007 623 speculatione
1028 548 1132 605 rudiori
1148 546 1270 614 calamo,
1294 552 1330 602 ut
1346 546 1426 615 alibi,
1449 563 1506 603 con·

158 628 274 697 denset,
293 627 362 684 sciat
379 626 463 683 hasce
481 628 616 685 vanitates
634 627 769 685 feliciores
780 630 861 700 longe
873 628 958 685 inisse
970 629 998 684 in
1011 625 1221 684 determinandis
1232 624 1407 695 planetarum
1419 640 1505 683 escen·

157 706 331 777 tricitmibus,
359 724 440 777 quam
463 709 585 778 magistri
607 709 650 764 sui
667 726 717 780 per
734 725 820 765 annos
838 717 911 765 totos
928 708 962 763 ii
982 705 1094 776 vigilias.
1129 704 1288 775 Imperitnm
1306 712 1353 760 est
1369 704 1455 777 enirn,
1477 722 1506 762 ea

155 800 225 853 quae
250 801 304 840 non
328 787 457 855 intelligis
482 804 532 857 pro
556 789 632 843 ranis
654 790 777 857 rejicere.
812 790 958 845 Rationum
976 802 1040 842 rere
1057 783 1274 841 hermeniarum
1292 799 1420 851 magnam
1438 783 1505 854 apud

156 878 199 917 me
216 863 296 919 fidem
316 864 395 931 lacit,
419 866 492 934 quod
509 865 646 936 Keplerus
664 883 698 923 ex
716 867 770 925 illis
788 866 984 925 demonstrarit
1002 864 1206 935 proportionem
1223 863 1334 920 orbium
1351 862 1504 920 coelestium

155 939 226 994 inter
243 956 274 995 sc
292 940 328 996 ad
345 943 435 1012 ipsum
452 943 586 998 minutum
605 945 781 1017 verissimam,
800 963 861 1002 eum
878 944 1072 1013 Lansbergius,
1091 943 1138 1012 qui
1150 958 1185 997 ex
1197 942 1439 999 observationibus
1450 958 1504 1013 pro

154 1017 293 1087 portiones
315 1036 379 1076 suas
398 1020 463 1076 dicit
482 1020 578 1077 saltem
600 1021 701 1091 petitas
715 1039 784 1094 esse,
802 1024 837 1079 ad
849 1022 981 1093 pudorem
993 1022 1109 1089 aberrat,
1128 1028 1159 1076 ut
1171 1023 1292 1079 omnium
1304 1021 1503 1078 observationes

154 1099 303 1155 remissime
316 1101 513 1157 demonstrant.
545 1100 613 1155 Cum
624 1100 706 1168 igitur
719 1100 921 1170 speculationes
938 1099 1111 1156 harmonicae
1122 1102 1328 1171 proportionem
1339 1099 1448 1157 orbium
1458 1118 1502 1159 ex·

153 1175 328 1246 quisitissima
346 1178 470 1248 prodant,
489 1178 551 1249 quis
569 1178 718 1249 dubitabit,
736 1181 819 1236 etiam
837 1182 1026 1237 exactissimae
1043 1180 1259 1236 eoeentrioitates
1276 1194 1314 1235 ex
1330 1177 1431 1235 iisdem
1446 1196 1502 1250 pre

154 1254 217 1309 duci
234 1270 329 1326 posse,
348 1258 372 1313 si
390 1257 581 1328 proportiones
599 1257 771 1315 harmonicae
788 1276 885 1330 parum
902 1259 1091 1316 mutarentur?
1119 1260 1200 1314 Certe
1215 1258 1337 1328 ingenue
1353 1258 1414 1327 agit
1430 1258 1503 1328 hujus

153 1332 344 1403 philosophiae
362 1337 555 1405 antesignanus
567 1337 712 1408 lleplerus,
731 1339 778 1409 qni
795 1346 901 1411 partem
919 1341 1042 1411 quamvis
1060 1341 1088 1395 in
1106 1354 1155 1397 suo
1173 1344 1322 1407 systemate
1339 1342 1385 1393 rei
1402 1337 1501 1393 cerret

152 1411 262 1469 leudam
281 1414 323 1470 vel
341 1414 555 1486 permutandam,
574 1416 627 1472 imo
647 1417 852 1486 dispositionem
869 1418 904 1473 ab
921 1418 981 1486 ipso
998 1418 1148 1475 adhibitam
1164 1415 1208 1471 rel
1219 1415 1249 1471 in
1260 1422 1322 1471 toto
1335 1414 1380 1472 rel
1392 1416 1423 1473 in
1432 1424 1502 1486 parts

152 1494 344 1553 destruendam
362 1497 501 1568 permittit,
521 1497 600 1553 modo
619 1497 721 1568 aliquid
739 1499 830 1569 aptius
846 1498 1020 1554 introducere
1037 1497 1183 1569 possimus.

255 1586 370 1641 Causam
393 1585 451 1641 iere
476 1600 582 1641 omnem
606 1587 705 1643 erroris
728 1586 756 1642 in
775 1587 888 1645 Tabulis
910 1587 1093 1658 liudolphinis
1116 1586 1202 1656 (quse
1225 1583 1303 1639 solae
1321 1582 1395 1638 reris
1412 1581 1500 1637 lnnds·

150 1662 248 1720 mentis
266 1663 402 1732 nituntur)
420 1664 448 1718 in
467 1679 564 1720 musas
582 1665 710 1736 physicas
728 1666 925 1722 accidentarias
943 1681 1115 1735 nequaqnam
1132 1662 1258 1733 conjicio,
1276 1661 1370 1718 sedin
1382 1675 1500 1717 nummos

150 1739 347 1811 Rudolphinos.
384 1741 520 1812 lleplerus
538 1742 610 1797 enim
627 1750 718 1799 motus
736 1745 866 1814 aequales
883 1752 936 1803 etc.
956 1761 1010 1800 non
1029 1743 1097 1799 satis
1114 1742 1237 1812 praecise
1256 1739 1406 1796 ordinarit.
1429 1741 1500 1807 (Quas

149 1831 288 1891 sequnntur
305 1823 422 1886 leguntur
439 1826 490 1876 rol.
510 1824 554 1875 iii.
573 1840 600 1889 p.
619 1827 671 1878 513
689 1827 722 1894 s.)

253 1917 287 1972 ln
306 1917 504 1987 „disputatione
521 1917 571 1974 VJ·
596 1918 644 1986 (de
667 1919 861 1989 diagrammate
881 1919 1074 1991 Hipparchico.
1104 1921 1156 1977 cir.
1174 1921 1226 1975 roi.
1246 1920 1293 1975 ili.
1311 1936 1341 1986 p.
1360 1923 1425 1987 515,
1442 1917 1500 1987 titi)

152 1995 314 2066 Lansbergii
331 1997 466 2053 theoriam
483 1996 578 2051 Lunae
595 1995 734 2067 rejiciens,
758 1997 869 2068 liepleri
887 1997 996 2053 maximi
1014 1996 1094 2067 iacit,
1120 1997 1229 2052 unicum
1247 2003 1355 2067 tamem
1383 1994 1501 2065 dicit‚in

152 2076 272 2148 lleplero
290 2075 455 2146 culpandum
474 2076 546 2131 duxi.
578 2075 621 2129 Ad
640 2076 856 2146 cognoscendam
868 2076 1037 2132 durationem
1050 2076 1219 2131 omnimodae
1233 2073 1426 2146 eclipsationis
1438 2072 1501 2131 Solis

147 2155 201 2211 hoc
223 2155 307 2211 tradit
327 2159 518 2224 praeceptum:
545 2154 731 2223 Conjiciantnr
750 2199 757 2212 .
777 2199 784 2213 .
805 2199 812 2212 .
832 2198 840 2213 .
864 2176 889 2213 v.
908 2159 959 2211 voi.
978 2160 1022 2215 Vi.
1041 2175 1068 2224 p.
1089 2161 1150 2211 ise.
1185 2154 1224 2209 Et
1247 2154 1317 2209 haec
1335 2162 1414 2208 recte
1430 2168 1500 2224 pree
1532 2148 1536 2157 '

149 2235 223 2303 cipit.
261 2235 324 2304 Ipse
342 2241 433 2289 tamen
452 2233 530 2302 quasi
549 2242 668 2290 errasset
685 2235 713 2289 in
732 2236 805 2291 notis
823 2235 858 2290 ad
876 2244 1024 2304 praecepta
1042 2235 1094 2289 hoe
1112 2234 1201 2303 ipsum
1218 2232 1332 2301 corrigit
1348 2236 1382 2303 (i.
1402 2235 1443 2299 e.)
1468 2230 1501 2287 Et

149 2312 202 2368 hoe
230 2314 338 2383 quidem
363 2329 455 2369 verum
480 2320 534 2381 est,
560 2313 599 2369 sic
618 2314 730 2371 conflari
748 2331 878 2371 summam
897 2316 965 2371 disci
983 2323 1011 2371 et
1028 2314 1203 2386 penumbrae.
1239 2314 1277 2369 At
1296 2328 1362 2369 sero
1380 2312 1406 2369 si
1423 2312 1456 2367 ab
1472 2326 1502 2365 ee

147 2406 252 2448 summa
270 2408 384 2462 quaeres
399 2391 529 2461 scrupula
541 2391 666 2449 dimidiae
679 2393 838 2462 durationis,
856 2394 936 2464 plura
953 2409 986 2450 ea
1003 2393 1124 2449 invenies
1142 2408 1224 2463 quam
1240 2407 1271 2447 ra
1289 2407 1356 2448 vera
1374 2398 1449 2447 sunt
1476 2388 1502 2445 Si

146 2471 216 2527 enim
234 2487 314 2528 arcus
332 2473 403 2527 iuter
420 2477 515 2527 centra
531 2471 559 2524 in
578 2472 667 2527 medio
686 2470 873 2541 eclipsationis
891 2472 1060 2527 omnimodae
1079 2470 1188 2526 omnino
1206 2469 1318 2538 nullus,
1338 2469 1433 2525 seium
1448 2475 1501 2522 tum

146 2567 249 2619 omnes,
269 2552 400 2623 scrupula
418 2552 543 2608 dimidiae
556 2550 706 2607 durationis
719 2551 814 2606 eadem
827 2567 962 2608 esserum
975 2550 1104 2609 distantia
1115 2556 1271 2607 ceutrornm
1284 2546 1357 2603 Solis
1370 2554 1400 2602 et
1411 2548 1502 2602 Lunae

144 2630 172 2686 in
191 2631 323 2701 principio
341 2630 384 2686 rel
402 2628 456 2685 tine
475 2629 669 2699 eclipsationis.
700 2630 753 2686 Est
770 2637 862 2685 eutem
880 2629 1009 2686 distantia
1026 2634 1181 2685 oentrorum
1198 2624 1227 2681 in
1244 2626 1383 2697 principio
1395 2627 1441 2684 rel
1452 2626 1501 2682 dne

146 2709 268 2779 aequalis
286 2722 407 2763 summae
425 2706 685 2762 semidiametrorum
697 2708 793 2763 Lunae
811 2715 839 2764 et
856 2707 1039 2764 irradiationis
1058 2704 1138 2772 Solis,
1157 2705 1184 2759 h.
1198 2720 1221 2760 e.
1242 2702 1500 2762 semidiametrornrn

144 2787 284 2845 luminaris
303 2786 445 2854 utriusque
463 2792 491 2841 et
509 2786 681 2855 parallaxeos
693 2785 798 2855 Lunae,
817 2785 964 2842 diminutae
976 2784 1109 2856 perallexi
1122 2782 1203 2839 Solis.
1233 2783 1314 2851 Quod
1326 2792 1421 2840 autem
1433 2784 1500 2853 liep-

144 2868 219 2923 lerus
242 2868 293 2935 ait,
319 2872 446 2936 oportere
468 2880 560 2920 arcum
584 2865 656 2921 inter
678 2871 773 2920 centm
796 2865 938 2920 athenae
956 2865 1094 2920 horarium
1112 2880 1129 2919 s
1147 2861 1211 2918 Sole
1228 2869 1336 2918 motum
1353 2862 1439 2918 diuidi
1456 2875 1500 2931 psi

146 2945 298 3017 paraliaxin
316 2946 412 2999 Lnnse
430 2961 447 3001 a
466 2941 543 3010 Sole,
569 2944 657 2998 iateor
682 2941 809 3013 equidem
830 2959 874 2999 me
890 2959 1001 3001 sensum
1020 2944 1093 3000 illins
1111 2960 1165 3000 uon
1184 2942 1344 3011 recupera:
1371 2948 1417 2997 est
1434 2941 1499 2996 enirn

145 3024 294 3094 pareliaxis
320 3026 343 3088 Ι)
366 3022 434 3092 aQ)
459 3036 566 3091 semper
590 3022 677 3090 major
699 3021 808 3077 horario
833 3027 857 3089 J)
884 3023 967 3092 ae),
992 3037 1075 3093 saepe
1098 3036 1208 3092 quoqne
1232 3021 1320 3090 major
1344 3036 1414 3076 areu
1435 3021 1499 3076 inter

144 3110 252 3170 eeuhe3
279 3102 414 3171 quomodo
438 3109 528 3158 autem
552 3099 640 3167 majus
658 3098 760 3156 dividet
776 3100 885 3154 minus?
913 3099 1101 3170 Quodcunque
1119 3102 1166 3171 sit,
1189 3099 1243 3155 hoc
1260 3106 1367 3155 eertum
1386 3106 1443 3168 est,
1466 3095 1497 3153 ml

144 3195 214 3251 opus
233 3195 294 3235 esse
313 3179 465 3250 cognitione
484 3177 677 3236 semidiametri
692 3177 861 3247 penumbrae
878 3177 975 3233 Lunae
994 3177 1038 3232 vel
1050 3178 1117 3233 disci
1130 3177 1238 3247 Terrae,
1257 3177 1306 3234 sed
1318 3184 1411 3233 totum
1422 3192 1497 3246 nego

143 3258 210 3313 tium
233 3258 329 3313 confici
352 3275 434 3329 posse
460 3259 599 3316 additione
621 3257 882 3314 semidiametrorum
905 3261 1048 3327 utriusque
1072 3259 1211 3316 luminaris
1230 3268 1258 3316 et
1275 3259 1495 3331 parallaxeosb

143 3338 221 3407 ab).
257 3338 333 3393 llaec
357 3339 427 3394 enim
451 3356 556 3395 summa
574 3336 705 3408 ostendit,
731 3345 834 3408 quanto
853 3354 918 3394 arcu
938 3339 1040 3394 distent
1057 3339 1091 3410 Θ
1110 3344 1138 3394 et
1161 3345 1187 3407 J)
1208 3345 1305 3396 centra
1321 3340 1350 3395 iu
1369 3336 1497 3407 principio

143 3424 170 3471 et
188 3414 242 3471 fine
260 3415 445 3486 eclipsationis
464 3416 641 3474 omnimodae.

248 3503 341 3573 Capite
360 3505 407 3561 IV.
426 3505 619 3575 disputationis
638 3505 670 3560 V.
689 3504 828 3575 probatur,
846 3505 1010 3576 Lansbergii
1026 3505 1194 3576 hypotheses
1213 3505 1334 3560 omnium
1351 3505 1497 3560 maximea

142 3580 219 3638 coelo
241 3581 394 3640 dissentire.
432 3585 503 3642 Solis
528 3585 660 3640 diameter
678 3601 694 3640 a
712 3587 882 3654 Lansbergio
901 3587 1031 3642 statuitur
1048 3587 1076 3641 in
1094 3601 1217 3656 apogaeo
1235 3587 1278 3641 33‘
1297 3585 1360 3651 34⁰,
1388 3585 1417 3640 in
1434 3582 1497 3654 peri·

142 3676 210 3729 gneo
228 3661 273 3718 36⁴
298 3662 369 3732 iere,
394 3665 548 3735 elieplero
572 3663 628 3719 illie
645 3666 698 3734 30‘,
725 3665 770 3719 hic
788 3666 831 3719 31¹
849 3666 982 3734 proxime.
1018 3668 1135 3723 Possent
1159 3666 1186 3721 in
1210 3665 1264 3721 hae
1284 3671 1365 3733 parte
1384 3662 1496 3733 lieplero

141 3740 209 3795 satis
228 3742 280 3795 tuti
300 3743 474 3811 acquiescere
492 3744 676 3800 studiosorum
696 3743 784 3809 animi,
804 3744 855 3798 uisi
875 3744 1019 3800 vanissimo
1039 3743 1155 3813 strepitu
1172 3758 1228 3798 rem
1247 3743 1350 3812 optime
1369 3747 1496 3797 constitu·

140 3824 197 3873 tam
215 3817 388 3887 perturbaret
406 3819 599 3891 Lausbergius.
631 3821 726 3877 Multis
744 3821 815 3877 enim
834 3829 861 3876 et
880 3838 994 3892 prorsus
1012 3821 1199 3878 infallibilibus
1217 3819 1415 3889 experimentis
1433 3834 1497 3874 com·

141 3904 248 3966 perium
266 3897 361 3969 habeo,
382 3900 453 3955 Solis
472 3900 591 3969 perigaei
610 3898 771 3956 diametrum
790 3901 985 3957 insensibiliter
1002 3900 1111 3955 omnino
1124 3913 1254 3967 superare
1267 3899 1319 3962 31¹,
1336 3898 1423 3968 idque
1435 3899 1497 3953 adeo

141 3985 229 4047 semo,
254 3984 285 4034 ut
309 3997 364 4036 non
388 3983 474 4049 magis
497 3981 531 4036 de
553 3982 614 4051 ipse
632 3982 704 4037 Solis
728 3982 790 4037 luce
816 3999 896 4052 quam
917 3982 951 4038 de
968 3981 1029 4050 ejus
1047 3979 1179 4034 diametro
1199 3977 1299 4033 certior
1316 3976 1386 4031 mihi
1404 3977 1497 4032 ridear.

141 4057 310 4113 Diametrum
324 4059 395 4116 Solis
414 4060 601 4130 perforamen
621 4060 765 4117 observare
785 4062 878 4117 docuit
889 4059 1025 4131 lieplerus
1044 4059 1157 4128 ejusque
1177 4055 1439 4113 demonstrationem
1455 4053 1498 4109 sd·

137 4134 240 4203 junxit.
260 4137 331 4207 (Vol.
345 4142 377 4191 ii.
391 4156 416 4205 p.
432 4144 483 4193 342
497 4140 531 4206 s.)
564 4137 701 4207 lieplerus
719 4138 830 4196 assidua
848 4138 1018 4209 experientia
1035 4135 1138 4191 invenit
1155 4135 1316 4192 diametrum
1328 4135 1364 4206 Θ
1383 4134 1413 4190 iu
1430 4132 1498 4204 peri·

140 4229 208 4282 gaeo
227 4215 279 4271 ai‘.
315 4216 402 4272 Facta
419 4225 462 4272 est
480 4217 549 4272 hace
568 4216 721 4273 observatio
740 4225 783 4273 ter
800 4225 828 4273 et
846 4217 957 4273 mutatis
976 4214 1131 4283 mnelibus,
1156 4221 1187 4270 ut
1204 4212 1290 4278 scias,
1314 4227 1425 4267 omnem
1442 4209 1498 4265 dili·

140 4291 259 4358 gentism
282 4292 430 4350 adhibitam
456 4293 548 4351 subse.
585 4296 685 4352 Nescio
709 4312 789 4365 sune,
815 4296 881 4365 quid
905 4296 1091 4353 contrahere
1114 4294 1259 4349 obseruata
1281 4289 1374 4361 excipi
1392 4288 1498 4361 poterit

141 4372 197 4422 Jam
216 4374 367 4424 llorrocciue
391 4391 449 4427 suas
473 4378 555 4442 ipsius
575 4380 763 4430 observationes
782 4383 866 4444 silari,
892 4383 985 4447 qulbus
1004 4379 1146 4431 confirmari
1165 4377 1237 4438 dicit,
1265 4375 1418 4425 diametrum
1436 4373 1498 4424 Solis

144 4451 252 4513 parignei
271 4465 321 4500 non
341 4455 441 4503 extendi
459 4469 535 4519 posse
553 4457 622 4504 ultra
640 4456 683 4507 31¹
702 4456 762 4519 33”,
787 4462 892 4521 apogaei
909 4458 952 4511 ³0¹
972 4457 1032 4511 80¹‘.
1070 4456 1222 4505 admouisse
1246 4469 1304 4504 vero
1324 4456 1437 4504 toramen
1456 4450 1497 4501 stl-

141 4530 242 4579 modum
262 4533 393 4595 exiguum,
421 4548 471 4598 quo
491 4531 557 4584 Solis
577 4534 698 4584 diameter
716 4534 904 4601 aliquantulum
922 4541 996 4586 sueta
1013 4535 1102 4600 luerit,
1128 4546 1203 4594 qnare
1222 4531 1327 4596 Keplerl
1345 4531 1497 4597 quantitates

143 4609 307 4658 marmandae
326 4611 386 4663 siut.
424 4607 477 4662 Sed
497 4607 630 4677 obstrepit
647 4607 699 4677 hic,
720 4615 809 4678 pergit,
827 4609 992 4666 Hortensius
1011 4615 1039 4664 et
1056 4608 1188 4664 incertam
1205 4606 1277 4662 hane
1295 4621 1357 4663 essa
1376 4607 1497 4662 ohserva-

140 4683 222 4738 tiouis
241 4686 373 4741 rationem
393 4686 541 4742 contendit.
574 4686 771 4743 Difficultutem
789 4689 904 4757 probare
923 4688 1019 4744 nititur
1038 4702 1054 4742 a
1071 4694 1147 4742 motu
1167 4692 1195 4741 et
1213 4684 1399 4755 trepidatione
1415 4681 1497 4739 radio·

139 4778 213 4831 rum,
233 4778 250 4816 e
268 4763 377 4820 lsilacin
400 4765 556 4834 oculorum,
584 4765 741 4822 confusione
764 4766 838 4821 limbi
862 4773 890 4823 et
916 4769 1023 4825 diuersa
1041 4766 1193 4839 quantitate
1213 4764 1364 4822 foraminis.
1402 4762 1456 4820 Sed
1471 4774 1497 4815 re

139 4856 204 4897 sera
226 4851 359 4914 nugatur,
383 4843 451 4899 nihil
474 4845 546 4901 enim
570 4846 698 4904 sensibile
721 4846 845 4905 allidunt
869 4847 1046 4907 haecomnia
1064 4861 1135 4917 quae
1153 4843 1257 4926 objicit.
1292 4846 1369 4899 iisse
1384 4846 1497 4915 pluribus
