<?xml version="1.0" encoding="UTF-8"?>
<!DOCTYPE html PUBLIC "-//W3C//DTD XHTML 1.0 Transitional//EN"
    "http://www.w3.org/TR/xhtml1/DTD/xhtml1-transitional.dtd">
<html xmlns="http://www.w3.org/1999/xhtml" xml:lang="en" lang="en">
 <head>
  <title>
</title>
<meta http-equiv="Content-Type" content="text/html;charset=utf-8" />
  <meta name='ocr-system' content='tesseract 3.04.00' />
  <meta name='ocr-capabilities' content='ocr_page ocr_carea ocr_par ocr_line ocrx_word'/>
</head>
<body>
  <div class='ocr_page' id='page_1' title='image "./joanniskepleria07frisgoog/joanniskepleria07frisgoog_0855.png"; bbox 0 0 3284 5520; ppageno 0'>
   <div class='ocr_carea' id='block_1_1' title="bbox 175 321 1183 395">
    <p class='ocr_par' dir='ltr' id='par_1_1' title="bbox 175 321 1183 395">
     <span class='ocr_line' id='line_1_1' title="bbox 175 321 1183 395; baseline 0 -16"><span class='ocrx_word' id='word_1_1' title='bbox 175 324 241 395; x_wconf 81' lang='grc'><strong>836</strong></span> <span class='ocrx_word' id='word_1_2' title='bbox 534 324 577 381; x_wconf 85' lang='lat' dir='ltr'><strong>Da</strong></span> <span class='ocrx_word' id='word_1_3' title='bbox 593 323 766 395; x_wconf 80' lang='lat' dir='ltr'><strong>septuaginta</strong></span> <span class='ocrx_word' id='word_1_4' title='bbox 783 321 997 381; x_wconf 64' lang='lat' dir='ltr'><strong>hebdomadibus</strong></span> <span class='ocrx_word' id='word_1_5' title='bbox 1014 323 1042 379; x_wconf 86' lang='lat' dir='ltr'><strong>iu</strong></span> <span class='ocrx_word' id='word_1_6' title='bbox 1059 323 1183 381; x_wconf 82' lang='lat' dir='ltr'><strong>Daniele.</strong></span> 
     </span>
    </p>
   </div>
   <div class='ocr_carea' id='block_1_2' title="bbox 118 501 1538 4778">
    <p class='ocr_par' dir='ltr' id='par_1_2' title="bbox 118 501 1538 3641">
     <span class='ocr_line' id='line_1_2' title="bbox 175 501 1531 580; baseline -0.006 -13"><span class='ocrx_word' id='word_1_7' title='bbox 175 504 320 578; x_wconf 89' lang='lat' dir='ltr'><strong>Judsoos,</strong></span> <span class='ocrx_word' id='word_1_8' title='bbox 343 506 369 564; x_wconf 92' lang='lat' dir='ltr'><strong>si</strong></span> <span class='ocrx_word' id='word_1_9' title='bbox 393 505 444 579; x_wconf 89' lang='lat' dir='ltr'><strong>qni</strong></span> <span class='ocrx_word' id='word_1_10' title='bbox 465 502 539 563; x_wconf 83' lang='lat' dir='ltr'><strong>torte</strong></span> <span class='ocrx_word' id='word_1_11' title='bbox 562 506 629 576; x_wconf 91' lang='lat' dir='ltr'><strong>sint,</strong></span> <span class='ocrx_word' id='word_1_12' title='bbox 653 505 702 580; x_wconf 91' lang='lat' dir='ltr'><strong>qui</strong></span> <span class='ocrx_word' id='word_1_13' title='bbox 725 519 757 563; x_wconf 88' lang='lat' dir='ltr'><strong>se</strong></span> <span class='ocrx_word' id='word_1_14' title='bbox 780 504 890 563; x_wconf 89' lang='lat' dir='ltr'><strong>moneri</strong></span> <span class='ocrx_word' id='word_1_15' title='bbox 913 504 1074 580; x_wconf 78' lang='lat' dir='ltr'><strong>patiantur:</strong></span> <span class='ocrx_word' id='word_1_16' title='bbox 1097 501 1154 563; x_wconf 90' lang='lat' dir='ltr'><strong>hoc</strong></span> <span class='ocrx_word' id='word_1_17' title='bbox 1167 510 1212 563; x_wconf 89' lang='lat' dir='ltr'><strong>sot</strong></span> <span class='ocrx_word' id='word_1_18' title='bbox 1227 503 1397 563; x_wconf 84' lang='lat' dir='ltr'><strong>confirmare</strong></span> <span class='ocrx_word' id='word_1_19' title='bbox 1412 509 1531 579; x_wconf 89' lang='lat' dir='ltr'><strong>pactum</strong></span> 
     </span>
     <span class='ocr_line' id='line_1_3' title="bbox 176 588 1533 669; baseline -0.004 -16"><span class='ocrx_word' id='word_1_20' title='bbox 176 592 284 653; x_wconf 88' lang='lat' dir='ltr'><strong>multis.</strong></span> <span class='ocrx_word' id='word_1_21' title='bbox 324 590 354 669; x_wconf 80' lang='lat'><strong>5)</strong></span> <span class='ocrx_word' id='word_1_22' title='bbox 378 590 474 650; x_wconf 88' lang='lat' dir='ltr'><strong>Etiam</strong></span> <span class='ocrx_word' id='word_1_23' title='bbox 497 588 548 651; x_wconf 91' lang='lat' dir='ltr'><strong>illa</strong></span> <span class='ocrx_word' id='word_1_24' title='bbox 570 592 711 651; x_wconf 90' lang='lat' dir='ltr'><strong>concinne</strong></span> <span class='ocrx_word' id='word_1_25' title='bbox 734 589 842 650; x_wconf 89' lang='lat' dir='ltr'><strong>cadunt</strong></span> <span class='ocrx_word' id='word_1_26' title='bbox 864 591 895 649; x_wconf 91' lang='lat' dir='ltr'><strong>in</strong></span> <span class='ocrx_word' id='word_1_27' title='bbox 918 588 1110 649; x_wconf 75' lang='lat' dir='ltr'>hebdomadis</span> <span class='ocrx_word' id='word_1_28' title='bbox 1132 591 1269 664; x_wconf 90' lang='lat' dir='ltr'><strong>medium,</strong></span> <span class='ocrx_word' id='word_1_29' title='bbox 1294 606 1372 667; x_wconf 86' lang='lat' dir='ltr'><strong>quse</strong></span> <span class='ocrx_word' id='word_1_30' title='bbox 1395 592 1424 648; x_wconf 91' lang='lat' dir='ltr'><strong>in</strong></span> <span class='ocrx_word' id='word_1_31' title='bbox 1449 598 1533 648; x_wconf 87' lang='lat' dir='ltr'><strong>csta-</strong></span> 
     </span>
     <span class='ocr_line' id='line_1_4' title="bbox 177 677 1532 757; baseline -0.002 -19"><span class='ocrx_word' id='word_1_32' title='bbox 177 679 247 757; x_wconf 85' lang='lat' dir='ltr'><strong>logo</strong></span> <span class='ocrx_word' id='word_1_33' title='bbox 266 677 403 756; x_wconf 90' lang='lat' dir='ltr'><strong>leguntur</strong></span> <span class='ocrx_word' id='word_1_34' title='bbox 417 677 455 739; x_wconf 91' lang='lat' dir='ltr'><strong>ad</strong></span> <span class='ocrx_word' id='word_1_35' title='bbox 470 695 578 738; x_wconf 89' lang='lat' dir='ltr'><strong>annum</strong></span> <span class='ocrx_word' id='word_1_36' title='bbox 595 685 657 739; x_wconf 90' lang='grc'><strong>600</strong></span> <span class='ocrx_word' id='word_1_37' title='bbox 674 687 703 738; x_wconf 89' lang='lat' dir='ltr'><strong>at</strong></span> <span class='ocrx_word' id='word_1_38' title='bbox 719 684 790 752; x_wconf 82' lang='lat'><strong>601,</strong></span> <span class='ocrx_word' id='word_1_39' title='bbox 813 680 864 738; x_wconf 92' lang='lat' dir='ltr'><strong>ubi</strong></span> <span class='ocrx_word' id='word_1_40' title='bbox 887 680 965 738; x_wconf 87' lang='lat' dir='ltr'><strong>omni</strong></span> <span class='ocrx_word' id='word_1_41' title='bbox 981 681 1199 737; x_wconf 78' lang='lat' dir='ltr'><strong>asseveratione</strong></span> <span class='ocrx_word' id='word_1_42' title='bbox 1215 678 1370 752; x_wconf 90' lang='lat' dir='ltr'><strong>contendo,</strong></span> <span class='ocrx_word' id='word_1_43' title='bbox 1395 680 1532 753; x_wconf 87' lang='lat' dir='ltr'><strong>quamvis</strong></span> 
     </span>
     <span class='ocr_line' id='line_1_5' title="bbox 175 764 1533 837; baseline -0.003 -10"><span class='ocrx_word' id='word_1_44' title='bbox 175 766 256 827; x_wconf 86' lang='lat' dir='ltr'><strong>nollo</strong></span> <span class='ocrx_word' id='word_1_45' title='bbox 279 768 365 825; x_wconf 87' lang='lat' dir='ltr'><strong>nixus</strong></span> <span class='ocrx_word' id='word_1_46' title='bbox 387 773 515 837; x_wconf 89' lang='lat' dir='ltr'><strong>auctore,</strong></span> <span class='ocrx_word' id='word_1_47' title='bbox 539 765 663 825; x_wconf 90' lang='lat' dir='ltr'><strong>Neronis</strong></span> <span class='ocrx_word' id='word_1_48' title='bbox 684 772 812 825; x_wconf 90' lang='lat' dir='ltr'><strong>statuam</strong></span> <span class='ocrx_word' id='word_1_49' title='bbox 835 768 863 824; x_wconf 89' lang='lat' dir='ltr'><strong>in</strong></span> <span class='ocrx_word' id='word_1_50' title='bbox 886 773 1020 825; x_wconf 90' lang='lat' dir='ltr'><strong>sanctum</strong></span> <span class='ocrx_word' id='word_1_51' title='bbox 1043 775 1209 825; x_wconf 86' lang='lat' dir='ltr'><strong>sanctorum</strong></span> <span class='ocrx_word' id='word_1_52' title='bbox 1225 765 1410 833; x_wconf 85' lang='lat' dir='ltr'><strong>collocatam.</strong></span> <span class='ocrx_word' id='word_1_53' title='bbox 1451 764 1533 824; x_wconf 86' lang='lat' dir='ltr'><strong>Cau·</strong></span> 
     </span>
     <span class='ocr_line' id='line_1_6' title="bbox 175 846 1533 933; baseline -0.003 -18"><span class='ocrx_word' id='word_1_54' title='bbox 175 871 227 915; x_wconf 91' lang='lat' dir='ltr'><strong>sae</strong></span> <span class='ocrx_word' id='word_1_55' title='bbox 258 854 313 914; x_wconf 90' lang='lat' dir='ltr'><strong>bae</strong></span> <span class='ocrx_word' id='word_1_56' title='bbox 343 860 427 914; x_wconf 90' lang='lat' dir='ltr'><strong>sunt:</strong></span> <span class='ocrx_word' id='word_1_57' title='bbox 464 846 495 933; x_wconf 94' lang='lat'><strong>1)</strong></span> <span class='ocrx_word' id='word_1_58' title='bbox 518 852 595 930; x_wconf 90' lang='lat' dir='ltr'><strong>quud</strong></span> <span class='ocrx_word' id='word_1_59' title='bbox 627 853 759 912; x_wconf 86' lang='lat' dir='ltr'><strong>Christus</strong></span> <span class='ocrx_word' id='word_1_60' title='bbox 790 854 846 925; x_wconf 93' lang='lat' dir='ltr'><strong>ait,</strong></span> <span class='ocrx_word' id='word_1_61' title='bbox 879 869 965 933; x_wconf 87' lang='lat' dir='ltr'><strong>„cum</strong></span> <span class='ocrx_word' id='word_1_62' title='bbox 996 859 1094 914; x_wconf 87' lang='lat' dir='ltr'><strong>sutcrn</strong></span> <span class='ocrx_word' id='word_1_63' title='bbox 1125 853 1254 913; x_wconf 89' lang='lat' dir='ltr'><strong>videritis</strong></span> <span class='ocrx_word' id='word_1_64' title='bbox 1281 854 1533 913; x_wconf 76' lang='lat' dir='ltr'><strong>abominationem</strong></span> 
     </span>
     <span class='ocr_line' id='line_1_7' title="bbox 176 937 1532 1016; baseline -0.004 -13"><span class='ocrx_word' id='word_1_65' title='bbox 176 940 367 1003; x_wconf 88' lang='lat' dir='ltr'><strong>desolationis</strong></span> <span class='ocrx_word' id='word_1_66' title='bbox 390 942 419 999; x_wconf 90' lang='lat' dir='ltr'><strong>ln</strong></span> <span class='ocrx_word' id='word_1_67' title='bbox 442 941 507 1000; x_wconf 91' lang='lat' dir='ltr'><strong>loco</strong></span> <span class='ocrx_word' id='word_1_68' title='bbox 530 956 623 1014; x_wconf 91' lang='lat' dir='ltr'><strong>sacro,</strong></span> <span class='ocrx_word' id='word_1_69' title='bbox 647 940 757 1016; x_wconf 87' lang='lat' dir='ltr'><strong>dequo</strong></span> <span class='ocrx_word' id='word_1_70' title='bbox 774 939 890 1014; x_wconf 87' lang='lat' dir='ltr'><strong>Daniel,</strong></span> <span class='ocrx_word' id='word_1_71' title='bbox 914 943 964 1016; x_wconf 86' lang='lat' dir='ltr'><strong>qui</strong></span> <span class='ocrx_word' id='word_1_72' title='bbox 981 939 1053 1016; x_wconf 87' lang='lat' dir='ltr'><strong>legit</strong></span> <span class='ocrx_word' id='word_1_73' title='bbox 1067 941 1209 1001; x_wconf 90' lang='lat' dir='ltr'><strong>intendat.</strong></span> <span class='ocrx_word' id='word_1_74' title='bbox 1225 940 1309 1000; x_wconf 80' lang='lat' dir='ltr'><strong>Tunc</strong></span> <span class='ocrx_word' id='word_1_75' title='bbox 1324 942 1376 1015; x_wconf 91' lang='lat' dir='ltr'><strong>qui</strong></span> <span class='ocrx_word' id='word_1_76' title='bbox 1392 937 1458 1000; x_wconf 75' lang='lat' dir='ltr'><strong>est“</strong></span> <span class='ocrx_word' id='word_1_77' title='bbox 1478 950 1532 999; x_wconf 90' lang='lat' dir='ltr'><strong>etc.</strong></span> 
     </span>
     <span class='ocr_line' id='line_1_8' title="bbox 176 1026 1534 1105; baseline -0.001 -17"><span class='ocrx_word' id='word_1_78' title='bbox 176 1028 327 1102; x_wconf 80' lang='lat' dir='ltr'><strong>hiflrmat,</strong></span> <span class='ocrx_word' id='word_1_79' title='bbox 359 1030 458 1088; x_wconf 89' lang='lat' dir='ltr'><strong>statim</strong></span> <span class='ocrx_word' id='word_1_80' title='bbox 486 1036 552 1104; x_wconf 91' lang='lat' dir='ltr'><strong>post</strong></span> <span class='ocrx_word' id='word_1_81' title='bbox 575 1027 749 1087; x_wconf 89' lang='lat' dir='ltr'><strong>collocatam</strong></span> <span class='ocrx_word' id='word_1_82' title='bbox 771 1037 898 1087; x_wconf 86' lang='lat' dir='ltr'><strong>statuam</strong></span> <span class='ocrx_word' id='word_1_83' title='bbox 920 1036 1080 1105; x_wconf 87' lang='lat' dir='ltr'><strong>sequutura</strong></span> <span class='ocrx_word' id='word_1_84' title='bbox 1103 1026 1182 1087; x_wconf 91' lang='lat' dir='ltr'><strong>mala</strong></span> <span class='ocrx_word' id='word_1_85' title='bbox 1203 1026 1253 1088; x_wconf 91' lang='lat' dir='ltr'><strong>illa</strong></span> <span class='ocrx_word' id='word_1_86' title='bbox 1275 1029 1422 1104; x_wconf 87' lang='lat' dir='ltr'><strong>ingentia,</strong></span> <span class='ocrx_word' id='word_1_87' title='bbox 1456 1027 1534 1087; x_wconf 88' lang='lat' dir='ltr'><strong>unde</strong></span> 
     </span>
     <span class='ocr_line' id='line_1_9' title="bbox 178 1114 1533 1194; baseline -0.001 -19"><span class='ocrx_word' id='word_1_88' title='bbox 178 1115 292 1175; x_wconf 91' lang='lat' dir='ltr'><strong>nullum</strong></span> <span class='ocrx_word' id='word_1_89' title='bbox 315 1131 399 1192; x_wconf 92' lang='lat' dir='ltr'><strong>porro</strong></span> <span class='ocrx_word' id='word_1_90' title='bbox 422 1116 548 1192; x_wconf 89' lang='lat' dir='ltr'><strong>amplius</strong></span> <span class='ocrx_word' id='word_1_91' title='bbox 571 1116 718 1192; x_wconf 81' lang='lat' dir='ltr'><strong>effugium.</strong></span> <span class='ocrx_word' id='word_1_92' title='bbox 757 1118 790 1189; x_wconf 78' lang='lat'><strong>2)</strong></span> <span class='ocrx_word' id='word_1_93' title='bbox 814 1114 910 1175; x_wconf 90' lang='lat' dir='ltr'><strong>Lucas</strong></span> <span class='ocrx_word' id='word_1_94' title='bbox 934 1117 1102 1174; x_wconf 72' lang='lat' dir='ltr'><strong>vaticinium</strong></span> <span class='ocrx_word' id='word_1_95' title='bbox 1120 1115 1225 1175; x_wconf 87' lang='lat' dir='ltr'><strong>Christi</strong></span> <span class='ocrx_word' id='word_1_96' title='bbox 1248 1117 1302 1175; x_wconf 87' lang='lat' dir='ltr'><strong>sic:</strong></span> <span class='ocrx_word' id='word_1_97' title='bbox 1329 1132 1416 1194; x_wconf 79' lang='lat' dir='ltr'><strong>„cum</strong></span> <span class='ocrx_word' id='word_1_98' title='bbox 1434 1124 1533 1173; x_wconf 86' lang='lat' dir='ltr'><strong>auteur</strong></span> 
     </span>
     <span class='ocr_line' id='line_1_10' title="bbox 176 1200 1532 1279; baseline -0.002 -16"><span class='ocrx_word' id='word_1_99' title='bbox 176 1202 308 1263; x_wconf 87' lang='lat' dir='ltr'><strong>videritis</strong></span> <span class='ocrx_word' id='word_1_100' title='bbox 329 1202 494 1263; x_wconf 80' lang='lat' dir='ltr'><strong>Jerusalem</strong></span> <span class='ocrx_word' id='word_1_101' title='bbox 521 1204 645 1264; x_wconf 88' lang='lat' dir='ltr'><strong>cinctam</strong></span> <span class='ocrx_word' id='word_1_102' title='bbox 673 1200 761 1262; x_wconf 87' lang='lat' dir='ltr'><strong>tunc“</strong></span> <span class='ocrx_word' id='word_1_103' title='bbox 787 1211 841 1263; x_wconf 91' lang='lat' dir='ltr'><strong>etc.</strong></span> <span class='ocrx_word' id='word_1_104' title='bbox 887 1203 964 1278; x_wconf 85' lang='lat' dir='ltr'><strong>Ergo</strong></span> <span class='ocrx_word' id='word_1_105' title='bbox 991 1219 1050 1277; x_wconf 87' lang='lat' dir='ltr'><strong>quo</strong></span> <span class='ocrx_word' id='word_1_106' title='bbox 1078 1218 1155 1262; x_wconf 91' lang='lat' dir='ltr'><strong>anno</strong></span> <span class='ocrx_word' id='word_1_107' title='bbox 1184 1204 1307 1262; x_wconf 88' lang='lat' dir='ltr'><strong>obsessa</strong></span> <span class='ocrx_word' id='word_1_108' title='bbox 1328 1201 1532 1279; x_wconf 83' lang='lat' dir='ltr'><strong>derosclyma,</strong></span> 
     </span>
     <span class='ocr_line' id='line_1_11' title="bbox 176 1288 1533 1366; baseline -0.003 -15"><span class='ocrx_word' id='word_1_109' title='bbox 176 1307 212 1351; x_wconf 91' lang='lat' dir='ltr'><strong>eo</strong></span> <span class='ocrx_word' id='word_1_110' title='bbox 235 1290 380 1351; x_wconf 90' lang='lat' dir='ltr'><strong>collocata</strong></span> <span class='ocrx_word' id='word_1_111' title='bbox 401 1298 508 1352; x_wconf 89' lang='lat' dir='ltr'><strong>statua.</strong></span> <span class='ocrx_word' id='word_1_112' title='bbox 555 1290 595 1349; x_wconf 81' lang='lat' dir='ltr'><strong>At</strong></span> <span class='ocrx_word' id='word_1_113' title='bbox 619 1296 690 1350; x_wconf 83' lang='lat'>601.</span> <span class='ocrx_word' id='word_1_114' title='bbox 716 1291 845 1364; x_wconf 89' lang='lat' dir='ltr'><strong>obsessa,</strong></span> <span class='ocrx_word' id='word_1_115' title='bbox 870 1306 939 1365; x_wconf 86' lang='lat' dir='ltr'><strong>ergo</strong></span> <span class='ocrx_word' id='word_1_116' title='bbox 964 1333 1102 1351; x_wconf 90' lang='grc'><strong>.....</strong></span> <span class='ocrx_word' id='word_1_117' title='bbox 1148 1290 1180 1366; x_wconf 81' lang='lat'><strong>3)</strong></span> <span class='ocrx_word' id='word_1_118' title='bbox 1205 1289 1262 1349; x_wconf 84' lang='lat' dir='ltr'><strong>Cur</strong></span> <span class='ocrx_word' id='word_1_119' title='bbox 1284 1291 1423 1365; x_wconf 88' lang='lat' dir='ltr'><strong>ingerunt</strong></span> <span class='ocrx_word' id='word_1_120' title='bbox 1447 1288 1533 1348; x_wconf 90' lang='lat' dir='ltr'><strong>Chri·</strong></span> 
     </span>
     <span class='ocr_line' id='line_1_12' title="bbox 175 1375 1534 1453; baseline -0.003 -13"><span class='ocrx_word' id='word_1_121' title='bbox 175 1380 263 1439; x_wconf 86' lang='lat' dir='ltr'><strong>stiaui</strong></span> <span class='ocrx_word' id='word_1_122' title='bbox 286 1377 414 1453; x_wconf 89' lang='lat' dir='ltr'><strong>Pollam,</strong></span> <span class='ocrx_word' id='word_1_123' title='bbox 442 1379 498 1437; x_wconf 90' lang='lat' dir='ltr'><strong>nisi</strong></span> <span class='ocrx_word' id='word_1_124' title='bbox 522 1375 591 1437; x_wconf 91' lang='lat' dir='ltr'><strong>dicti</strong></span> <span class='ocrx_word' id='word_1_125' title='bbox 614 1377 720 1436; x_wconf 84' lang='lat' dir='ltr'><strong>Christi</strong></span> <span class='ocrx_word' id='word_1_126' title='bbox 744 1376 911 1437; x_wconf 80' lang='lat' dir='ltr'><strong>memores?</strong></span> <span class='ocrx_word' id='word_1_127' title='bbox 951 1378 981 1450; x_wconf 79' lang='lat'><strong>4)</strong></span> <span class='ocrx_word' id='word_1_128' title='bbox 1006 1375 1110 1436; x_wconf 81' lang='lat' dir='ltr'><strong>Florus</strong></span> <span class='ocrx_word' id='word_1_129' title='bbox 1132 1379 1220 1453; x_wconf 86' lang='lat' dir='ltr'><strong>igitur</strong></span> <span class='ocrx_word' id='word_1_130' title='bbox 1242 1379 1415 1438; x_wconf 80' lang='lat' dir='ltr'><strong>occasiones</strong></span> <span class='ocrx_word' id='word_1_131' title='bbox 1440 1394 1534 1453; x_wconf 85' lang='lat' dir='ltr'><strong>quae·</strong></span> 
     </span>
     <span class='ocr_line' id='line_1_13' title="bbox 177 1463 1535 1542; baseline -0.003 -17"><span class='ocrx_word' id='word_1_132' title='bbox 177 1466 248 1525; x_wconf 87' lang='lat' dir='ltr'><strong>sivit</strong></span> <span class='ocrx_word' id='word_1_133' title='bbox 270 1464 395 1525; x_wconf 90' lang='lat' dir='ltr'><strong>vexandi</strong></span> <span class='ocrx_word' id='word_1_134' title='bbox 419 1473 448 1525; x_wconf 90' lang='lat' dir='ltr'><strong>et</strong></span> <span class='ocrx_word' id='word_1_135' title='bbox 470 1464 649 1542; x_wconf 89' lang='lat' dir='ltr'><strong>provocandi</strong></span> <span class='ocrx_word' id='word_1_136' title='bbox 672 1466 862 1542; x_wconf 81' lang='lat' dir='ltr'><strong>pertinaciam</strong></span> <span class='ocrx_word' id='word_1_137' title='bbox 884 1468 993 1540; x_wconf 87' lang='lat' dir='ltr'><strong>gentis,</strong></span> <span class='ocrx_word' id='word_1_138' title='bbox 1024 1473 1055 1524; x_wconf 87' lang='lat' dir='ltr'><strong>at</strong></span> <span class='ocrx_word' id='word_1_139' title='bbox 1082 1463 1163 1524; x_wconf 88' lang='lat' dir='ltr'><strong>nulla</strong></span> <span class='ocrx_word' id='word_1_140' title='bbox 1184 1465 1278 1541; x_wconf 88' lang='lat' dir='ltr'><strong>major</strong></span> <span class='ocrx_word' id='word_1_141' title='bbox 1299 1473 1328 1524; x_wconf 90' lang='lat' dir='ltr'><strong>et</strong></span> <span class='ocrx_word' id='word_1_142' title='bbox 1352 1464 1535 1524; x_wconf 86' lang='lat' dir='ltr'><strong>commodior</strong></span> 
     </span>
     <span class='ocr_line' id='line_1_14' title="bbox 177 1548 1534 1633; baseline -0.003 -20"><span class='ocrx_word' id='word_1_143' title='bbox 177 1570 266 1631; x_wconf 90' lang='lat' dir='ltr'><strong>quam</strong></span> <span class='ocrx_word' id='word_1_144' title='bbox 289 1570 354 1613; x_wconf 91' lang='lat' dir='ltr'><strong>cunr</strong></span> <span class='ocrx_word' id='word_1_145' title='bbox 376 1560 483 1628; x_wconf 90' lang='lat' dir='ltr'><strong>statua,</strong></span> <span class='ocrx_word' id='word_1_146' title='bbox 508 1552 586 1630; x_wconf 90' lang='lat' dir='ltr'><strong>quod</strong></span> <span class='ocrx_word' id='word_1_147' title='bbox 610 1552 744 1631; x_wconf 86' lang='lat' dir='ltr'><strong>exemplo</strong></span> <span class='ocrx_word' id='word_1_148' title='bbox 767 1559 830 1613; x_wconf 89' lang='lat' dir='ltr'><strong>erat</strong></span> <span class='ocrx_word' id='word_1_149' title='bbox 851 1552 902 1611; x_wconf 90' lang='lat' dir='ltr'><strong>illa</strong></span> <span class='ocrx_word' id='word_1_150' title='bbox 925 1552 957 1613; x_wconf 85' lang='lat' dir='ltr'><strong>C.</strong></span> <span class='ocrx_word' id='word_1_151' title='bbox 982 1551 1145 1627; x_wconf 86' lang='lat' dir='ltr'><strong>Caligulae.</strong></span> <span class='ocrx_word' id='word_1_152' title='bbox 1185 1548 1220 1633; x_wconf 81' lang='lat'><strong>5)</strong></span> <span class='ocrx_word' id='word_1_153' title='bbox 1244 1551 1390 1611; x_wconf 87' lang='lat' dir='ltr'><strong>Probatur</strong></span> <span class='ocrx_word' id='word_1_154' title='bbox 1414 1551 1534 1611; x_wconf 87' lang='lat' dir='ltr'><strong>idema</strong></span> 
     </span>
     <span class='ocr_line' id='line_1_15' title="bbox 176 1638 1537 1716; baseline -0.001 -17"><span class='ocrx_word' id='word_1_155' title='bbox 176 1640 332 1715; x_wconf 77' lang='lat' dir='ltr'><strong>facultate,</strong></span> <span class='ocrx_word' id='word_1_156' title='bbox 362 1657 450 1716; x_wconf 83' lang='lat' dir='ltr'><strong>quam</strong></span> <span class='ocrx_word' id='word_1_157' title='bbox 477 1640 581 1700; x_wconf 90' lang='lat' dir='ltr'><strong>habuit</strong></span> <span class='ocrx_word' id='word_1_158' title='bbox 604 1638 709 1700; x_wconf 82' lang='lat' dir='ltr'><strong>Florus</strong></span> <span class='ocrx_word' id='word_1_159' title='bbox 732 1641 881 1716; x_wconf 90' lang='lat' dir='ltr'><strong>optimam.</strong></span> <span class='ocrx_word' id='word_1_160' title='bbox 928 1639 1079 1698; x_wconf 85' lang='lat' dir='ltr'><strong>Praesidia</strong></span> <span class='ocrx_word' id='word_1_161' title='bbox 1101 1656 1225 1713; x_wconf 89' lang='lat' dir='ltr'><strong>namque</strong></span> <span class='ocrx_word' id='word_1_162' title='bbox 1248 1638 1374 1698; x_wconf 87' lang='lat' dir='ltr'><strong>rnilitum</strong></span> <span class='ocrx_word' id='word_1_163' title='bbox 1397 1638 1537 1698; x_wconf 87' lang='lat' dir='ltr'><strong>Romana</strong></span> 
     </span>
     <span class='ocr_line' id='line_1_16' title="bbox 176 1725 1537 1805; baseline -0.003 -16"><span class='ocrx_word' id='word_1_164' title='bbox 176 1727 279 1804; x_wconf 88' lang='lat' dir='ltr'><strong>templi</strong></span> <span class='ocrx_word' id='word_1_165' title='bbox 300 1729 375 1788; x_wconf 90' lang='lat' dir='ltr'><strong>atria</strong></span> <span class='ocrx_word' id='word_1_166' title='bbox 398 1729 553 1799; x_wconf 86' lang='lat' dir='ltr'><strong>tenebant,</strong></span> <span class='ocrx_word' id='word_1_167' title='bbox 577 1736 606 1787; x_wconf 90' lang='lat' dir='ltr'><strong>et</strong></span> <span class='ocrx_word' id='word_1_168' title='bbox 628 1729 653 1786; x_wconf 89' lang='lat' dir='ltr'><strong>sl</strong></span> <span class='ocrx_word' id='word_1_169' title='bbox 675 1728 828 1805; x_wconf 81' lang='lat' dir='ltr'><strong>profanare</strong></span> <span class='ocrx_word' id='word_1_170' title='bbox 851 1726 947 1786; x_wconf 92' lang='lat' dir='ltr'><strong>locum</strong></span> <span class='ocrx_word' id='word_1_171' title='bbox 971 1725 1075 1786; x_wconf 83' lang='lat' dir='ltr'><strong>Florus</strong></span> <span class='ocrx_word' id='word_1_172' title='bbox 1100 1726 1209 1799; x_wconf 92' lang='lat' dir='ltr'><strong>voluit,</strong></span> <span class='ocrx_word' id='word_1_173' title='bbox 1240 1726 1312 1785; x_wconf 88' lang='lat' dir='ltr'><strong>nihil</strong></span> <span class='ocrx_word' id='word_1_174' title='bbox 1337 1728 1394 1803; x_wconf 88' lang='lat' dir='ltr'><strong>ipsi</strong></span> <span class='ocrx_word' id='word_1_175' title='bbox 1420 1735 1537 1803; x_wconf 89' lang='lat' dir='ltr'><strong>poterat</strong></span> 
     </span>
     <span class='ocr_line' id='line_1_17' title="bbox 178 1813 1537 1892; baseline -0.002 -17"><span class='ocrx_word' id='word_1_176' title='bbox 178 1815 320 1875; x_wconf 87' lang='lat' dir='ltr'><strong>obsistere</strong></span> <span class='ocrx_word' id='word_1_177' title='bbox 342 1822 457 1892; x_wconf 88' lang='lat' dir='ltr'><strong>praeter</strong></span> <span class='ocrx_word' id='word_1_178' title='bbox 477 1813 658 1875; x_wconf 86' lang='lat' dir='ltr'><strong>Judaeorum</strong></span> <span class='ocrx_word' id='word_1_179' title='bbox 682 1832 792 1892; x_wconf 88' lang='lat' dir='ltr'><strong>procas,</strong></span> <span class='ocrx_word' id='word_1_180' title='bbox 815 1832 891 1891; x_wconf 89' lang='lat' dir='ltr'><strong>quae</strong></span> <span class='ocrx_word' id='word_1_181' title='bbox 914 1821 975 1872; x_wconf 91' lang='lat' dir='ltr'><strong>tum</strong></span> <span class='ocrx_word' id='word_1_182' title='bbox 998 1814 1081 1873; x_wconf 91' lang='lat' dir='ltr'><strong>nihili</strong></span> <span class='ocrx_word' id='word_1_183' title='bbox 1096 1813 1205 1874; x_wconf 85' lang='lat' dir='ltr'><strong>fiebant</strong></span> <span class='ocrx_word' id='word_1_184' title='bbox 1220 1833 1239 1872; x_wconf 87' lang='lat' dir='ltr'><strong>a</strong></span> <span class='ocrx_word' id='word_1_185' title='bbox 1253 1813 1353 1888; x_wconf 82' lang='lat' dir='ltr'><strong>Floro,</strong></span> <span class='ocrx_word' id='word_1_186' title='bbox 1378 1830 1449 1873; x_wconf 91' lang='lat' dir='ltr'><strong>oum</strong></span> <span class='ocrx_word' id='word_1_187' title='bbox 1466 1816 1537 1891; x_wconf 92' lang='lat' dir='ltr'><strong>ipsis</strong></span> 
     </span>
     <span class='ocr_line' id='line_1_18' title="bbox 176 1901 1538 1981; baseline -0.002 -19"><span class='ocrx_word' id='word_1_188' title='bbox 176 1901 246 1963; x_wconf 89' lang='lat' dir='ltr'><strong>data</strong></span> <span class='ocrx_word' id='word_1_189' title='bbox 268 1919 357 1981; x_wconf 90' lang='lat' dir='ltr'><strong>opera</strong></span> <span class='ocrx_word' id='word_1_190' title='bbox 380 1920 466 1979; x_wconf 83' lang='lat' dir='ltr'><strong>aegro</strong></span> <span class='ocrx_word' id='word_1_191' title='bbox 487 1901 610 1976; x_wconf 86' lang='lat' dir='ltr'><strong>iaceret;</strong></span> <span class='ocrx_word' id='word_1_192' title='bbox 641 1904 699 1962; x_wconf 92' lang='lat' dir='ltr'><strong>imo</strong></span> <span class='ocrx_word' id='word_1_193' title='bbox 722 1901 822 1961; x_wconf 90' lang='lat' dir='ltr'><strong>nullas</strong></span> <span class='ocrx_word' id='word_1_194' title='bbox 844 1901 944 1979; x_wconf 90' lang='lat' dir='ltr'><strong>procul</strong></span> <span class='ocrx_word' id='word_1_195' title='bbox 968 1901 1059 1961; x_wconf 93' lang='lat' dir='ltr'><strong>dubio</strong></span> <span class='ocrx_word' id='word_1_196' title='bbox 1082 1903 1317 1971; x_wconf 88' lang='lat' dir='ltr'><strong>intercesserunt,</strong></span> <span class='ocrx_word' id='word_1_197' title='bbox 1343 1918 1411 1960; x_wconf 91' lang='lat' dir='ltr'><strong>cum</strong></span> <span class='ocrx_word' id='word_1_198' title='bbox 1438 1905 1538 1960; x_wconf 90' lang='lat' dir='ltr'><strong>omnia</strong></span> 
     </span>
     <span class='ocr_line' id='line_1_19' title="bbox 174 1986 1538 2068; baseline -0.004 -16"><span class='ocrx_word' id='word_1_199' title='bbox 174 1988 367 2052; x_wconf 87' lang='lat' dir='ltr'><strong>seditionibus</strong></span> <span class='ocrx_word' id='word_1_200' title='bbox 391 1989 533 2049; x_wconf 88' lang='lat' dir='ltr'><strong>arderent.</strong></span> <span class='ocrx_word' id='word_1_201' title='bbox 572 1986 603 2068; x_wconf 89' lang='lat'><strong>6)</strong></span> <span class='ocrx_word' id='word_1_202' title='bbox 626 1988 702 2064; x_wconf 87' lang='lat' dir='ltr'><strong>Quid</strong></span> <span class='ocrx_word' id='word_1_203' title='bbox 725 1988 805 2049; x_wconf 90' lang='lat' dir='ltr'><strong>aliud</strong></span> <span class='ocrx_word' id='word_1_204' title='bbox 828 1991 926 2066; x_wconf 89' lang='lat' dir='ltr'><strong>arguit</strong></span> <span class='ocrx_word' id='word_1_205' title='bbox 948 1988 1001 2048; x_wconf 90' lang='lat' dir='ltr'><strong>illa</strong></span> <span class='ocrx_word' id='word_1_206' title='bbox 1023 1987 1227 2048; x_wconf 87' lang='lat' dir='ltr'><strong>seditiosorum</strong></span> <span class='ocrx_word' id='word_1_207' title='bbox 1247 1987 1403 2065; x_wconf 88' lang='lat' dir='ltr'><strong>intemplo</strong></span> <span class='ocrx_word' id='word_1_208' title='bbox 1422 1998 1538 2047; x_wconf 87' lang='lat' dir='ltr'><strong>castra-</strong></span> 
     </span>
     <span class='ocr_line' id='line_1_20' title="bbox 173 2075 1536 2154; baseline -0.001 -17"><span class='ocrx_word' id='word_1_209' title='bbox 173 2076 319 2137; x_wconf 79' lang='lat' dir='ltr'><strong>metatis?</strong></span> <span class='ocrx_word' id='word_1_210' title='bbox 348 2076 461 2153; x_wconf 83' lang='lat' dir='ltr'><strong>Nempe</strong></span> <span class='ocrx_word' id='word_1_211' title='bbox 489 2076 674 2154; x_wconf 77' lang='lat' dir='ltr'><strong>profanatum</strong></span> <span class='ocrx_word' id='word_1_212' title='bbox 706 2079 799 2136; x_wconf 90' lang='lat' dir='ltr'><strong>noctis</strong></span> <span class='ocrx_word' id='word_1_213' title='bbox 821 2075 937 2136; x_wconf 88' lang='lat' dir='ltr'><strong>silentio</strong></span> <span class='ocrx_word' id='word_1_214' title='bbox 960 2076 1058 2137; x_wconf 91' lang='lat' dir='ltr'><strong>locum</strong></span> <span class='ocrx_word' id='word_1_215' title='bbox 1081 2077 1239 2152; x_wconf 88' lang='lat' dir='ltr'><strong>aegerrime</strong></span> <span class='ocrx_word' id='word_1_216' title='bbox 1262 2075 1402 2147; x_wconf 83' lang='lat' dir='ltr'><strong>terentes,</strong></span> <span class='ocrx_word' id='word_1_217' title='bbox 1432 2076 1536 2136; x_wconf 91' lang='lat' dir='ltr'><strong>decre·</strong></span> 
     </span>
     <span class='ocr_line' id='line_1_21' title="bbox 175 2161 1536 2242; baseline -0.002 -17"><span class='ocrx_word' id='word_1_218' title='bbox 175 2170 294 2239; x_wconf 90' lang='lat' dir='ltr'><strong>verunt,</strong></span> <span class='ocrx_word' id='word_1_219' title='bbox 317 2166 518 2242; x_wconf 88' lang='lat' dir='ltr'><strong>inposterum</strong></span> <span class='ocrx_word' id='word_1_220' title='bbox 541 2164 681 2242; x_wconf 91' lang='lat' dir='ltr'><strong>templum</strong></span> <span class='ocrx_word' id='word_1_221' title='bbox 703 2182 774 2225; x_wconf 88' lang='lat' dir='ltr'><strong>suae</strong></span> <span class='ocrx_word' id='word_1_222' title='bbox 798 2166 952 2240; x_wconf 89' lang='lat' dir='ltr'><strong>potestatis</strong></span> <span class='ocrx_word' id='word_1_223' title='bbox 974 2162 1098 2234; x_wconf 89' lang='lat' dir='ltr'><strong>habere,</strong></span> <span class='ocrx_word' id='word_1_224' title='bbox 1121 2181 1157 2223; x_wconf 93' lang='lat' dir='ltr'><strong>ne</strong></span> <span class='ocrx_word' id='word_1_225' title='bbox 1179 2161 1250 2240; x_wconf 90' lang='lat' dir='ltr'><strong>quid</strong></span> <span class='ocrx_word' id='word_1_226' title='bbox 1274 2179 1360 2239; x_wconf 90' lang='lat' dir='ltr'><strong>porro</strong></span> <span class='ocrx_word' id='word_1_227' title='bbox 1385 2164 1536 2239; x_wconf 87' lang='lat' dir='ltr'><strong>ejusmodi</strong></span> 
     </span>
     <span class='ocr_line' id='line_1_22' title="bbox 174 2249 1536 2330; baseline -0.002 -17"><span class='ocrx_word' id='word_1_228' title='bbox 174 2253 309 2330; x_wconf 88' lang='lat' dir='ltr'><strong>pervim</strong></span> <span class='ocrx_word' id='word_1_229' title='bbox 332 2258 360 2312; x_wconf 91' lang='lat' dir='ltr'><strong>et</strong></span> <span class='ocrx_word' id='word_1_230' title='bbox 383 2251 482 2312; x_wconf 87' lang='lat' dir='ltr'><strong>dolum</strong></span> <span class='ocrx_word' id='word_1_231' title='bbox 504 2251 594 2312; x_wconf 85' lang='lat' dir='ltr'><strong>lieret.</strong></span> <span class='ocrx_word' id='word_1_232' title='bbox 639 2251 742 2312; x_wconf 87' lang='lat' dir='ltr'><strong>Dices:</strong></span> <span class='ocrx_word' id='word_1_233' title='bbox 767 2249 838 2327; x_wconf 83' lang='lat' dir='ltr'><strong>quid</strong></span> <span class='ocrx_word' id='word_1_234' title='bbox 860 2253 949 2327; x_wconf 88' lang='lat' dir='ltr'><strong>igitur</strong></span> <span class='ocrx_word' id='word_1_235' title='bbox 970 2249 1120 2329; x_wconf 67' lang='lat' dir='ltr'><strong>‚Iosephus</strong></span> <span class='ocrx_word' id='word_1_236' title='bbox 1144 2267 1202 2310; x_wconf 93' lang='lat' dir='ltr'><strong>non</strong></span> <span class='ocrx_word' id='word_1_237' title='bbox 1226 2254 1381 2309; x_wconf 91' lang='lat' dir='ltr'><strong>annotavit</strong></span> <span class='ocrx_word' id='word_1_238' title='bbox 1404 2251 1467 2310; x_wconf 88' lang='lat' dir='ltr'><strong>hoc</strong></span> <span class='ocrx_word' id='word_1_239' title='bbox 1491 2255 1536 2310; x_wconf 91' lang='lat' dir='ltr'><strong>in-</strong></span> 
     </span>
     <span class='ocr_line' id='line_1_23' title="bbox 176 2337 1536 2416; baseline -0.001 -16"><span class='ocrx_word' id='word_1_240' title='bbox 176 2341 260 2416; x_wconf 81' lang='lat' dir='ltr'><strong>signe</strong></span> <span class='ocrx_word' id='word_1_241' title='bbox 289 2339 419 2412; x_wconf 88' lang='lat' dir='ltr'><strong>lacinus,</strong></span> <span class='ocrx_word' id='word_1_242' title='bbox 452 2341 477 2398; x_wconf 89' lang='lat' dir='ltr'><strong>si</strong></span> <span class='ocrx_word' id='word_1_243' title='bbox 509 2356 577 2399; x_wconf 91' lang='lat' dir='ltr'><strong>vere</strong></span> <span class='ocrx_word' id='word_1_244' title='bbox 601 2356 635 2401; x_wconf 90' lang='lat' dir='ltr'><strong>eo</strong></span> <span class='ocrx_word' id='word_1_245' title='bbox 659 2356 736 2399; x_wconf 90' lang='lat' dir='ltr'><strong>anno</strong></span> <span class='ocrx_word' id='word_1_246' title='bbox 758 2338 883 2398; x_wconf 84' lang='lat' dir='ltr'><strong>Neronis</strong></span> <span class='ocrx_word' id='word_1_247' title='bbox 905 2344 1003 2398; x_wconf 89' lang='lat' dir='ltr'><strong>statua</strong></span> <span class='ocrx_word' id='word_1_248' title='bbox 1026 2341 1055 2396; x_wconf 92' lang='lat' dir='ltr'><strong>iu</strong></span> <span class='ocrx_word' id='word_1_249' title='bbox 1078 2337 1167 2415; x_wconf 87' lang='lat' dir='ltr'><strong>adyto</strong></span> <span class='ocrx_word' id='word_1_250' title='bbox 1191 2337 1335 2397; x_wconf 89' lang='lat' dir='ltr'><strong>collocata</strong></span> <span class='ocrx_word' id='word_1_251' title='bbox 1358 2338 1440 2397; x_wconf 78' lang='lat' dir='ltr'><strong>tuiti</strong></span> <span class='ocrx_word' id='word_1_252' title='bbox 1475 2339 1536 2398; x_wconf 90' lang='lat' dir='ltr'><strong>Re-</strong></span> 
     </span>
     <span class='ocr_line' id='line_1_24' title="bbox 175 2424 1536 2506; baseline -0.003 -17"><span class='ocrx_word' id='word_1_253' title='bbox 175 2425 324 2506; x_wconf 86' lang='lat' dir='ltr'><strong>spondeo,</strong></span> <span class='ocrx_word' id='word_1_254' title='bbox 351 2425 436 2487; x_wconf 81' lang='lat' dir='ltr'><strong>facile</strong></span> <span class='ocrx_word' id='word_1_255' title='bbox 459 2426 521 2486; x_wconf 85' lang='lat' dir='ltr'><strong>fleri</strong></span> <span class='ocrx_word' id='word_1_256' title='bbox 544 2428 689 2504; x_wconf 89' lang='lat' dir='ltr'><strong>potuisse,</strong></span> <span class='ocrx_word' id='word_1_257' title='bbox 720 2432 753 2486; x_wconf 90' lang='lat' dir='ltr'><strong>ot</strong></span> <span class='ocrx_word' id='word_1_258' title='bbox 774 2426 831 2486; x_wconf 90' lang='lat' dir='ltr'><strong>hoo</strong></span> <span class='ocrx_word' id='word_1_259' title='bbox 852 2425 1017 2502; x_wconf 87' lang='lat' dir='ltr'><strong>Josephum</strong></span> <span class='ocrx_word' id='word_1_260' title='bbox 1039 2424 1159 2501; x_wconf 88' lang='lat' dir='ltr'><strong>lateret,</strong></span> <span class='ocrx_word' id='word_1_261' title='bbox 1190 2424 1365 2484; x_wconf 82' lang='lat' dir='ltr'><strong>Christianis</strong></span> <span class='ocrx_word' id='word_1_262' title='bbox 1389 2425 1536 2485; x_wconf 86' lang='lat' dir='ltr'><strong>divinitus</strong></span> 
     </span>
     <span class='ocr_line' id='line_1_25' title="bbox 176 2511 1535 2594; baseline -0.002 -18"><span class='ocrx_word' id='word_1_263' title='bbox 176 2514 334 2594; x_wconf 82' lang='lat' dir='ltr'><strong>patefieret</strong></span> <span class='ocrx_word' id='word_1_264' title='bbox 371 2514 446 2574; x_wconf 86' lang='lat' dir='ltr'><strong>Nam</strong></span> <span class='ocrx_word' id='word_1_265' title='bbox 468 2515 498 2571; x_wconf 91' lang='lat' dir='ltr'><strong>in</strong></span> <span class='ocrx_word' id='word_1_266' title='bbox 521 2522 623 2574; x_wconf 89' lang='lat' dir='ltr'><strong>sancta</strong></span> <span class='ocrx_word' id='word_1_267' title='bbox 645 2522 810 2575; x_wconf 90' lang='lat' dir='ltr'><strong>sanctorum</strong></span> <span class='ocrx_word' id='word_1_268' title='bbox 834 2529 892 2572; x_wconf 88' lang='lat' dir='ltr'><strong>non</strong></span> <span class='ocrx_word' id='word_1_269' title='bbox 908 2514 1002 2573; x_wconf 90' lang='lat' dir='ltr'><strong>cuivis</strong></span> <span class='ocrx_word' id='word_1_270' title='bbox 1016 2513 1138 2590; x_wconf 89' lang='lat' dir='ltr'><strong>patebat</strong></span> <span class='ocrx_word' id='word_1_271' title='bbox 1152 2511 1259 2586; x_wconf 85' lang='lat' dir='ltr'><strong>aditus,</strong></span> <span class='ocrx_word' id='word_1_272' title='bbox 1280 2511 1400 2571; x_wconf 85' lang='lat' dir='ltr'><strong>sedani</strong></span> <span class='ocrx_word' id='word_1_273' title='bbox 1418 2531 1535 2573; x_wconf 87' lang='lat' dir='ltr'><strong>summo</strong></span> 
     </span>
     <span class='ocr_line' id='line_1_26' title="bbox 174 2599 1534 2681; baseline -0.003 -19"><span class='ocrx_word' id='word_1_274' title='bbox 174 2600 315 2681; x_wconf 89' lang='lat' dir='ltr'><strong>pontiflci.</strong></span> <span class='ocrx_word' id='word_1_275' title='bbox 355 2602 415 2660; x_wconf 81' lang='lat' dir='ltr'><strong>hut</strong></span> <span class='ocrx_word' id='word_1_276' title='bbox 430 2602 455 2659; x_wconf 90' lang='lat' dir='ltr'><strong>si</strong></span> <span class='ocrx_word' id='word_1_277' title='bbox 471 2604 596 2662; x_wconf 86' lang='lat' dir='ltr'><strong>maxims</strong></span> <span class='ocrx_word' id='word_1_278' title='bbox 612 2600 649 2661; x_wconf 91' lang='lat' dir='ltr'><strong>ad</strong></span> <span class='ocrx_word' id='word_1_279' title='bbox 664 2601 763 2679; x_wconf 87' lang='lat' dir='ltr'><strong>plures</strong></span> <span class='ocrx_word' id='word_1_280' title='bbox 779 2599 968 2662; x_wconf 86' lang='lat' dir='ltr'><strong>detestandae</strong></span> <span class='ocrx_word' id='word_1_281' title='bbox 982 2602 1025 2659; x_wconf 91' lang='lat' dir='ltr'><strong>rei</strong></span> <span class='ocrx_word' id='word_1_282' title='bbox 1041 2601 1219 2661; x_wconf 87' lang='lat' dir='ltr'><strong>couscientia</strong></span> <span class='ocrx_word' id='word_1_283' title='bbox 1234 2600 1408 2677; x_wconf 88' lang='lat' dir='ltr'><strong>pertinebat,</strong></span> <span class='ocrx_word' id='word_1_284' title='bbox 1435 2608 1534 2661; x_wconf 77' lang='lat' dir='ltr'><strong>tamm</strong></span> 
     </span>
     <span class='ocr_line' id='line_1_27' title="bbox 176 2686 1536 2768; baseline -0.004 -17"><span class='ocrx_word' id='word_1_285' title='bbox 176 2688 309 2751; x_wconf 89' lang='lat' dir='ltr'><strong>consulto</strong></span> <span class='ocrx_word' id='word_1_286' title='bbox 332 2695 555 2768; x_wconf 87' lang='lat' dir='ltr'><strong>suppresserunt</strong></span> <span class='ocrx_word' id='word_1_287' title='bbox 576 2687 670 2763; x_wconf 86' lang='lat' dir='ltr'><strong>illam,</strong></span> <span class='ocrx_word' id='word_1_288' title='bbox 701 2706 766 2749; x_wconf 91' lang='lat' dir='ltr'><strong>cum</strong></span> <span class='ocrx_word' id='word_1_289' title='bbox 794 2706 851 2749; x_wconf 93' lang='lat' dir='ltr'><strong>non</strong></span> <span class='ocrx_word' id='word_1_290' title='bbox 875 2694 953 2747; x_wconf 89' lang='lat' dir='ltr'><strong>esset</strong></span> <span class='ocrx_word' id='word_1_291' title='bbox 974 2687 1046 2765; x_wconf 91' lang='lat' dir='ltr'><strong>ipsis</strong></span> <span class='ocrx_word' id='word_1_292' title='bbox 1068 2690 1200 2763; x_wconf 91' lang='lat' dir='ltr'><strong>ignotum</strong></span> <span class='ocrx_word' id='word_1_293' title='bbox 1223 2686 1355 2746; x_wconf 88' lang='lat' dir='ltr'><strong>Danielis</strong></span> <span class='ocrx_word' id='word_1_294' title='bbox 1379 2687 1441 2746; x_wconf 88' lang='lat' dir='ltr'><strong>hoc</strong></span> <span class='ocrx_word' id='word_1_295' title='bbox 1465 2687 1536 2747; x_wconf 93' lang='lat' dir='ltr'><strong>illu-</strong></span> 
     </span>
     <span class='ocr_line' id='line_1_28' title="bbox 118 2762 1537 2854; baseline -0.001 -16"><span class='ocrx_word' id='word_1_296' title='bbox 118 2762 124 2779; x_wconf 82' lang='grc'><strong>’</strong></span> <span class='ocrx_word' id='word_1_297' title='bbox 175 2779 348 2838; x_wconf 87' lang='lat' dir='ltr'><strong>strissimum</strong></span> <span class='ocrx_word' id='word_1_298' title='bbox 368 2778 546 2850; x_wconf 85' lang='lat' dir='ltr'><strong>vaticinium,</strong></span> <span class='ocrx_word' id='word_1_299' title='bbox 570 2776 654 2852; x_wconf 89' lang='lat' dir='ltr'><strong>cujus</strong></span> <span class='ocrx_word' id='word_1_300' title='bbox 669 2793 759 2852; x_wconf 91' lang='lat' dir='ltr'><strong>opera</strong></span> <span class='ocrx_word' id='word_1_301' title='bbox 772 2776 853 2836; x_wconf 90' lang='lat' dir='ltr'><strong>urbis</strong></span> <span class='ocrx_word' id='word_1_302' title='bbox 868 2773 1011 2835; x_wconf 85' lang='lat' dir='ltr'><strong>excidium</strong></span> <span class='ocrx_word' id='word_1_303' title='bbox 1027 2776 1293 2854; x_wconf 89' lang='lat' dir='ltr'><strong>praesentissimum</strong></span> <span class='ocrx_word' id='word_1_304' title='bbox 1308 2775 1393 2833; x_wconf 80' lang='lat' dir='ltr'><strong>lateri</strong></span> <span class='ocrx_word' id='word_1_305' title='bbox 1410 2793 1537 2837; x_wconf 87' lang='lat' dir='ltr'><strong>neeesse</strong></span> 
     </span>
     <span class='ocr_line' id='line_1_29' title="bbox 175 2861 1536 2940; baseline -0.001 -16"><span class='ocrx_word' id='word_1_306' title='bbox 175 2864 288 2936; x_wconf 85' lang='lat' dir='ltr'><strong>luisset,</strong></span> <span class='ocrx_word' id='word_1_307' title='bbox 311 2866 336 2924; x_wconf 92' lang='lat' dir='ltr'><strong>si</strong></span> <span class='ocrx_word' id='word_1_308' title='bbox 360 2864 395 2924; x_wconf 90' lang='lat' dir='ltr'><strong>de</strong></span> <span class='ocrx_word' id='word_1_309' title='bbox 418 2861 498 2924; x_wconf 90' lang='lat' dir='ltr'><strong>idolo</strong></span> <span class='ocrx_word' id='word_1_310' title='bbox 519 2864 590 2923; x_wconf 88' lang='lat' dir='ltr'><strong>lassi</strong></span> <span class='ocrx_word' id='word_1_311' title='bbox 612 2863 743 2923; x_wconf 89' lang='lat' dir='ltr'><strong>luissent.</strong></span> <span class='ocrx_word' id='word_1_312' title='bbox 790 2862 875 2922; x_wconf 82' lang='lat' dir='ltr'><strong>Adde</strong></span> <span class='ocrx_word' id='word_1_313' title='bbox 899 2862 978 2940; x_wconf 90' lang='lat' dir='ltr'><strong>quod</strong></span> <span class='ocrx_word' id='word_1_314' title='bbox 1000 2862 1131 2923; x_wconf 88' lang='lat' dir='ltr'><strong>seditiosi</strong></span> <span class='ocrx_word' id='word_1_315' title='bbox 1155 2861 1192 2921; x_wconf 91' lang='lat' dir='ltr'><strong>sd</strong></span> <span class='ocrx_word' id='word_1_316' title='bbox 1215 2879 1303 2921; x_wconf 90' lang='lat' dir='ltr'><strong>unum</strong></span> <span class='ocrx_word' id='word_1_317' title='bbox 1327 2878 1433 2922; x_wconf 89' lang='lat' dir='ltr'><strong>omnes</strong></span> <span class='ocrx_word' id='word_1_318' title='bbox 1458 2866 1536 2923; x_wconf 90' lang='lat' dir='ltr'><strong>inte·</strong></span> 
     </span>
     <span class='ocr_line' id='line_1_30' title="bbox 176 2949 1536 3028; baseline -0.001 -17"><span class='ocrx_word' id='word_1_319' title='bbox 176 2954 299 3024; x_wconf 91' lang='lat' dir='ltr'><strong>rleruut,</strong></span> <span class='ocrx_word' id='word_1_320' title='bbox 327 2968 381 3012; x_wconf 88' lang='lat' dir='ltr'><strong>uec</strong></span> <span class='ocrx_word' id='word_1_321' title='bbox 407 2952 437 3008; x_wconf 93' lang='lat' dir='ltr'><strong>in</strong></span> <span class='ocrx_word' id='word_1_322' title='bbox 465 2959 547 3012; x_wconf 90' lang='lat' dir='ltr'><strong>tanta</strong></span> <span class='ocrx_word' id='word_1_323' title='bbox 575 2950 741 3012; x_wconf 87' lang='lat' dir='ltr'><strong>calamitate</strong></span> <span class='ocrx_word' id='word_1_324' title='bbox 768 2953 904 3028; x_wconf 89' lang='lat' dir='ltr'><strong>cuiquam</strong></span> <span class='ocrx_word' id='word_1_325' title='bbox 927 2950 1022 3010; x_wconf 92' lang='lat' dir='ltr'><strong>lubuit</strong></span> <span class='ocrx_word' id='word_1_326' title='bbox 1045 2950 1081 3009; x_wconf 93' lang='lat' dir='ltr'><strong>de</strong></span> <span class='ocrx_word' id='word_1_327' title='bbox 1103 2952 1215 3026; x_wconf 85' lang='lat' dir='ltr'><strong>patriae</strong></span> <span class='ocrx_word' id='word_1_328' title='bbox 1238 2967 1309 3009; x_wconf 91' lang='lat' dir='ltr'><strong>suae</strong></span> <span class='ocrx_word' id='word_1_329' title='bbox 1333 2949 1471 3024; x_wconf 87' lang='lat' dir='ltr'><strong>excidio,</strong></span> <span class='ocrx_word' id='word_1_330' title='bbox 1503 2958 1536 3009; x_wconf 93' lang='lat' dir='ltr'><strong>ut</strong></span> 
     </span>
     <span class='ocr_line' id='line_1_31' title="bbox 177 3035 1535 3115; baseline -0.003 -16"><span class='ocrx_word' id='word_1_331' title='bbox 177 3039 297 3100; x_wconf 80' lang='lat' dir='ltr'><strong>Aeneas</strong></span> <span class='ocrx_word' id='word_1_332' title='bbox 329 3039 364 3098; x_wconf 92' lang='lat' dir='ltr'><strong>de</strong></span> <span class='ocrx_word' id='word_1_333' title='bbox 394 3038 537 3115; x_wconf 83' lang='lat' dir='ltr'><strong>Trojano,</strong></span> <span class='ocrx_word' id='word_1_334' title='bbox 569 3039 717 3099; x_wconf 88' lang='lat' dir='ltr'><strong>disserere.</strong></span> <span class='ocrx_word' id='word_1_335' title='bbox 763 3039 803 3098; x_wconf 82' lang='lat' dir='ltr'><strong>At</strong></span> <span class='ocrx_word' id='word_1_336' title='bbox 832 3039 965 3114; x_wconf 80' lang='lat' dir='ltr'><strong>inquies,</strong></span> <span class='ocrx_word' id='word_1_337' title='bbox 996 3035 1099 3097; x_wconf 88' lang='lat' dir='ltr'><strong>saltem</strong></span> <span class='ocrx_word' id='word_1_338' title='bbox 1126 3055 1144 3095; x_wconf 91' lang='lat' dir='ltr'><strong>s</strong></span> <span class='ocrx_word' id='word_1_339' title='bbox 1167 3036 1339 3096; x_wconf 85' lang='lat' dir='ltr'><strong>Christianis</strong></span> <span class='ocrx_word' id='word_1_340' title='bbox 1368 3037 1463 3113; x_wconf 90' lang='lat' dir='ltr'><strong>hujus</strong></span> <span class='ocrx_word' id='word_1_341' title='bbox 1494 3041 1535 3097; x_wconf 83' lang='lat' dir='ltr'><strong>rei</strong></span> 
     </span>
     <span class='ocr_line' id='line_1_32' title="bbox 176 3123 1534 3204; baseline -0.003 -18"><span class='ocrx_word' id='word_1_342' title='bbox 176 3128 318 3187; x_wconf 90' lang='lat' dir='ltr'><strong>memoria</strong></span> <span class='ocrx_word' id='word_1_343' title='bbox 341 3125 378 3186; x_wconf 92' lang='lat' dir='ltr'><strong>ad</strong></span> <span class='ocrx_word' id='word_1_344' title='bbox 402 3134 533 3204; x_wconf 91' lang='lat' dir='ltr'><strong>posteros</strong></span> <span class='ocrx_word' id='word_1_345' title='bbox 556 3128 728 3185; x_wconf 88' lang='lat' dir='ltr'><strong>transmissa</strong></span> <span class='ocrx_word' id='word_1_346' title='bbox 750 3127 861 3199; x_wconf 86' lang='lat' dir='ltr'><strong>luisset,</strong></span> <span class='ocrx_word' id='word_1_347' title='bbox 884 3127 909 3183; x_wconf 91' lang='lat' dir='ltr'><strong>si</strong></span> <span class='ocrx_word' id='word_1_348' title='bbox 932 3124 1109 3185; x_wconf 81' lang='lat' dir='ltr'><strong>accidisset?</strong></span> <span class='ocrx_word' id='word_1_349' title='bbox 1142 3123 1326 3200; x_wconf 87' lang='lat' dir='ltr'><strong>Respondeo,</strong></span> <span class='ocrx_word' id='word_1_350' title='bbox 1351 3141 1411 3183; x_wconf 89' lang='lat' dir='ltr'><strong>non</strong></span> <span class='ocrx_word' id='word_1_351' title='bbox 1437 3129 1534 3200; x_wconf 85' lang='lat' dir='ltr'><strong>sequi.</strong></span> 
     </span>
     <span class='ocr_line' id='line_1_33' title="bbox 176 3211 1535 3290; baseline -0.001 -16"><span class='ocrx_word' id='word_1_352' title='bbox 176 3214 252 3274; x_wconf 85' lang='lat' dir='ltr'><strong>Nam</strong></span> <span class='ocrx_word' id='word_1_353' title='bbox 282 3231 378 3290; x_wconf 89' lang='lat' dir='ltr'><strong>neque</strong></span> <span class='ocrx_word' id='word_1_354' title='bbox 405 3213 464 3274; x_wconf 89' lang='lat' dir='ltr'><strong>alia</strong></span> <span class='ocrx_word' id='word_1_355' title='bbox 489 3212 657 3289; x_wconf 87' lang='lat' dir='ltr'><strong>hujusmodi</strong></span> <span class='ocrx_word' id='word_1_356' title='bbox 681 3214 824 3274; x_wconf 88' lang='lat' dir='ltr'><strong>Eusebius</strong></span> <span class='ocrx_word' id='word_1_357' title='bbox 847 3232 865 3272; x_wconf 93' lang='lat' dir='ltr'><strong>a</strong></span> <span class='ocrx_word' id='word_1_358' title='bbox 888 3211 1059 3271; x_wconf 82' lang='lat' dir='ltr'><strong>Christianis</strong></span> <span class='ocrx_word' id='word_1_359' title='bbox 1090 3214 1188 3289; x_wconf 88' lang='lat' dir='ltr'><strong>potius</strong></span> <span class='ocrx_word' id='word_1_360' title='bbox 1223 3230 1310 3288; x_wconf 85' lang='lat' dir='ltr'><strong>quam</strong></span> <span class='ocrx_word' id='word_1_361' title='bbox 1334 3230 1371 3270; x_wconf 83' lang='lat' dir='ltr'><strong>ex</strong></span> <span class='ocrx_word' id='word_1_362' title='bbox 1393 3211 1535 3290; x_wconf 88' lang='lat' dir='ltr'><strong>Joscpho</strong></span> 
     </span>
     <span class='ocr_line' id='line_1_34' title="bbox 178 3298 1535 3379; baseline -0.003 -17"><span class='ocrx_word' id='word_1_363' title='bbox 178 3301 290 3364; x_wconf 89' lang='lat' dir='ltr'><strong>deisrrs</strong></span> <span class='ocrx_word' id='word_1_364' title='bbox 313 3304 416 3379; x_wconf 91' lang='lat' dir='ltr'><strong>potuit,</strong></span> <span class='ocrx_word' id='word_1_365' title='bbox 441 3318 516 3379; x_wconf 89' lang='lat' dir='ltr'><strong>quae</strong></span> <span class='ocrx_word' id='word_1_366' title='bbox 538 3308 635 3361; x_wconf 90' lang='lat' dir='ltr'><strong>tamen</strong></span> <span class='ocrx_word' id='word_1_367' title='bbox 660 3304 808 3361; x_wconf 89' lang='lat' dir='ltr'><strong>verissimo</strong></span> <span class='ocrx_word' id='word_1_368' title='bbox 831 3307 898 3361; x_wconf 89' lang='lat' dir='ltr'><strong>ante</strong></span> <span class='ocrx_word' id='word_1_369' title='bbox 921 3300 1001 3359; x_wconf 90' lang='lat' dir='ltr'><strong>urbis</strong></span> <span class='ocrx_word' id='word_1_370' title='bbox 1024 3300 1167 3360; x_wconf 86' lang='lat' dir='ltr'><strong>excidium</strong></span> <span class='ocrx_word' id='word_1_371' title='bbox 1187 3298 1362 3359; x_wconf 87' lang='lat' dir='ltr'><strong>acciderunt.</strong></span> <span class='ocrx_word' id='word_1_372' title='bbox 1402 3300 1486 3375; x_wconf 87' lang='lat' dir='ltr'><strong>Ergo</strong></span> <span class='ocrx_word' id='word_1_373' title='bbox 1510 3303 1535 3358; x_wconf 87' lang='lat' dir='ltr'><strong>si</strong></span> 
     </span>
     <span class='ocr_line' id='line_1_35' title="bbox 176 3386 1536 3466; baseline -0.001 -19"><span class='ocrx_word' id='word_1_374' title='bbox 176 3407 236 3448; x_wconf 91' lang='lat' dir='ltr'><strong>non</strong></span> <span class='ocrx_word' id='word_1_375' title='bbox 258 3388 326 3449; x_wconf 88' lang='lat' dir='ltr'><strong>ideo</strong></span> <span class='ocrx_word' id='word_1_376' title='bbox 348 3388 437 3449; x_wconf 71' lang='lat' dir='ltr'><strong>lesus</strong></span> <span class='ocrx_word' id='word_1_377' title='bbox 463 3390 557 3448; x_wconf 79' lang='lat' dir='ltr'><strong>hnani</strong></span> <span class='ocrx_word' id='word_1_378' title='bbox 580 3387 677 3448; x_wconf 90' lang='lat' dir='ltr'><strong>nullus</strong></span> <span class='ocrx_word' id='word_1_379' title='bbox 700 3388 767 3463; x_wconf 92' lang='lat' dir='ltr'><strong>iuit,</strong></span> <span class='ocrx_word' id='word_1_380' title='bbox 796 3391 845 3466; x_wconf 87' lang='lat' dir='ltr'><strong>qui</strong></span> <span class='ocrx_word' id='word_1_381' title='bbox 873 3388 953 3446; x_wconf 91' lang='lat' dir='ltr'><strong>urbis</strong></span> <span class='ocrx_word' id='word_1_382' title='bbox 976 3387 1120 3447; x_wconf 86' lang='lat' dir='ltr'><strong>excidium</strong></span> <span class='ocrx_word' id='word_1_383' title='bbox 1144 3388 1294 3465; x_wconf 88' lang='lat' dir='ltr'><strong>septennio</strong></span> <span class='ocrx_word' id='word_1_384' title='bbox 1318 3395 1387 3446; x_wconf 89' lang='lat' dir='ltr'><strong>antc</strong></span> <span class='ocrx_word' id='word_1_385' title='bbox 1411 3386 1536 3462; x_wconf 89' lang='lat' dir='ltr'><strong>praedi-</strong></span> 
     </span>
     <span class='ocr_line' id='line_1_36' title="bbox 178 3474 1536 3553; baseline -0.003 -15"><span class='ocrx_word' id='word_1_386' title='bbox 178 3483 268 3550; x_wconf 91' lang='lat' dir='ltr'><strong>ceret,</strong></span> <span class='ocrx_word' id='word_1_387' title='bbox 293 3478 362 3553; x_wconf 85' lang='lat' dir='ltr'><strong>quia</strong></span> <span class='ocrx_word' id='word_1_388' title='bbox 384 3476 414 3535; x_wconf 94' lang='lat' dir='ltr'><strong>id</strong></span> <span class='ocrx_word' id='word_1_389' title='bbox 437 3495 455 3536; x_wconf 93' lang='lat' dir='ltr'><strong>a</strong></span> <span class='ocrx_word' id='word_1_390' title='bbox 478 3476 650 3536; x_wconf 83' lang='lat' dir='ltr'><strong>Christianis</strong></span> <span class='ocrx_word' id='word_1_391' title='bbox 672 3494 731 3536; x_wconf 91' lang='lat' dir='ltr'><strong>non</strong></span> <span class='ocrx_word' id='word_1_392' title='bbox 754 3484 799 3536; x_wconf 88' lang='lat' dir='ltr'><strong>est</strong></span> <span class='ocrx_word' id='word_1_393' title='bbox 821 3476 976 3536; x_wconf 89' lang='lat' dir='ltr'><strong>memoriae</strong></span> <span class='ocrx_word' id='word_1_394' title='bbox 998 3474 1158 3551; x_wconf 89' lang='lat' dir='ltr'><strong>proditum,</strong></span> <span class='ocrx_word' id='word_1_395' title='bbox 1183 3492 1277 3549; x_wconf 85' lang='lat' dir='ltr'><strong>neque</strong></span> <span class='ocrx_word' id='word_1_396' title='bbox 1300 3476 1388 3533; x_wconf 90' lang='lat' dir='ltr'><strong>etiam</strong></span> <span class='ocrx_word' id='word_1_397' title='bbox 1413 3474 1474 3534; x_wconf 92' lang='lat' dir='ltr'><strong>hoc</strong></span> <span class='ocrx_word' id='word_1_398' title='bbox 1499 3475 1536 3534; x_wconf 96' lang='lat' dir='ltr'><strong>de</strong></span> 
     </span>
     <span class='ocr_line' id='line_1_37' title="bbox 177 3560 1419 3641; baseline -0.005 -17"><span class='ocrx_word' id='word_1_399' title='bbox 177 3564 301 3626; x_wconf 83' lang='lat' dir='ltr'><strong>Neronis</strong></span> <span class='ocrx_word' id='word_1_400' title='bbox 323 3570 422 3624; x_wconf 89' lang='lat' dir='ltr'><strong>status</strong></span> <span class='ocrx_word' id='word_1_401' title='bbox 444 3567 473 3623; x_wconf 92' lang='lat' dir='ltr'><strong>in</strong></span> <span class='ocrx_word' id='word_1_402' title='bbox 496 3565 605 3641; x_wconf 88' lang='lat' dir='ltr'><strong>templo</strong></span> <span class='ocrx_word' id='word_1_403' title='bbox 628 3581 663 3622; x_wconf 89' lang='lat' dir='ltr'><strong>ex</strong></span> <span class='ocrx_word' id='word_1_404' title='bbox 686 3563 750 3623; x_wconf 90' lang='lat' dir='ltr'><strong>solo</strong></span> <span class='ocrx_word' id='word_1_405' title='bbox 774 3563 1003 3622; x_wconf 84' lang='lat' dir='ltr'><strong>Christianorum</strong></span> <span class='ocrx_word' id='word_1_406' title='bbox 1025 3560 1141 3622; x_wconf 88' lang='lat' dir='ltr'><strong>silentio</strong></span> <span class='ocrx_word' id='word_1_407' title='bbox 1165 3561 1329 3638; x_wconf 87' lang='lat' dir='ltr'><strong>negandum</strong></span> <span class='ocrx_word' id='word_1_408' title='bbox 1353 3564 1419 3620; x_wconf 91' lang='lat' dir='ltr'><strong>erit.</strong></span> 
     </span>
    </p>

    <p class='ocr_par' dir='ltr' id='par_1_3' title="bbox 176 3648 1536 4078">
     <span class='ocr_line' id='line_1_38' title="bbox 281 3648 1534 3726; baseline -0.001 -16"><span class='ocrx_word' id='word_1_409' title='bbox 281 3650 338 3711; x_wconf 89' lang='lat' dir='ltr'><strong>Sed</strong></span> <span class='ocrx_word' id='word_1_410' title='bbox 363 3654 514 3711; x_wconf 88' lang='lat' dir='ltr'><strong>veniamus</strong></span> <span class='ocrx_word' id='word_1_411' title='bbox 537 3651 575 3711; x_wconf 94' lang='lat' dir='ltr'><strong>ad</strong></span> <span class='ocrx_word' id='word_1_412' title='bbox 597 3658 798 3726; x_wconf 84' lang='lat' dir='ltr'><strong>argumentum</strong></span> <span class='ocrx_word' id='word_1_413' title='bbox 820 3657 945 3721; x_wconf 80' lang='lat' dir='ltr'><strong>sartum,</strong></span> <span class='ocrx_word' id='word_1_414' title='bbox 968 3666 1026 3725; x_wconf 92' lang='lat' dir='ltr'><strong>quo</strong></span> <span class='ocrx_word' id='word_1_415' title='bbox 1050 3651 1151 3708; x_wconf 90' lang='lat' dir='ltr'><strong>nititur</strong></span> <span class='ocrx_word' id='word_1_416' title='bbox 1172 3649 1245 3709; x_wconf 90' lang='lat' dir='ltr'><strong>haec</strong></span> <span class='ocrx_word' id='word_1_417' title='bbox 1267 3666 1344 3707; x_wconf 89' lang='lat' dir='ltr'><strong>nona</strong></span> <span class='ocrx_word' id='word_1_418' title='bbox 1360 3648 1395 3708; x_wconf 91' lang='lat' dir='ltr'><strong>de</strong></span> <span class='ocrx_word' id='word_1_419' title='bbox 1412 3649 1534 3710; x_wconf 88' lang='lat' dir='ltr'><strong>hebdo-</strong></span> 
     </span>
     <span class='ocr_line' id='line_1_39' title="bbox 177 3736 1535 3815; baseline -0.001 -17"><span class='ocrx_word' id='word_1_420' title='bbox 177 3736 312 3798; x_wconf 90' lang='lat' dir='ltr'><strong>madibus</strong></span> <span class='ocrx_word' id='word_1_421' title='bbox 343 3740 451 3815; x_wconf 91' lang='lat' dir='ltr'><strong>opinio.</strong></span> <span class='ocrx_word' id='word_1_422' title='bbox 495 3738 530 3798; x_wconf 91' lang='lat' dir='ltr'><strong>Id</strong></span> <span class='ocrx_word' id='word_1_423' title='bbox 560 3748 657 3799; x_wconf 90' lang='lat' dir='ltr'><strong>autern</strong></span> <span class='ocrx_word' id='word_1_424' title='bbox 687 3756 721 3798; x_wconf 86' lang='lat' dir='ltr'><strong>ax</strong></span> <span class='ocrx_word' id='word_1_425' title='bbox 750 3737 808 3798; x_wconf 88' lang='lat' dir='ltr'><strong>fine</strong></span> <span class='ocrx_word' id='word_1_426' title='bbox 839 3736 1053 3797; x_wconf 91' lang='lat' dir='ltr'><strong>hebdomadum</strong></span> <span class='ocrx_word' id='word_1_427' title='bbox 1081 3739 1203 3813; x_wconf 90' lang='lat' dir='ltr'><strong>petitur,</strong></span> <span class='ocrx_word' id='word_1_428' title='bbox 1235 3740 1284 3812; x_wconf 89' lang='lat' dir='ltr'><strong>qui</strong></span> <span class='ocrx_word' id='word_1_429' title='bbox 1313 3743 1357 3795; x_wconf 87' lang='lat' dir='ltr'><strong>est</strong></span> <span class='ocrx_word' id='word_1_430' title='bbox 1380 3738 1535 3796; x_wconf 87' lang='lat' dir='ltr'><strong>excidium</strong></span> 
     </span>
     <span class='ocr_line' id='line_1_40' title="bbox 177 3822 1536 3904; baseline -0.003 -18"><span class='ocrx_word' id='word_1_431' title='bbox 177 3826 258 3886; x_wconf 91' lang='lat' dir='ltr'><strong>urbis</strong></span> <span class='ocrx_word' id='word_1_432' title='bbox 280 3832 309 3886; x_wconf 91' lang='lat' dir='ltr'><strong>ot</strong></span> <span class='ocrx_word' id='word_1_433' title='bbox 331 3825 430 3904; x_wconf 90' lang='lat' dir='ltr'><strong>templi</strong></span> <span class='ocrx_word' id='word_1_434' title='bbox 453 3824 548 3898; x_wconf 87' lang='lat' dir='ltr'><strong>finale,</strong></span> <span class='ocrx_word' id='word_1_435' title='bbox 573 3833 602 3886; x_wconf 91' lang='lat' dir='ltr'><strong>et</strong></span> <span class='ocrx_word' id='word_1_436' title='bbox 623 3827 715 3887; x_wconf 89' lang='lat' dir='ltr'><strong>totius</strong></span> <span class='ocrx_word' id='word_1_437' title='bbox 735 3825 913 3903; x_wconf 88' lang='lat' dir='ltr'><strong>reipublicae</strong></span> <span class='ocrx_word' id='word_1_438' title='bbox 928 3822 1073 3883; x_wconf 76' lang='lat' dir='ltr'><strong>iudaicae</strong></span> <span class='ocrx_word' id='word_1_439' title='bbox 1096 3833 1240 3884; x_wconf 86' lang='lat' dir='ltr'><strong>extremus</strong></span> <span class='ocrx_word' id='word_1_440' title='bbox 1263 3825 1395 3882; x_wconf 89' lang='lat' dir='ltr'><strong>interitus</strong></span> <span class='ocrx_word' id='word_1_441' title='bbox 1411 3828 1536 3903; x_wconf 86' lang='lat' dir='ltr'><strong>stirpis·</strong></span> 
     </span>
     <span class='ocr_line' id='line_1_41' title="bbox 176 3912 1535 3991; baseline 0 -19"><span class='ocrx_word' id='word_1_442' title='bbox 176 3930 233 3990; x_wconf 88' lang='lat' dir='ltr'><strong>qua</strong></span> <span class='ocrx_word' id='word_1_443' title='bbox 261 3915 358 3990; x_wconf 87' lang='lat' dir='ltr'><strong>regiae</strong></span> <span class='ocrx_word' id='word_1_444' title='bbox 386 3920 416 3974; x_wconf 90' lang='lat' dir='ltr'><strong>et</strong></span> <span class='ocrx_word' id='word_1_445' title='bbox 445 3912 632 3973; x_wconf 87' lang='lat' dir='ltr'><strong>sacerdotalis</strong></span> <span class='ocrx_word' id='word_1_446' title='bbox 662 3914 832 3991; x_wconf 86' lang='lat' dir='ltr'><strong>exstirpatio</strong></span> <span class='ocrx_word' id='word_1_447' title='bbox 864 3912 1100 3988; x_wconf 87' lang='lat' dir='ltr'><strong>diligentissima,</strong></span> <span class='ocrx_word' id='word_1_448' title='bbox 1132 3929 1207 3986; x_wconf 90' lang='lat' dir='ltr'><strong>quae</strong></span> <span class='ocrx_word' id='word_1_449' title='bbox 1237 3912 1335 3970; x_wconf 88' lang='lat' dir='ltr'><strong>omnis</strong></span> <span class='ocrx_word' id='word_1_450' title='bbox 1353 3912 1418 3985; x_wconf 89' lang='lat' dir='ltr'><strong>jam</strong></span> <span class='ocrx_word' id='word_1_451' title='bbox 1448 3919 1535 3972; x_wconf 85' lang='lat'>1500</span> 
     </span>
     <span class='ocr_line' id='line_1_42' title="bbox 176 3998 951 4078; baseline -0.003 -17"><span class='ocrx_word' id='word_1_452' title='bbox 176 4001 261 4061; x_wconf 89' lang='lat' dir='ltr'><strong>aunis</strong></span> <span class='ocrx_word' id='word_1_453' title='bbox 283 4001 346 4060; x_wconf 90' lang='lat' dir='ltr'><strong>sine</strong></span> <span class='ocrx_word' id='word_1_454' title='bbox 368 4001 457 4061; x_wconf 90' lang='lat' dir='ltr'><strong>ullius</strong></span> <span class='ocrx_word' id='word_1_455' title='bbox 479 3998 690 4060; x_wconf 86' lang='lat' dir='ltr'><strong>emendationis</strong></span> <span class='ocrx_word' id='word_1_456' title='bbox 712 4018 765 4078; x_wconf 90' lang='lat' dir='ltr'><strong>sps</strong></span> <span class='ocrx_word' id='word_1_457' title='bbox 787 4006 951 4060; x_wconf 88' lang='lat' dir='ltr'><strong>tenuerunt.</strong></span> 
     </span>
    </p>

    <p class='ocr_par' dir='ltr' id='par_1_4' title="bbox 175 4083 1536 4427">
     <span class='ocr_line' id='line_1_43' title="bbox 280 4083 1535 4164; baseline -0.002 -16"><span class='ocrx_word' id='word_1_458' title='bbox 280 4086 377 4148; x_wconf 92' lang='lat' dir='ltr'><strong>Unum</strong></span> <span class='ocrx_word' id='word_1_459' title='bbox 401 4088 473 4149; x_wconf 91' lang='lat' dir='ltr'><strong>haec</strong></span> <span class='ocrx_word' id='word_1_460' title='bbox 495 4089 640 4148; x_wconf 87' lang='lat' dir='ltr'><strong>sententia</strong></span> <span class='ocrx_word' id='word_1_461' title='bbox 660 4088 750 4147; x_wconf 89' lang='lat' dir='ltr'><strong>babet</strong></span> <span class='ocrx_word' id='word_1_462' title='bbox 772 4085 997 4164; x_wconf 86' lang='lat' dir='ltr'><strong>incommodum,</strong></span> <span class='ocrx_word' id='word_1_463' title='bbox 1020 4084 1099 4161; x_wconf 91' lang='lat' dir='ltr'><strong>quod</strong></span> <span class='ocrx_word' id='word_1_464' title='bbox 1115 4086 1204 4145; x_wconf 90' lang='lat' dir='ltr'><strong>verba</strong></span> <span class='ocrx_word' id='word_1_465' title='bbox 1222 4083 1428 4161; x_wconf 84' lang='lat' dir='ltr'><strong>„exscindetur</strong></span> <span class='ocrx_word' id='word_1_466' title='bbox 1446 4086 1535 4145; x_wconf 87' lang='lat' dir='ltr'><strong>Chri-</strong></span> 
     </span>
     <span class='ocr_line' id='line_1_44' title="bbox 175 4171 1535 4252; baseline -0.001 -18"><span class='ocrx_word' id='word_1_467' title='bbox 175 4175 258 4234; x_wconf 85' lang='lat' dir='ltr'><strong>stus“</strong></span> <span class='ocrx_word' id='word_1_468' title='bbox 283 4192 341 4235; x_wconf 92' lang='lat' dir='ltr'><strong>non</strong></span> <span class='ocrx_word' id='word_1_469' title='bbox 365 4184 486 4252; x_wconf 90' lang='lat' dir='ltr'><strong>possunt</strong></span> <span class='ocrx_word' id='word_1_470' title='bbox 509 4176 545 4236; x_wconf 94' lang='lat' dir='ltr'><strong>ad</strong></span> <span class='ocrx_word' id='word_1_471' title='bbox 562 4175 668 4235; x_wconf 84' lang='lat' dir='ltr'><strong>Christi</strong></span> <span class='ocrx_word' id='word_1_472' title='bbox 691 4184 812 4235; x_wconf 90' lang='lat' dir='ltr'><strong>mortem</strong></span> <span class='ocrx_word' id='word_1_473' title='bbox 835 4172 1056 4246; x_wconf 88' lang='lat' dir='ltr'><strong>accommodari,</strong></span> <span class='ocrx_word' id='word_1_474' title='bbox 1080 4171 1160 4248; x_wconf 87' lang='lat' dir='ltr'><strong>quod</strong></span> <span class='ocrx_word' id='word_1_475' title='bbox 1182 4180 1277 4232; x_wconf 77' lang='lat' dir='ltr'><strong>tantm</strong></span> <span class='ocrx_word' id='word_1_476' title='bbox 1300 4172 1411 4231; x_wconf 89' lang='lat' dir='ltr'><strong>iaciunt</strong></span> <span class='ocrx_word' id='word_1_477' title='bbox 1429 4190 1535 4233; x_wconf 89' lang='lat' dir='ltr'><strong>ornnes</strong></span> 
     </span>
     <span class='ocr_line' id='line_1_45' title="bbox 175 4258 1536 4339; baseline -0.001 -18"><span class='ocrx_word' id='word_1_478' title='bbox 175 4260 313 4339; x_wconf 83' lang='lat' dir='ltr'><strong>theologi,</strong></span> <span class='ocrx_word' id='word_1_479' title='bbox 338 4264 444 4338; x_wconf 89' lang='lat' dir='ltr'><strong>quibus</strong></span> <span class='ocrx_word' id='word_1_480' title='bbox 458 4263 612 4323; x_wconf 85' lang='lat' dir='ltr'><strong>difficulter</strong></span> <span class='ocrx_word' id='word_1_481' title='bbox 634 4281 652 4321; x_wconf 89' lang='lat' dir='ltr'><strong>a</strong></span> <span class='ocrx_word' id='word_1_482' title='bbox 676 4263 852 4338; x_wconf 80' lang='lat' dir='ltr'><strong>chronologo</strong></span> <span class='ocrx_word' id='word_1_483' title='bbox 869 4266 898 4320; x_wconf 88' lang='lat' dir='ltr'><strong>iu</strong></span> <span class='ocrx_word' id='word_1_484' title='bbox 915 4279 945 4321; x_wconf 90' lang='lat' dir='ltr'><strong>re</strong></span> <span class='ocrx_word' id='word_1_485' title='bbox 961 4268 1020 4319; x_wconf 92' lang='lat' dir='ltr'><strong>tam</strong></span> <span class='ocrx_word' id='word_1_486' title='bbox 1036 4259 1128 4320; x_wconf 89' lang='lat' dir='ltr'><strong>ardua</strong></span> <span class='ocrx_word' id='word_1_487' title='bbox 1143 4259 1357 4320; x_wconf 89' lang='lat' dir='ltr'><strong>contradicitur.</strong></span> <span class='ocrx_word' id='word_1_488' title='bbox 1395 4258 1461 4319; x_wconf 90' lang='lat' dir='ltr'><strong>Sed</strong></span> <span class='ocrx_word' id='word_1_489' title='bbox 1477 4262 1536 4321; x_wconf 89' lang='lat' dir='ltr'><strong>boc</strong></span> 
     </span>
     <span class='ocr_line' id='line_1_46' title="bbox 175 4347 1532 4427; baseline 0.001 -21"><span class='ocrx_word' id='word_1_490' title='bbox 175 4349 389 4410; x_wconf 90' lang='lat' dir='ltr'><strong>incommodum</strong></span> <span class='ocrx_word' id='word_1_491' title='bbox 413 4351 500 4426; x_wconf 85' lang='lat' dir='ltr'><strong>quale</strong></span> <span class='ocrx_word' id='word_1_492' title='bbox 522 4352 568 4423; x_wconf 89' lang='lat' dir='ltr'><strong>sit,</strong></span> <span class='ocrx_word' id='word_1_493' title='bbox 592 4368 680 4426; x_wconf 90' lang='lat' dir='ltr'><strong>supra</strong></span> <span class='ocrx_word' id='word_1_494' title='bbox 706 4349 773 4410; x_wconf 90' lang='lat' dir='ltr'><strong>vids</strong></span> <span class='ocrx_word' id='word_1_495' title='bbox 798 4368 864 4427; x_wconf 87' lang='lat' dir='ltr'><strong>pag.</strong></span> <span class='ocrx_word' id='word_1_496' title='bbox 882 4353 943 4409; x_wconf 86' lang='grc'><strong>809</strong></span> <span class='ocrx_word' id='word_1_497' title='bbox 968 4350 997 4405; x_wconf 83' lang='grc' dir='ltr'><strong>ἰη</strong></span> <span class='ocrx_word' id='word_1_498' title='bbox 1021 4348 1215 4424; x_wconf 87' lang='lat' dir='ltr'><strong>explicatione</strong></span> <span class='ocrx_word' id='word_1_499' title='bbox 1237 4347 1338 4406; x_wconf 89' lang='lat' dir='ltr'><strong>horum</strong></span> <span class='ocrx_word' id='word_1_500' title='bbox 1359 4348 1532 4408; x_wconf 86' lang='lat' dir='ltr'><strong>verborum.</strong></span> 
     </span>
    </p>

    <p class='ocr_par' dir='ltr' id='par_1_5' title="bbox 174 4432 1533 4778">
     <span class='ocr_line' id='line_1_47' title="bbox 280 4432 1533 4512; baseline -0.001 -15"><span class='ocrx_word' id='word_1_501' title='bbox 280 4436 410 4512; x_wconf 89' lang='lat' dir='ltr'><strong>Scaliger</strong></span> <span class='ocrx_word' id='word_1_502' title='bbox 439 4437 506 4497; x_wconf 89' lang='lat' dir='ltr'><strong>huic</strong></span> <span class='ocrx_word' id='word_1_503' title='bbox 535 4437 718 4498; x_wconf 90' lang='lat' dir='ltr'><strong>incommodo</strong></span> <span class='ocrx_word' id='word_1_504' title='bbox 748 4438 855 4498; x_wconf 92' lang='lat' dir='ltr'><strong>mederi</strong></span> <span class='ocrx_word' id='word_1_505' title='bbox 883 4443 1004 4496; x_wconf 89' lang='lat' dir='ltr'><strong>conatur</strong></span> <span class='ocrx_word' id='word_1_506' title='bbox 1032 4452 1081 4508; x_wconf 89' lang='lat' dir='ltr'><strong>ec,</strong></span> <span class='ocrx_word' id='word_1_507' title='bbox 1112 4434 1191 4511; x_wconf 87' lang='lat' dir='ltr'><strong>quod</strong></span> <span class='ocrx_word' id='word_1_508' title='bbox 1218 4432 1422 4495; x_wconf 89' lang='lat' dir='ltr'><strong>hebdomadas</strong></span> <span class='ocrx_word' id='word_1_509' title='bbox 1450 4443 1490 4495; x_wconf 75' lang='lat'><strong>62</strong></span> <span class='ocrx_word' id='word_1_510' title='bbox 1517 4455 1533 4495; x_wconf 91' lang='lat' dir='ltr'><strong>e</strong></span> 
     </span>
     <span class='ocr_line' id='line_1_48' title="bbox 175 4522 1533 4600; baseline 0.002 -21"><span class='ocrx_word' id='word_1_511' title='bbox 175 4522 288 4598; x_wconf 87' lang='lat' dir='ltr'><strong>reliquo</strong></span> <span class='ocrx_word' id='word_1_512' title='bbox 318 4532 404 4585; x_wconf 88' lang='lat' dir='ltr'><strong>coetu</strong></span> <span class='ocrx_word' id='word_1_513' title='bbox 436 4523 549 4585; x_wconf 87' lang='lat' dir='ltr'><strong>divellit</strong></span> <span class='ocrx_word' id='word_1_514' title='bbox 578 4534 608 4585; x_wconf 88' lang='lat' dir='ltr'><strong>et</strong></span> <span class='ocrx_word' id='word_1_515' title='bbox 635 4526 673 4585; x_wconf 91' lang='lat' dir='ltr'><strong>ab</strong></span> <span class='ocrx_word' id='word_1_516' title='bbox 696 4523 755 4584; x_wconf 89' lang='lat' dir='ltr'><strong>alio</strong></span> <span class='ocrx_word' id='word_1_517' title='bbox 778 4525 862 4583; x_wconf 85' lang='lat' dir='ltr'><strong>initio</strong></span> <span class='ocrx_word' id='word_1_518' title='bbox 884 4524 1001 4600; x_wconf 87' lang='lat' dir='ltr'><strong>incipit:</strong></span> <span class='ocrx_word' id='word_1_519' title='bbox 1033 4522 1099 4581; x_wconf 90' lang='lat' dir='ltr'><strong>illas</strong></span> <span class='ocrx_word' id='word_1_520' title='bbox 1122 4524 1198 4582; x_wconf 90' lang='lat' dir='ltr'><strong>enim</strong></span> <span class='ocrx_word' id='word_1_521' title='bbox 1222 4523 1260 4582; x_wconf 94' lang='lat' dir='ltr'><strong>ab</strong></span> <span class='ocrx_word' id='word_1_522' title='bbox 1282 4538 1359 4580; x_wconf 90' lang='lat' dir='ltr'><strong>anno</strong></span> <span class='ocrx_word' id='word_1_523' title='bbox 1385 4528 1413 4584; x_wconf 80' lang='lat' dir='ltr'><strong>i.</strong></span> <span class='ocrx_word' id='word_1_524' title='bbox 1439 4524 1533 4582; x_wconf 80' lang='lat' dir='ltr'><strong>Arta-</strong></span> 
     </span>
     <span class='ocr_line' id='line_1_49' title="bbox 174 4608 1533 4689; baseline 0.001 -20"><span class='ocrx_word' id='word_1_525' title='bbox 174 4613 271 4670; x_wconf 84' lang='lat' dir='ltr'><strong>xerxis</strong></span> <span class='ocrx_word' id='word_1_526' title='bbox 293 4611 322 4669; x_wconf 94' lang='lat' dir='ltr'><strong>in</strong></span> <span class='ocrx_word' id='word_1_527' title='bbox 347 4619 467 4672; x_wconf 91' lang='lat' dir='ltr'><strong>mortem</strong></span> <span class='ocrx_word' id='word_1_528' title='bbox 491 4611 597 4671; x_wconf 82' lang='lat' dir='ltr'><strong>Christi</strong></span> <span class='ocrx_word' id='word_1_529' title='bbox 621 4610 768 4685; x_wconf 82' lang='lat' dir='ltr'><strong>extendit3</strong></span> <span class='ocrx_word' id='word_1_530' title='bbox 793 4620 879 4689; x_wconf 79' lang='lat' dir='ltr'><strong>,post</strong></span> <span class='ocrx_word' id='word_1_531' title='bbox 904 4617 966 4671; x_wconf 81' lang='lat'><strong>434</strong></span> <span class='ocrx_word' id='word_1_532' title='bbox 991 4611 1101 4669; x_wconf 89' lang='lat' dir='ltr'><strong>annos“</strong></span> <span class='ocrx_word' id='word_1_533' title='bbox 1128 4610 1179 4688; x_wconf 89' lang='lat' dir='ltr'><strong>(sc.</strong></span> <span class='ocrx_word' id='word_1_534' title='bbox 1204 4610 1242 4669; x_wconf 89' lang='lat' dir='ltr'><strong>ab</strong></span> <span class='ocrx_word' id='word_1_535' title='bbox 1265 4608 1362 4669; x_wconf 89' lang='lat' dir='ltr'><strong>edicto</strong></span> <span class='ocrx_word' id='word_1_536' title='bbox 1384 4608 1533 4670; x_wconf 84' lang='lat' dir='ltr'><strong>Artaxer·</strong></span> 
     </span>
     <span class='ocr_line' id='line_1_50' title="bbox 174 4688 1532 4778; baseline 0 -21"><span class='ocrx_word' id='word_1_537' title='bbox 174 4698 220 4757; x_wconf 86' lang='lat' dir='ltr'><strong>xis</strong></span> <span class='ocrx_word' id='word_1_538' title='bbox 243 4696 279 4758; x_wconf 91' lang='lat' dir='ltr'><strong>do</strong></span> <span class='ocrx_word' id='word_1_539' title='bbox 302 4698 395 4759; x_wconf 92' lang='lat' dir='ltr'><strong>reditu</strong></span> <span class='ocrx_word' id='word_1_540' title='bbox 411 4698 534 4776; x_wconf 85' lang='lat' dir='ltr'><strong>Esdrao)</strong></span> <span class='ocrx_word' id='word_1_541' title='bbox 559 4698 726 4775; x_wconf 85' lang='lat' dir='ltr'><strong>„occidetur</strong></span> <span class='ocrx_word' id='word_1_542' title='bbox 742 4698 905 4759; x_wconf 84' lang='lat' dir='ltr'><strong>Christus“.</strong></span> <span class='ocrx_word' id='word_1_543' title='bbox 943 4696 1057 4758; x_wconf 89' lang='lat' dir='ltr'><strong>Deinde</strong></span> <span class='ocrx_word' id='word_1_544' title='bbox 1079 4688 1271 4778; x_wconf 85' lang='lat' dir='ltr'><strong>septimanam</strong></span> <span class='ocrx_word' id='word_1_545' title='bbox 1289 4695 1423 4758; x_wconf 89' lang='lat' dir='ltr'><strong>ultimam</strong></span> <span class='ocrx_word' id='word_1_546' title='bbox 1441 4701 1532 4758; x_wconf 89' lang='lat' dir='ltr'><strong>etiam</strong></span> 
     </span>
    </p>
   </div>
   <div class='ocr_carea' id='block_1_3' title="bbox 0 0 1648 5520">
    <p class='ocr_par' dir='ltr' id='par_1_6' title="bbox 0 0 1648 5520">
     <span class='ocr_line' id='line_1_51' title="bbox 0 0 1648 5520; baseline 0 0"><span class='ocrx_word' id='word_1_547' title='bbox 0 0 1648 5520; x_wconf 95' lang='lat' dir='ltr'><strong> </strong></span> 
     </span>
    </p>
   </div>
  </div>
 </body>
</html>
