3284 5520
141 336 205 403 204
630 335 767 404 Tyehouis
785 335 995 407 Hyperaspistes

141 520 265 591 occupat
287 513 412 574 altitudo
435 516 510 574 aeris
534 522 563 573 et
585 517 609 573 si
632 515 730 591 placet
763 517 839 592 ignis
870 515 1038 592 sphaerae?
1082 514 1186 574 Nonae
1224 529 1340 573 summa
1372 513 1493 572 nubium

142 603 265 661 altitudo
290 602 389 662 decem
413 601 572 661 stadiorum
597 603 664 661 est?
686 603 789 663 Nonne
813 602 946 663 concedit
969 603 1154 675 Aristoteles,
1177 609 1292 679 raptum
1310 617 1494 661 communem

141 693 230 749 totius
252 690 406 749 machinae
429 689 564 749 eoelestis
586 707 679 765 usque
702 693 731 748 in
756 695 852 751 a'e'rem
882 689 1068 769 pertingere?
1114 688 1295 764 Quantulum
1318 690 1407 765 igitur
1431 687 1493 747 dis·

141 779 248 837 crimen
272 795 335 838 esee
358 786 445 853 putee
468 779 542 836 inter
570 778 737 852 aetherem,
773 779 822 853 qui
854 796 943 856 supra
974 777 1103 852 Lunam,
1135 782 1164 837 et
1195 775 1277 835 illum
1310 777 1367 836 snb
1399 774 1493 848 Luna,

141 865 250 939 millia,
275 867 300 923 si
324 882 381 924 non
405 866 619 940 quinquaginta
653 873 704 923 aut
738 865 933 942 quadraginta
961 881 1068 924 novem
1101 871 1130 924 et
1160 872 1313 939 praeterea
1345 868 1495 938 nongenta

143 954 431 1028 nonagintanovem
462 952 594 1027 singula,
623 959 674 1011 aut
704 961 790 1011 sunto
814 953 878 1012 sola
900 951 1094 1029 quadraginta
1117 967 1225 1010 norem
1246 949 1364 1010 millia?
1409 949 1494 1008 Etsi

142 1047 273 1098 cometae
296 1040 386 1099 semel
411 1040 549 1115 eripueris
572 1041 695 1116 patriani
725 1042 811 1101 istam
841 1040 1046 1100 elementarem
1077 1055 1148 1098 sane
1171 1056 1260 1114 quam
1283 1037 1440 1109 humilem,
1469 1039 1494 1095 si

140 1126 243 1185 saltem
266 1126 304 1185 ad
328 1126 404 1186 dena
427 1126 519 1184 millia
541 1126 723 1200 elevaveris,
752 1126 822 1204 quid
853 1144 938 1203 porro
970 1127 1099 1186 intererit
1121 1125 1159 1185 ad
1174 1127 1380 1202 integritatem
1404 1123 1494 1183 disci·

143 1212 240 1289 plinee
262 1214 412 1290 physicae,
436 1231 524 1291 supra
547 1213 659 1272 Lunam
684 1217 778 1291 ipsum
801 1213 944 1274 locaveris
969 1232 1005 1273 an
1029 1216 1058 1270 in
1081 1213 1230 1273 sublunari
1253 1211 1397 1273 aethere?

246 1318 297 1375 39.
336 1316 402 1375 Hoc
436 1319 524 1392 igitur
548 1317 690 1376 commodi
723 1319 860 1394 consequi
894 1324 1018 1395 possunt
1052 1336 1087 1376 ex
1119 1317 1174 1376 lrac
1207 1313 1303 1376 minus
1338 1315 1496 1393 principali

142 1404 290 1481 'lychonis
320 1404 565 1463 demonstratione
594 1404 636 1463 illi
669 1423 703 1464 cx
728 1405 913 1465 claramonte
941 1406 1141 1481 peripatetici,
1172 1413 1204 1464 ut
1233 1407 1258 1463 si
1290 1405 1366 1464 circe
1395 1404 1495 1462 minu-

141 1493 252 1551 tissima
281 1500 349 1550 sunt
378 1492 462 1550 uobis
491 1495 665 1551 astronomis
689 1494 783 1552 minue
806 1492 934 1566 creduli,
968 1494 991 1550 si
1026 1500 1059 1551 ut
1087 1492 1161 1568 lippi
1191 1489 1362 1565 oculorum,
1397 1491 1442 1550 sio
1464 1489 1495 1547 hi

140 1581 245 1638 mentis
275 1578 466 1638 imbecillitati
502 1577 589 1636 diffisi
618 1579 653 1637 dc
689 1579 775 1638 rebus
805 1580 1049 1640 manifestissimis
1080 1579 1229 1652 dubitant,
1264 1578 1367 1638 saltem
1390 1577 1496 1637 Lunae

140 1665 272 1725 confiniis
296 1674 424 1726 cometas
447 1664 604 1725 admovere
626 1672 815 1741 assuescent,
840 1671 864 1726 si
888 1684 1016 1727 muscam
1032 1674 1188 1742 nequeant,
1212 1673 1242 1726 at
1259 1666 1372 1726 trabem
1388 1663 1495 1725 saltem

141 1755 352 1829 conspicentur.

245 1859 295 1918 40.
326 1858 500 1933 Priusquam
531 1857 607 1916 hanc
630 1856 779 1935 Tychouis
810 1859 1078 1935 comprobationem
1113 1861 1232 1918 missam
1263 1859 1354 1919 iaciat
1389 1856 1496 1919 Clara-

140 1947 283 2017 montius,
313 1948 418 2021 regerit
441 1944 526 2003 nobis
550 1938 616 2025 (sol.
641 1944 744 2021 201.),
776 1947 810 2003 in
839 1946 896 2004 hoc
924 1949 1044 2007 ratione
1066 1949 1199 2024 supponi
1221 1953 1339 2006 motum
1361 1954 1495 2008 cometae

140 2034 328 2109 reputarem
353 2031 436 2107 quod
457 2031 577 2090 mande
599 2032 664 2098 iem
687 2032 868 2109 refutaverit
891 2037 960 2111 ipse.

250 2140 301 2196 41.
341 2135 509 2209 Sufficerct,
545 2138 661 2197 inanem
691 2137 894 2213 gloriationem
924 2137 1058 2213 rejicere,
1089 2153 1159 2196 vcra
1190 2137 1418 2212 exprobratione
1445 2155 1494 2199 re-

139 2223 251 2302 pulsae,
276 2241 364 2300 quam
387 2230 431 2282 cst
452 2241 470 2282 a
492 2242 538 2283 me
560 2242 679 2301 passus:
704 2224 830 2283 utillud
854 2233 944 2300 auget
966 2224 1053 2300 hujus
1077 2222 1204 2282 imbellis
1219 2241 1337 2301 pugnae
1354 2222 1493 2301 dedecus,

140 2310 218 2389 quod
237 2313 301 2387 jam
323 2312 396 2371 haec
419 2309 568 2388 Tychonie
592 2313 665 2371 ratio
696 2328 883 2388 nequaquam
906 2312 1048 2371 detrectat
1080 2310 1321 2386 irregularitatem
1347 2312 1418 2371 viae
1441 2330 1495 2390 per

138 2398 302 2477 parallaxin
326 2398 483 2458 inductam.
528 2400 591 2458 Etsi
615 2400 691 2458 enim
714 2401 802 2458 sumit
824 2406 1012 2477 augmentum
1036 2397 1239 2458 declinationis
1263 2417 1298 2458 er
1322 2398 1434 2475 regula,
1458 2408 1489 2461 at

140 2486 210 2545 illud
234 2492 339 2562 postea
362 2485 547 2546 transformat
569 2488 599 2545 in
623 2486 871 2561 irregularitatem
886 2494 1006 2560 tourtam,
1030 2493 1169 2561 quantam
1191 2485 1323 2562 postulat
1338 2486 1489 2561 quaelibet

143 2576 296 2650 supposita
319 2573 487 2649 perallaxie.
545 2599 547 2603 ⁴

251 2679 303 2737 42.
329 2676 375 2735 Ad
398 2685 558 2738 extremum
574 2677 673 2755 Scipio
697 2681 752 2739 tiro
768 2677 939 2756 Tycbouem
963 2685 1134 2737 veteranum
1150 2677 1236 2737 docet
1251 2695 1333 2738 arma
1348 2684 1494 2739 tractares

138 2765 331 2825 subtilitatem
354 2765 396 2823 illi
421 2766 607 2824 minutiarum
630 2765 823 2843 paucularum
847 2765 1011 2841 exprobrat,
1034 2782 1086 2841 pro
1104 2763 1273 2825 differentiis
1296 2763 1493 2841 perallaxinrn

138 2852 302 2929 parallaxes
325 2854 405 2927 ipsas
428 2859 507 2912 totas
529 2855 665 2928 requirit,
701 2852 866 2928 exemplum
888 2851 1052 2911 Ptolomaei
1074 2854 1230 2929 proponit,
1264 2854 1314 2930 qui
1337 2870 1370 2913 se
1395 2856 1495 2930 ipsum

138 2943 226 3000 miser
251 2957 317 2999 cunr
340 2942 459 2998 minutis
482 2946 541 2998 tam
564 2943 666 3015 paucis
690 2947 817 3014 exponat
840 2942 1007 2999 contemtui.

250 3050 300 3102 43.
336 3043 478 3101 Nimirum
502 3043 552 3100 alii
576 3046 686 3118 egregii
709 3041 884 3116 bellatores,
914 3044 963 3118 qui
997 3044 1163 3119 parallaxes
1186 3050 1329 3119 quatuor,
1353 3047 1495 3123 quinque,

139 3148 194 3192 sex
215 3129 358 3206 graduum
381 3146 447 3188 cum
469 3131 656 3202 statuissent,
695 3132 859 3188 institutum
891 3139 987 3190 tenere
1022 3147 1080 3189 non
1108 3140 1283 3208 potuerunt,
1317 3136 1434 3209 magnis
1467 3142 1497 3195 et

141 3220 224 3277 vanis
247 3234 341 3293 aeque
363 3219 443 3276 ausis
466 3216 646 3276 exciderunt.
677 3219 770 3276 Detur
792 3226 906 3277 cometa
929 3221 1073 3293 perennis,
1098 3221 1180 3295 eujus
1204 3228 1300 3279 motus
1323 3238 1414 3280 verus
1437 3223 1496 3281 eir-

141 3305 247 3366 eularis
270 3313 299 3364 et
321 3304 490 3377 uniformis,
528 3307 670 3364 constanti
702 3303 810 3382 angulo
838 3305 874 3363 ad
910 3304 1074 3381 eclipticam
1102 3306 1279 3379 inclinatus,
1311 3308 1360 3383 qui
1392 3309 1495 3369 crebro

141 3392 262 3452 candem
287 3394 365 3450 viam
388 3399 524 3465 recurrat,
550 3391 628 3467 quod
652 3391 689 3452 de
714 3392 796 3450 Luna
819 3392 982 3452 seculorum
1006 3410 1165 3454 consensus
1188 3402 1330 3454 testatur:
1355 3411 1415 3454 non
1441 3395 1496 3456 de-

140 3483 266 3540 futurum
291 3488 335 3538 eet
358 3480 552 3538 astronomiae
575 3480 738 3538 consilinm.

247 3586 297 3643 44.
323 3583 460 3659 Quinimo
486 3583 589 3643 dentur
612 3584 707 3643 solum
731 3584 950 3645 observationes
973 3604 991 3644 a
1014 3584 1086 3644 locis
1109 3585 1224 3661 longius
1242 3585 1361 3658 dissitis,
1387 3587 1493 3647 obser·

141 3679 225 3730 vetur
247 3671 354 3747 aliquis
387 3679 501 3731 cometa
531 3671 632 3730 eodem
664 3680 830 3744 momento,
865 3680 924 3730 tam
955 3671 993 3731 ad
1022 3675 1253 3748 promontorium
1282 3673 1385 3732 Bonae
1413 3674 1496 3750 Spei,

141 3776 228 3834 quam
252 3760 280 3815 iu
296 3757 482 3834 Nordrregie,
507 3759 578 3817 loeis
602 3759 656 3817 sub
680 3758 782 3819 codem
805 3759 965 3818 meridiano
981 3760 1063 3817 sitis:
1083 3760 1146 3835 jam
1162 3760 1264 3837 Tycho
1280 3759 1497 3823 demonstravit

141 3850 169 3904 iu
194 3846 431 3921 comprobatione
458 3844 651 3919 antecedenti,
676 3847 746 3922 quid
769 3848 855 3907 luerit
877 3847 1015 3906 facturus.

249 3953 299 4010 45.
334 3951 373 4010 At
396 3951 494 4028 Scipio
525 3952 599 4012 haec
621 3956 722 4029 iniqua
750 3954 899 4029 postulata
922 3970 1087 4029 proponens
1111 3951 1288 4023 demostrat,
1319 3969 1351 4012 se
1374 3955 1496 4030 ingenio

138 4056 325 4117 nequequam
356 4056 420 4098 esse
443 4057 542 4114 parem
566 4057 660 4116 neque
684 4040 834 4116 capiendis
857 4040 1024 4114 hujusmodi
1049 4039 1364 4113 demonstrationibus,
1396 4058 1494 4117 neque

139 4125 312 4187 aestimandi
336 4129 546 4202 praestantiam
572 4130 767 4204 ingeniorum,
792 4130 840 4203 qui
865 4145 931 4186 oum
954 4128 1095 4186 totalibus
1117 4126 1318 4203 perallaxibus
1347 4128 1491 4188 exclude·

140 4222 251 4287 rentur,
282 4213 472 4290 pauculorum
503 4222 598 4274 tamen
623 4214 823 4291 scrupulorum
848 4214 939 4273 veluti
962 4217 1082 4290 remigio
1113 4216 1189 4272 viam
1217 4230 1267 4289 per
1296 4215 1410 4273 invium
1432 4215 1489 4276 boc

139 4320 217 4361 mare
241 4308 270 4361 et
291 4301 426 4361 affectare
449 4310 518 4359 suut
539 4305 603 4360 ausi
626 4303 738 4361 sortiter
760 4311 789 4361 et
813 4305 986 4362 invenerunt
1007 4302 1183 4361 felicissirne.

470 4524 512 4591 lo
535 4523 630 4605 Capiti
651 4524 697 4590 16.
721 4522 774 4592 lot.
795 4526 865 4593 2⁰2
890 4524 986 4591 etti.
1010 4522 1063 4590 lot.
1086 4524 1156 4591 206.

247 4706 272 4762 l.
312 4702 462 4762 Hactenus
491 4703 521 4759 in
551 4700 700 4761 schemate
730 4702 879 4778 'l'yclronis
911 4703 1052 4761 comatico
1082 4701 1132 4759 iol.
1166 4704 1235 4760 147.
1268 4718 1304 4761 ex
1337 4701 1495 4762 latitudine

140 4789 200 4850 loei
221 4788 290 4865 ΖΗ,
318 4789 465 4851 aeimutho
489 4787 568 4849 ΑΖΟ
592 4795 622 4850 et
643 4788 856 4868 complemento
879 4788 1043 4850 altitudinis
1067 4796 1198 4854 cornetae
1219 4787 1271 4852 ΖΟ
1295 4791 1492 4867 quaerebatur
