3284 5520
505 1575 787 1690 douohruu
829 1572 1125 1716 physiologia

736 1877 893 1894 m

238 2068 288 2131 De
310 2075 488 2130 cometarum
511 2077 575 2131 ortu
599 2078 629 2133 et
650 2079 755 2134 natura
777 2074 821 2134 sic
843 2071 973 2132 videtur:
1003 2075 1037 2129 nt
1066 2086 1175 2145 aquas,
1206 2071 1364 2148 praecipue
1386 2068 1490 2143 salsas,

142 2157 275 2232 piscibus,
299 2159 342 2217 sic
357 2157 504 2217 aetherem
520 2163 640 2221 cometis
656 2169 750 2221 ortum
766 2161 914 2239 praebere,
938 2168 968 2220 et
983 2165 1015 2217 ut
1028 2158 1124 2235 pisces
1140 2159 1168 2215 in
1186 2156 1280 2230 undis,
1305 2159 1347 2216 sic
1363 2166 1491 2216 cometas

142 2246 165 2301 iu
189 2261 264 2303 aura
286 2245 423 2305 aetherea
445 2242 614 2308 discurrere.
652 2249 804 2322 Nimirum,
828 2250 870 2307 nti
887 2247 1030 2307 conditori
1045 2243 1164 2321 placuit,
1189 2246 1373 2303 vastissimas
1389 2245 1491 2302 oceani

140 2330 311 2392 solitudines
332 2347 392 2391 uon
414 2331 502 2409 plane
527 2332 675 2396 desolatas
699 2337 747 2398 vel
770 2340 935 2396 inaccessas
957 2348 1135 2411 permanere,
1158 2331 1210 2391 sed
1233 2333 1332 2408 potius
1354 2332 1493 2406 frequen·

139 2421 189 2479 tari
220 2421 373 2496 passima
396 2426 475 2480 certo
507 2423 677 2484 animalium
706 2441 827 2502 genere,
858 2430 891 2482 nt
918 2429 986 2481 sunt
1007 2418 1130 2498 grandia
1152 2426 1215 2480 cete
1239 2426 1268 2478 et
1290 2434 1375 2479 omne
1398 2434 1492 2494 genus

139 2516 341 2578 monacorum,
364 2506 520 2582 perillam
542 2513 711 2572 vastitatem
734 2513 858 2572 extentis
882 2516 911 2570 st
933 2511 1005 2568 raris
1028 2507 1162 2566 cursibus
1179 2505 1430 2565 lanocinantium:
1454 2505 1492 2564 ad

139 2594 264 2654 cundem
286 2592 404 2654 modum
428 2601 458 2655 et
480 2593 517 2655 de
539 2597 644 2673 liquidi
668 2600 793 2659 aetheris
816 2603 956 2657 immensa
972 2593 1168 2674 profunditate
1184 2594 1381 2669 cogitandum.
1420 2593 1491 2669 Ejus

138 2683 245 2760 quippe
268 2682 343 2741 haec
365 2688 469 2741 natura
492 2692 551 2759 est,
582 2693 616 2744 ut
637 2693 766 2747 cometas
790 2704 827 2748 ex
849 2703 881 2745 se
903 2686 969 2761 ipsa
991 2682 1150 2759 producat,
1180 2683 1210 2739 in
1233 2698 1299 2740 eum
1322 2681 1424 2754 finem,
1454 2696 1491 2738 ne

137 2767 209 2828 illud
239 2766 415 2829 elementum
444 2785 497 2829 seu
523 2774 604 2850 regio
634 2792 730 2835 vacua
758 2777 805 2833 sit.
850 2771 933 2834 Solet
956 2768 1132 2847 quandoque
1154 2785 1228 2827 aura
1250 2768 1389 2829 aetherea
1410 2784 1491 2827 cras-

138 2872 249 2916 sescere
280 2857 366 2917 certis
392 2858 573 2934 regionibns,
606 2877 699 2937 eoque
726 2861 773 2936 tit,
802 2867 835 2921 ut
856 2858 1007 2921 stellarum
1029 2857 1166 2932 Solisque
1188 2856 1299 2916 lumina
1320 2873 1378 2915 non
1400 2854 1492 2915 libere

137 2944 324 3020 perveniant.
339 2942 377 3003 ad
399 2943 528 3005 Terram.
574 2946 622 3007 Sic
652 2956 797 3008 testantur
826 2949 984 3021 historiae,
1013 2945 1112 3005 Solem
1141 2943 1319 3020 quandoque
1347 2961 1400 3019 per
1428 2941 1491 3001 dies

138 3030 266 3107 aliquot,
290 3037 324 3090 nt
346 3048 423 3091 anno
448 3033 541 3094 1547.
564 3036 720 3110 quatriduo
744 3055 763 3096 a
786 3037 835 3097 at.
859 3037 888 3094 iu
912 3035 963 3093 28.
988 3033 1117 3108 Aprilis,
1141 3029 1318 3108 quandoque
1340 3048 1392 3108 per
1414 3031 1491 3089 inte·

137 3136 219 3195 grum
243 3135 362 3193 annum,
385 3126 418 3177 nt
441 3137 517 3180 anno
541 3121 638 3181 caedis
662 3122 811 3197 Caesaris,
836 3122 957 3201 palliolo
980 3120 1144 3195 ferrugineo
1167 3120 1369 3196 sanguineorc
1394 3117 1491 3176 colore

138 3205 284 3282 hebetari;
307 3213 377 3266 tunc
400 3207 489 3284 igitur
511 3207 711 3270 defaecatione
734 3217 764 3271 et
784 3212 959 3288 purgatione
983 3222 1057 3286 opus
1072 3214 1125 3280 est,
1150 3224 1238 3282 quam
1253 3214 1382 3284 praestat
1396 3202 1492 3265 lacul-

139 3300 183 3352 tas
211 3293 279 3367 illa,
312 3310 388 3370 quae
418 3296 493 3355 inest
520 3297 549 3379 in
578 3298 643 3374 ipsa
671 3298 837 3358 substantia
860 3314 950 3359 aurae
971 3296 1140 3368 aethereae,
1170 3294 1273 3353 similis
1297 3291 1416 3354 animali
1440 3299 1492 3351 aut

138 3379 221 3440 titali
244 3378 386 3440 facultati.

240 3466 353 3528 Coacta
375 3468 463 3545 igitur
485 3468 537 3529 ilia
560 3488 660 3531 crassa
682 3471 858 3549 pinguedine
877 3471 1014 3546 aetheris,
1037 3470 1122 3546 quasi
1145 3466 1273 3544 quodam
1296 3472 1491 3539 excremento,

140 3553 272 3614 velutin
297 3555 444 3631 quoddam
467 3565 634 3634 apostema,
666 3558 698 3618 iit
729 3578 763 3620 cx
793 3568 897 3618 natura
919 3558 992 3633 loci,
1022 3564 1055 3616 ut
1077 3556 1175 3616 lumen
1197 3554 1241 3614 illi
1265 3553 1386 3615 secedat
1409 3550 1491 3636 (cum

139 3641 215 3701 Solis
248 3641 348 3704 lumen
382 3643 491 3720 ubique
526 3641 620 3729 adsit)
654 3654 809 3724 motusque
840 3649 867 3706 ei
900 3647 990 3706 instar
1021 3643 1124 3704 stellae
1156 3643 1282 3719 alicujus
1314 3640 1492 3702 concilietur.

141 3729 312 3806 Exemplum
336 3738 433 3790 tamen
456 3735 550 3809 magis
572 3735 745 3811 genuinum,
776 3732 925 3810 quomodo
955 3739 1132 3793 cometarum
1155 3731 1224 3790 huie
1246 3731 1348 3809 pingui
1371 3735 1401 3791 ct
1423 3744 1493 3789 cos·

140 3814 206 3875 lesti
228 3820 370 3878 materiae
394 3825 423 3878 et
445 3827 542 3879 motus
566 3829 596 3881 et
616 3820 713 3881 lumen
738 3820 918 3896 conciliatur,
941 3820 1041 3880 videre
1056 3825 1100 3879 eti
1115 3821 1144 3877 iu
1160 3817 1380 3894 trajectionibus
1396 3818 1492 3890 aeriis,

139 3905 195 3963 etsi
217 3907 395 3980 ignoramus,
419 3907 566 3982 quomodo
590 3910 618 3966 iu
641 3908 687 3967 his
712 3912 799 3970 etiam
821 3907 919 3968 lumen
942 3907 1125 3981 exardescat,
1155 3906 1209 3965 nisi
1234 3905 1313 3981 quod
1335 3904 1492 3964 verisimile

139 3998 192 4065 cst,
216 3991 247 4050 id
270 4010 289 4051 a
310 3992 426 4069 frigoris
449 3993 570 4054 elisione
592 3995 662 4056 fiori.
709 3997 782 4056 Esse
810 4003 907 4056 autem
935 4002 1064 4055 cometas
1086 3991 1297 4071 utplurimum
1319 4010 1408 4068 supra
1430 3991 1492 4050 hu·
1546 4025 1548 4031 ·

138 4095 221 4153 num,
254 4080 284 4137 in
315 4082 380 4159 ipso
411 4082 537 4142 aetheris
568 4082 727 4159 profundo,
760 4083 936 4144 sufficienter
966 4082 1196 4143 demonstratum
1228 4088 1273 4141 cst
1303 4080 1408 4139 summi
1437 4078 1492 4136 viri

138 4164 288 4242 Tychonis
310 4167 417 4228 Brahei
448 4169 574 4246 vigiliis,
605 4170 686 4248 quod
714 4173 804 4231 etiam
833 4173 1030 4249 proximorum
1054 4177 1231 4230 cometarum
1254 4167 1388 4246 exempla
1410 4182 1492 4226 com-

138 4254 270 4331 probaui.

242 4341 401 4418 Ignosoant
430 4344 520 4421 igitur
547 4344 730 4423 philosophi,
760 4346 883 4422 antiqua
913 4343 1053 4421 dogmata
1076 4349 1205 4412 tuentes,
1237 4358 1317 4401 nova
1339 4340 1492 4401 labrieauti

140 4423 294 4504 dogmata,
318 4447 371 4490 seu
394 4431 491 4508 potius
514 4439 615 4493 vetera
636 4432 688 4492 illa
713 4433 906 4510 Anaxagorae
929 4440 958 4493 et
980 4431 1140 4492 Democriti
1164 4431 1330 4503 revocanti,
1354 4425 1492 4505 quodque

140 4512 196 4574 hnc
216 4532 311 4593 nsque
335 4519 364 4575 in
386 4517 495 4578 scholis
518 4527 657 4597 negatum
676 4520 740 4595 luit,
764 4523 792 4578 in
809 4520 892 4581 coelo
907 4519 1111 4596 generationes
1126 4523 1155 4577 ot
1170 4518 1369 4593 corruptiones
1384 4518 1491 4591 inesse,

141 4617 196 4660 nou
224 4606 321 4664 minus
350 4611 439 4681 atque
468 4608 498 4664 in
528 4607 584 4667 hac
610 4611 737 4668 terrestri
767 4615 796 4668 et
825 4608 935 4684 vapida
957 4625 1043 4682 aura,
1074 4605 1105 4665 id
1128 4622 1163 4664 er
1186 4605 1316 4683 professo
1339 4604 1490 4664 statuenti.

142 4687 282 4766 Equidem
314 4709 388 4768 quos
412 4711 430 4752 a
453 4693 640 4772 philosophia
669 4694 773 4755 leviter
801 4696 930 4754 imbutos
958 4693 1039 4754 aliud
1070 4695 1148 4753 vitae
1170 4708 1263 4769 genus
1285 4692 1440 4766 abstrahit,
1470 4691 1492 4748 ii

144 4792 222 4839 suum
245 4787 392 4842 merentur
413 4784 648 4859 executionem,
678 4785 702 4843 si
731 4800 808 4860 quae
829 4781 962 4861 quotidie
983 4798 1064 4843 nors
1086 4782 1286 4858 inveniuntur,
1314 4787 1492 4858 cognoscere
