3284 5520
550 342 595 399 aa
613 342 765 413 epistolam
783 342 918 400 renones
935 343 1090 416 repensa.
1272 322 1276 327 '
1427 347 1494 418 683
1622 360 1627 385 .

245 521 283 582 Et
305 530 339 584 ut
360 521 460 581 brevis
481 522 554 595 sim,
576 519 694 582 Vienna
709 518 855 594 Ancurae,
878 520 965 582 sedes
987 521 1175 600 Imperatoris
1190 523 1311 587 Domini
1333 526 1400 599 mei,
1422 524 1496 586 bora

140 616 170 669 6.
195 611 248 671 te‘
271 606 500 684 Urauiburgics,
534 623 611 685 quae
632 608 767 669 Viennae
794 609 994 670 numerabitur
1014 607 1088 670 bura
1112 617 1139 671 7.
1171 615 1222 672 13‘
1246 612 1359 672 ridebit
1380 615 1495 672 initium

139 700 216 756 iuter
236 705 350 774 partem
373 695 505 756 dextram
527 706 555 756 et
576 696 675 758 imam.
714 695 788 754 Post
806 698 858 756 42‘
873 713 926 756 seu
941 702 1000 756 tres
1015 696 1105 758 borae
1119 698 1298 774 quadrantes
1313 698 1365 760 Sol
1382 694 1497 762 occidet

139 784 231 860 paulo
260 792 328 844 ante
355 784 513 842 maximam
541 783 789 856 obscurationem,
820 785 949 843 merriaco
979 799 1031 844 seu
1055 801 1144 844 cornu
1167 785 1265 846 lucido
1289 803 1412 860 cernuo,
1443 786 1496 848 sed

139 873 259 931 sinistra
279 877 361 949 parte
384 869 541 944 humiliori,
565 869 659 930 Lincii
682 869 783 930 dextra
804 877 887 948 parte
908 869 1066 946 humiliori,
1088 889 1180 949 penes
1203 890 1257 933 nos
1273 872 1384 950 Sagani
1407 891 1497 950 quam

138 960 272 1037 proxime
294 966 408 1032 erecto,
431 957 485 1019 sed
508 959 615 1032 sedus,
644 957 719 1018 bora
740 958 825 1018 nobis
849 962 878 1019 8.
904 959 955 1017 10‘
982 960 1152 1037 apparanti;
1184 968 1216 1021 at
1237 977 1339 1020 versus
1360 960 1497 1021 Rhenum

139 1048 246 1124 supino
279 1052 309 1106 et
337 1045 478 1105 reciiuato
509 1061 611 1105 versus
642 1044 773 1105 dextram
802 1046 944 1122 superiori
974 1048 1118 1107 acumine.
1163 1046 1201 1106 Et
1222 1046 1356 1108 Viennae
1378 1047 1497 1125 quidem
1622 1070 1635 1095 r

140 1133 295 1192 occumbet
316 1139 385 1192 ante
408 1131 545 1207 medium,
569 1135 732 1209 quantitate
755 1130 912 1208 digitorum
927 1127 1000 1214 till„
1023 1133 1119 1193 Lincii
1142 1150 1212 1195 reru
1236 1151 1309 1213 pene
1329 1136 1385 1197 sub
1400 1137 1497 1212 ipsum

140 1220 287 1299 medium,
310 1219 469 1297 digitorum
490 1221 558 1296 plus
580 1237 669 1297 quam
691 1219 800 1293 decem,
823 1217 934 1295 Sagaui
957 1219 1083 1299 denique
1104 1228 1173 1297 post
1194 1221 1336 1296 medium,
1356 1223 1419 1299 jam
1443 1221 1497 1282 de·

141 1324 390 1430 marcennacum
412 1305 510 1367 adhue
531 1309 601 1367 tecti
624 1315 708 1383 erunt
730 1305 814 1384 digiti
839 1302 919 1388 7¹l„
942 1324 1067 1385 quorum
1090 1309 1119 1366 in
1142 1311 1271 1369 maxima
1294 1310 1498 1370 obscuratione

139 1389 358 1543 iueranzpmlpp
372 1480 507 1542 Rhenum
523 1487 554 1541 et
567 1483 597 1539 in
614 1479 713 1540 Gallia
726 1482 835 1558 poterit
849 1481 982 1541 fortassis
997 1480 1136 1558 effulgere
1150 1480 1312 1543 Mercurius
1327 1484 1358 1540 in
1372 1481 1430 1542 tine
1446 1484 1497 1558 Π,

141 1586 233 1648 prope
262 1569 352 1647 pedes
380 1568 470 1643 hujus
500 1570 644 1645 imaginis.
689 1566 747 1627 Pro
775 1567 847 1627 locis
869 1567 1023 1628 Terrarum
1050 1569 1175 1645 singulis
1197 1571 1326 1630 servient
1348 1568 1498 1630 schemata
1618 1638 1627 1647 g

140 1658 214 1718 mihi
237 1660 355 1732 usitata,
375 1655 589 1732 jucundissimo
612 1657 768 1716 excercitio
791 1656 944 1715 manuario
966 1673 1019 1733 per
1038 1657 1170 1732 regulam
1189 1665 1219 1717 et
1239 1655 1387 1728 circulum,
1410 1658 1436 1715 si
1450 1657 1498 1716 cui

141 1752 173 1806 et
199 1743 301 1805 lubido
330 1751 360 1802 et
388 1745 494 1816 otium,
523 1742 561 1802 ad
588 1741 791 1819 inquirendum
813 1741 1033 1819 compendiose,
1064 1745 1230 1821 quicunque
1252 1744 1335 1804 locus
1357 1750 1497 1804 terrarum

141 1828 318 1908 quocunque
340 1838 487 1890 momento
511 1829 673 1908 durationis
696 1829 891 1903 omnimodae,
915 1846 952 1889 ao
976 1838 1005 1890 et
1027 1838 1099 1906 quot
1122 1830 1220 1908 digitis
1243 1840 1272 1892 et
1294 1833 1323 1888 in
1347 1848 1407 1905 qua
1421 1830 1499 1891 Solis

140 1916 298 1979 altitudine
327 1935 380 1977 reu
409 1934 471 1994 qua
492 1916 551 1978 diei
572 1917 645 1976 hora
668 1914 766 1985 Solem
789 1918 905 1977 visurus
928 1919 967 1977 sit
989 1917 1196 2009 deficientem„
1218 1926 1247 1978 et
1269 1917 1315 1992 id,
1351 1925 1499 1978 crescente

142 2005 259 2066 delectu
282 2022 320 2066 an
337 2004 532 2065 decrescente.
571 2004 628 2064 Sed
644 2004 718 2064 heus
731 2005 800 2064 rosi
823 2006 882 2063 sint
897 2005 983 2065 vobis
1005 2021 1058 2081 pru
1077 2006 1184 2065 circino
1205 2009 1295 2079 ratio,
1320 2022 1372 2081 pro
1399 2005 1500 2081 regula

140 2095 192 2154 tea
215 2093 284 2166 Dei,
308 2109 361 2170 pro
384 2091 465 2152 disco
489 2091 611 2165 Tenes,
634 2108 654 2151 a
675 2089 745 2151 Sole
767 2090 947 2164 illuminato,
970 2095 1074 2167 proto
1095 2092 1171 2166 Dei,
1194 2107 1247 2168 pro
1271 2092 1374 2152 umbra
1398 2092 1499 2152 Lunae

142 2188 269 2257 peccota
289 2184 430 2256 proprio,
454 2197 506 2264 pro
528 2171 690 2255 penumbra
709 2181 907 2256 participatio
930 2177 966 2236 dc
985 2182 1114 2256 peccatis
1136 2180 1253 2241 alienis.
1291 2179 1389 2255 Agite,
1413 2181 1500 2239 meti·

141 2269 217 2328 mini
249 2267 372 2345 singuli,
403 2274 433 2325 et
462 2268 487 2325 si
511 2265 594 2326 lubet
621 2266 810 2343 prognostica
831 2267 919 2326 etiam
941 2265 1060 2324 scribite
1067 2309 1076 2340 ,
1108 2283 1161 2342 pro
1184 2283 1216 2326 se
1239 2269 1364 2343 quisque
1387 2282 1500 2343 suaque

142 2357 241 2434 patria
263 2361 293 2415 et
314 2355 475 2414 mansione.

251 2441 402 2518 Astrologi
424 2439 653 2518 speculabuntur
675 2437 800 2499 Martem
823 2455 888 2499 cum
905 2436 991 2498 corde
1006 2436 1114 2497 Laome
1129 2454 1165 2498 ex
1180 2437 1268 2499 domo
1283 2438 1388 2500 Mortis
1402 2439 1501 2499 sextili

143 2529 302 2590 luminaria
324 2530 523 2606 aspicientem,
547 2533 576 2586 et
590 2526 715 2587 Romam
730 2525 823 2587 Leoni
845 2526 1008 2602 subiectam
1031 2531 1061 2584 et
1082 2527 1197 2602 signum
1221 2526 1341 2604 deliquii
1363 2528 1501 2603 bicorpo-

144 2634 237 2690 reum,
261 2623 290 2676 et
304 2615 480 2677 Mercurium
503 2615 651 2674 dominnm
675 2616 750 2690 sigui
773 2616 802 2671 irr
826 2611 914 2672 domo
936 2613 1061 2690 propria,
1085 2613 1115 2670 in
1139 2614 1235 2673 sextili
1251 2613 1369 2675 Saturni
1392 2612 1502 2676 elevati

143 2707 177 2764 in
199 2702 297 2764 medio
321 2703 409 2776 coeii,
439 2710 469 2763 et
491 2718 568 2762 anuo
595 2705 677 2762 1415
706 2699 754 2761 die
778 2707 806 2760 6.
830 2699 913 2761 Juuii
943 2698 1068 2761 similem
1092 2698 1214 2776 eclipsin
1237 2702 1266 2759 in
1289 2701 1421 2779 Europa,
1448 2700 1502 2761 sed

144 2794 339 2866 matutinam
361 2793 413 2868 qui
435 2807 472 2851 ex
494 2789 574 2849 hisce
597 2789 747 2866 principiis
770 2787 808 2847 ad
829 2786 971 2866 specialia
993 2789 1088 2863 magis
1111 2786 1286 2848 descendere
1308 2789 1423 2849 facilius
1445 2788 1522 2848 sibi·

144 2896 212 2940 esse
236 2878 363 2952 credent,
385 2895 474 2955 quam
496 2878 596 2936 tutius.
635 2876 792 2954 (lamparet
814 2892 883 2936 reru
906 2875 1032 2952 quisque
1055 2892 1099 2946 ea,
1123 2892 1200 2951 quae
1221 2876 1276 2935 sub
1292 2877 1427 2937 manibus
1438 2875 1502 2952 jam

145 2983 225 3026 nunc
247 2972 408 3026 versantur.
454 2965 536 3024 Deus
558 2980 613 3023 nos
634 2963 767 3040 adjuvet.

653 3132 701 3189 15.
717 3104 871 3189 'ianuam
902 3132 995 3190 teau.
