3284 5520
387 356 390 361 '
503 345 604 402 Itur
628 345 757 403 Cotum
773 345 838 402 anni
857 344 934 404 idid·
969 345 1060 417 Caput
1076 343 1128 401 111.
1436 342 1499 411 105

142 554 306 635 appamia
335 576 389 620 reu
414 554 607 638 ’.troqopqrs
636 562 825 637 priscoque.
881 558 933 619 Ex
961 558 1016 619 boe
1044 564 1180 618 tractatu
1208 562 1361 636 apparent
1390 570 1502 616 cosroe

568 649 759 723 sequentium
781 648 1068 726 experimentorum.
1591 666 1597 675 ·

246 784 272 845 l.
303 782 401 862 Quare
424 791 603 846 cometarum
626 784 677 845 alii
700 786 801 864 initio,
827 785 877 846 alii
901 794 970 862 post
991 787 1106 846 initium
1129 785 1248 845 diurnos
1270 784 1381 844 iaciunt
1402 785 1499 843 maxi-

141 889 220 947 mos,
253 879 322 933 aute
349 878 380 934 st
407 880 477 950 post
496 873 640 947 minores,
668 873 711 932 sic
733 875 822 933 otiam
844 874 955 934 cauden
976 873 1180 952 longissimae,
1211 879 1242 932 et
1263 888 1385 950 corpora
1407 889 1497 948 gran·

244 1046 410 1124 'lrajicinnt
439 1048 516 1107 enim
545 1047 574 1104 in
603 1047 681 1108 linea
702 1054 783 1108 recta
804 1056 920 1124 praeter
941 1046 1068 1108 Telluris
1091 1046 1217 1107 confinia
1239 1046 1360 1122 quidam
1383 1047 1412 1103 in
1435 1052 1499 1105 toto

141 1134 304 1195 durationis
328 1143 459 1213 temporo
490 1151 580 1211 supra
608 1134 724 1195 Lunam
752 1143 920 1210 manentes,
951 1135 1003 1196 alii
1032 1152 1103 1196 vero
1132 1135 1285 1212 sphaeram
1316 1136 1410 1210 ipsam
1435 1132 1498 1191 Ln-

142 1239 195 1283 naa
218 1224 251 1280 in
273 1238 334 1281 nna
354 1230 439 1299 parte
461 1221 665 1298 ingredientes,
689 1224 719 1280 in
740 1221 836 1283 altera
859 1224 1044 1300 traJectoriae
1069 1230 1151 1298 parte
1176 1239 1289 1280 rursum
1316 1220 1499 1298 egredientes

140 1314 167 1368 in
187 1326 332 1386 magnum
354 1309 512 1370 aetherem.
548 1309 652 1385 ltaque
675 1311 785 1385 quain
807 1318 891 1386 parte
913 1310 1009 1370 lineae
1031 1326 1104 1370 suae
1127 1309 1312 1385 trajectoriae
1336 1308 1410 1367 fiunt
1425 1306 1497 1366 Tel-

141 1397 193 1456 lnri
216 1398 354 1474 proximi,
377 1396 430 1456 illa
451 1399 481 1456 in
503 1406 587 1472 parte
609 1406 639 1457 et
660 1397 711 1456 illo
733 1399 763 1455 in
786 1397 910 1457 articulo
933 1399 1071 1473 temporis
1087 1405 1230 1473 apparent
1245 1398 1343 1456 omnia
1358 1397 1497 1454 maxima.

141 1484 192 1544 lile
214 1491 316 1544 antem
338 1482 479 1544 articulus
501 1485 657 1563 temporis,
683 1486 739 1543 etsi
766 1493 800 1543 ut
826 1484 981 1562 plurimum
1005 1493 1051 1546 est
1072 1486 1101 1541 in
1124 1484 1221 1544 medio
1246 1483 1420 1556 durationis,
1453 1488 1500 1543 cet

142 1580 239 1633 nmen
262 1571 323 1632 iere
345 1573 374 1630 in
396 1572 540 1650 principio
562 1570 785 1631 observationis.
830 1571 909 1633 Raro
936 1575 1014 1632 enim
1037 1579 1169 1632 cometae
1191 1572 1272 1648 prins
1294 1570 1498 1643 observantur,

143 1660 384 1736 quamproxime
407 1659 527 1719 Terram
549 1661 690 1731 venerint,
714 1660 907 1718 oscitantibus
931 1662 1116 1720 asuouomis.

245 1745 286 1805 IL
332 1744 432 1822 Quare
459 1753 591 1807 cumane
613 1747 784 1823 plammque
807 1747 972 1807 conduntur
993 1747 1048 1808 sub
1071 1745 1150 1808 Solis
1172 1742 1270 1805 radios
1293 1751 1321 1804 et
1344 1745 1387 1802 sic
1409 1743 1498 1802 amit-

147 1833 272 1894 untur?

247 1917 324 1995 Quia
348 1919 479 1981 seruntur
501 1920 530 1978 iu
553 1919 631 1980 linea
653 1927 734 1979 recta
755 1929 816 1980 tam
839 1920 888 1980 diu
911 1937 1040 1994 sursum,
1069 1919 1162 1980 donec
1184 1917 1237 1980 Sol
1259 1913 1364 2002 (Terra
1387 1915 1499 1994 Copor-

143 2007 218 2082 nlco)
248 2023 348 2067 annuo
374 2009 551 2067 circumactu
579 2009 667 2067 etiam
697 2007 735 2066 ad
763 2007 861 2067 locum
883 2007 977 2067 lineae
1002 2010 1110 2067 veniat.
1156 2008 1321 2067 Accidisset
1342 2006 1399 2065 hoc
1421 2004 1498 2063 idem

143 2102 168 2154 ct
189 2101 325 2156 cometae
348 2097 418 2153 anni
441 2100 533 2168 1618,
556 2097 582 2154 si
605 2101 664 2153 tam
688 2094 738 2153 din
760 2097 919 2155 mansisset
942 2097 1116 2171 conspicuus
1139 2097 1311 2171 quantitatis
1334 2102 1364 2154 et
1386 2092 1510 2169 caudae⁸

143 2185 260 2243 rrtione.
307 2181 404 2241 Desiit
426 2183 514 2258 igitur
536 2181 638 2254 videri,
662 2199 752 2258 quum
775 2201 793 2241 a
816 2182 895 2242 Solis
917 2182 1006 2241 radiis
1030 2181 1232 2244 occultaretur.

243 2268 300 2329 111.
345 2267 444 2344 Quare
471 2276 649 2330 cometarum
672 2281 770 2328 motus
797 2273 826 2328 in
853 2269 911 2330 fine
933 2271 1126 2348 apparitionis
1149 2271 1321 2347 plerumque
1343 2267 1377 2327 tlt
1398 2266 1498 2327 tardus

143 2355 187 2417 rol
208 2356 402 2417 stationarius
425 2355 472 2418 rel
495 2356 707 2432 retrogradus?

244 2442 324 2518 Quia
346 2445 440 2503 omnis
463 2444 542 2504 linea
563 2451 643 2503 recta
664 2444 853 2520 trajectionis,
878 2444 928 2504 nbi
950 2442 1038 2519 longe
1058 2445 1241 2518 procurrerit,
1265 2442 1391 2502 aTerra
1406 2441 1500 2502 tandit

144 2531 168 2588 in
194 2530 305 2603 altum,
335 2531 387 2590 ubi
409 2530 537 2590 Telluris
563 2540 661 2590 motus
689 2532 737 2591 vel
766 2534 929 2605 evanescit,
961 2531 1008 2589 vel
1036 2533 1102 2608 ipsa
1124 2531 1304 2606 trajectionis
1327 2532 1356 2587 in
1381 2528 1500 2589 easdem

143 2624 237 2693 partes
260 2621 445 2695 promotione
467 2625 680 2694 compensatur.

243 2704 300 2765 tv.
346 2704 443 2780 Quare
465 2705 637 2785 plammque
659 2704 747 2766 simul
769 2705 811 2781 fit,
834 2711 867 2764 ut
889 2710 1005 2765 cometa
1027 2703 1083 2765 snb
1098 2704 1198 2765 Solem
1221 2705 1362 2766 condatur
1385 2711 1415 2765 et
1435 2712 1500 2764 sta·

144 2793 285 2852 denarius
306 2792 382 2852 fiat?

244 2878 325 2954 Quia
352 2882 504 2956 utriusque
531 2881 573 2940 rei
601 2881 757 2957 separatim
787 2879 988 2939 consideratae
1011 2879 1115 2939 eadem
1138 2896 1228 2939 causa
1250 2880 1306 2939 luit
1324 2881 1387 2957 jam
1410 2880 1499 2939 modo

143 2964 297 3042 explicata.
343 2967 467 3027 Cometa
496 2967 615 3043 quidem
645 2970 714 3025 anni
741 2973 833 3027 1618.
865 2966 1009 3044 disparuit
1038 2968 1077 3027 ob
1104 2967 1265 3028 exilitatem
1292 2985 1375 3027 suam
1404 2974 1433 3026 et
1461 2969 1499 3028 ob

142 3051 251 3114 candae
280 3054 454 3114 brevitatem
486 3062 643 3130 antequem
673 3054 720 3113 vel
750 3057 939 3113 stationarius
969 3053 1051 3115 fleret
1079 3055 1127 3115 vel
1157 3056 1213 3115 snb
1237 3054 1315 3115 Solis
1345 3055 1443 3115 radios
1466 3071 1500 3115 ea

142 3142 291 3216 recipere.
348 3141 526 3218 Progressus
554 3151 651 3202 nmen
680 3158 700 3201 a
729 3142 934 3217 conjunctione
962 3140 1040 3202 Solis
1072 3143 1136 3218 jam
1168 3150 1303 3203 evaserat
1331 3144 1499 3221 oppositum

142 3226 219 3287 Solis
238 3227 362 3304 jamque
385 3228 475 3288 fiebat
497 3231 591 3306 magis
613 3231 767 3305 magisque
791 3228 903 3288 tardus:
936 3230 1036 3306 itaque
1059 3228 1197 3291 credibile
1221 3238 1278 3303 est,
1309 3233 1333 3290 ei
1357 3248 1415 3289 non
1439 3236 1499 3289 tam

141 3331 249 3391 parvus
265 3319 419 3391 erasisset,
443 3318 519 3376 circa
542 3317 717 3393 quadratum
734 3316 812 3377 Solis
835 3319 1038 3376 stationarium
1061 3318 1189 3376 futurum
1212 3318 1387 3394 tandemque
1404 3318 1499 3377 direc-

142 3410 201 3461 tam
223 3411 404 3479 superventu
426 3402 505 3464 Solis
528 3403 735 3480 dispariturnm
759 3404 857 3463 inisse.

243 3490 423 3565 Notandum,
447 3491 644 3564 Aristotelem,
668 3490 736 3549 dum
760 3491 982 3569 Pythagoraeos
1005 3491 1113 3551 refutat
1134 3491 1198 3569 (qni
1221 3499 1345 3567 negant,
1370 3498 1499 3551 cometas

144 3578 302 3654 matingni,
325 3577 378 3638 sed
401 3586 481 3638 certa
502 3579 569 3655 iege
591 3578 646 3638 snb
670 3578 769 3638 Solem
792 3579 881 3656 recipi
902 3577 1028 3653 indeque
1050 3596 1164 3637 rursum
1185 3579 1310 3655 prodire,
1335 3577 1499 3655 allegantes

143 3665 272 3725 crebram
305 3668 516 3742 experientiam
544 3674 731 3726 cometarum.
750 3666 805 3725 sub
828 3664 906 3724 Solis
933 3664 1031 3724 radios
1061 3661 1301 3749 occultatorum),
1331 3668 1498 3726 instantiam

142 3749 257 3812 deditae
272 3754 334 3812 sule
350 3753 448 3812 verbis
470 3748 491 3830 η’
495 3758 530 3829 ὄη
554 3777 625 3824 τινες
647 3751 719 3813 ἀνευ
741 3758 851 3820 dourenc
872 3750 1087 3829 pepercerimus,
1113 3753 1256 3827 quosdam
1272 3757 1314 3814 ait
1328 3756 1498 3827 exstinctor,

142 3855 206 3898 cnm
233 3856 293 3898 non
324 3837 518 3899 conderentur
545 3841 600 3899 eub
628 3839 706 3899 Solis
734 3840 849 3913 radios3
881 3846 961 3899 deon
988 3841 1064 3898 enim
1092 3842 1233 3917 intelligit
1262 3837 1391 3919 ἡλιακην.
1437 3841 1500 3900 Nec

141 3941 232 4003 nego,
263 3929 338 3987 inter
364 3927 474 3986 multos
501 3935 630 3987 cometas
659 3929 777 4002 reperiri
808 3927 909 4003 aliqua
931 3926 1018 4001 hujus
1040 3929 1083 3987 rei
1106 3927 1255 4004 exempla,
1285 3931 1420 3987 nimirum
1443 3928 1499 3986 hoc

141 4015 236 4089 ipsum
260 4015 290 4072 in
312 4021 428 4074 cometa
450 4015 518 4074 anui
543 4021 636 4074 1618.
675 4013 788 4073 Plinius
812 4031 891 4085 vero,
914 4014 991 4072 hanc
1013 4016 1107 4090 ipsam
1131 4016 1298 4075 Aristotelis
1321 4016 1498 4074 locutionem

141 4101 238 4178 inepte
261 4100 445 4175 transferens,
469 4101 543 4160 illud
566 4100 724 4161 absurdum
748 4100 882 4177 protulit:
906 4104 940 4159 in
963 4119 1109 4161 occasuro
1132 4105 1206 4163 coeii
1225 4111 1314 4178 purte
1335 4121 1497 4178 nunquam

142 4205 201 4248 erae
221 4196 362 4262 murelos,
388 4194 469 4249 onon
489 4190 638 4265 accipiens
660 4206 712 4266 pro
735 4187 955 4265 plegemundi,
979 4197 1008 4248 et
1031 4187 1102 4249 elren
1123 4208 1177 4266 pro
1201 4188 1267 4261 ἐξω.

243 4275 282 4333 V.
328 4274 426 4350 Quare
449 4284 582 4336 cometae
604 4283 637 4335 nt
659 4275 813 4352 plurimum
836 4274 960 4334 circulos
983 4294 1106 4352 magnos
1129 4277 1265 4337 videntur
1288 4277 1449 4337 describere
1460 4276 1476 4334 ‘l

244 4362 420 4438 Responsio.
459 4362 525 4422 Non
549 4370 593 4423 est
615 4362 752 4423 absolute
776 4380 886 4435 verum,
909 4370 943 4422 ut
965 4366 1101 4440 apparuit
1123 4367 1152 4422 in
1176 4373 1290 4425 cometa
1313 4367 1381 4423 anni
1404 4368 1497 4431 1618,

142 4449 225 4525 cnjus
248 4451 305 4510 iter
326 4457 490 4509 tortuosum
514 4458 586 4530 erat,
608 4449 661 4510 sed
684 4458 807 4526 apparet
829 4452 883 4510 iter
906 4450 970 4525 ejus
993 4450 1118 4511 circulus
1141 4469 1281 4527 magnus,
1305 4455 1498 4528 inquantum

142 4536 250 4597 Terrae
272 4545 370 4597 motus
394 4537 441 4596 vel
464 4537 621 4599 celeritatis
644 4535 692 4595 vel
717 4540 790 4596 situs
813 4540 926 4597 ratione
949 4539 978 4596 in
1001 4540 1038 4597 iis
1061 4555 1119 4598 non
1143 4542 1274 4598 sentitur.
1314 4539 1397 4599 Tunc
1420 4540 1497 4596 enim

143 4623 223 4684 valet
243 4624 361 4702 regula:
386 4626 480 4684 omnis
502 4624 580 4685 linea
602 4633 681 4685 recta
703 4624 850 4701 (trajectio
873 4626 1036 4704 rectilinea)
1060 4643 1096 4685 ax
1119 4635 1219 4687 centro
1242 4627 1341 4686 mnndi
1364 4629 1497 4703 inspecta

144 4711 349 4772 subordinatur
380 4710 490 4772 circulo
522 4729 629 4790 magno
664 4712 694 4768 in
725 4712 850 4789 sphaera
879 4711 1011 4772 fixarum.
1057 4712 1135 4775 Vide
1167 4716 1255 4774 etiam
1288 4713 1362 4775 alios
1392 4712 1497 4774 modos

146 4797 185 4859 tb.
199 4798 336 4863 xxvn.
372 4796 414 4862 Ut
434 4816 495 4863 non
517 4799 622 4877 dimm,
644 4799 801 4880 plerosque
824 4800 913 4863 breve
936 4799 1157 4882 contrapadum
1182 4802 1303 4879 emetiri,
1328 4803 1496 4884 quodcum
