3284 5520
202 340 267 406 110
706 341 751 396 Do
767 341 886 397 conaus
902 340 987 397 libelii
1004 342 1053 397 111.

199 533 260 577 nou
281 524 417 595 possuntt
440 525 472 577 at
495 516 569 577 illud
590 519 722 579 vicissim
740 521 807 597 iure
830 520 1009 599 postulatur,
1032 538 1070 582 ne
1092 519 1129 581 de
1152 521 1274 581 cometis
1296 521 1458 584 scribentes
1481 524 1562 582 auti-

201 623 291 682 quam
312 604 394 665 illam
418 604 586 666 Aristotelis
610 609 776 683 opinionem
800 608 836 670 de
859 617 1038 669 cometarum
1061 615 1126 668 ortu
1149 626 1186 669 ex
1208 609 1367 684 vaporibus
1390 609 1562 670 sublunari-

199 693 255 752 bns
286 699 367 752 ιιιιιιο
397 693 494 753 studio
525 699 660 771 repetant
690 702 831 772 mutoque
862 697 976 756 iervore
1005 704 1205 774 propugnent,
1235 703 1270 755 ιιι
1297 712 1363 771 eos,
1394 699 1446 773 qui
1469 697 1562 757 omar

199 782 312 840 ratione
342 782 501 857 cognitioni
529 799 624 842 rerum
653 783 831 843 naturalium
860 784 1084 861 amplificandae
1111 782 1297 857 incumbunt,
1328 785 1561 862 praescriptione

199 870 382 944 antiquitatis
406 867 560 927 videantur
583 872 746 946 opprimere
768 871 855 931 velle.
892 872 954 931 Etsi
978 889 1048 932 varo
1064 880 1195 932 cometam
1210 872 1241 927 in
1256 872 1321 946 ipso
1335 874 1403 931 sinu
1419 873 1560 932 aethereo

200 957 340 1028 oriuntur,
363 973 420 1014 nou
445 965 543 1016 umen
565 954 632 1016 ideo
655 958 845 1018 circularibus
867 958 995 1018 motibus
1018 959 1166 1037 praeditos
1189 960 1332 1032 existimo,
1356 967 1390 1019 ut
1410 958 1561 1040 planetas,

200 1042 252 1102 sed
274 1043 450 1118 rectilineus,
474 1051 506 1104 ιιι
528 1042 643 1103 bolides
666 1063 718 1106 seu
742 1048 825 1123 ignes
848 1045 1011 1105 ariliciales.

302 1131 364 1190 Nec
387 1133 482 1190 minus
504 1131 650 1191 aetherem
674 1136 794 1192 cometis
813 1134 949 1194 relertum
964 1149 1028 1193 esso
1044 1138 1126 1209 puto,
1150 1148 1239 1206 quam
1254 1147 1397 1192 oceanum
1413 1133 1557 1211 piscibus.

199 1215 286 1294 Quod
309 1226 406 1277 autem
429 1220 486 1278 rari
507 1226 650 1296 apparent
672 1221 767 1291 uobis,
791 1223 893 1299 iugens
917 1220 1044 1281 aetheris
1067 1221 1191 1279 vastitas
1215 1221 1244 1276 in
1267 1235 1358 1281 causa
1380 1229 1434 1281 est.
1479 1221 1558 1280 Nam

199 1312 232 1364 ut
259 1305 394 1365 videatur
422 1313 549 1381 cometa,
579 1315 694 1382 oportet
721 1316 754 1366 ut
775 1309 896 1385 propius
919 1308 1041 1368 Terram
1063 1307 1199 1381 trajiciat.
1244 1305 1340 1384 Saepo
1362 1311 1453 1368 otiam
1476 1311 1558 1385 prius

199 1391 291 1452 videri
314 1410 401 1470 quam
424 1410 489 1454 esse
512 1392 655 1453 desinunt.
703 1393 778 1454 Cum
801 1399 879 1455 enim
901 1398 1060 1473 praeterita
1082 1393 1172 1454 semel
1195 1392 1314 1454 Tellure
1331 1382 1395 1470 jam
1417 1411 1505 1472 porro
1527 1399 1558 1455 in

198 1481 374 1557 profundum
397 1481 523 1542 aetheris
546 1481 684 1556 teruntur,
709 1501 727 1542 a
750 1482 868 1544 Tellure
892 1483 1085 1557 discedentes,
1108 1481 1252 1558 paulatim
1274 1484 1379 1541 minori
1401 1490 1559 1543 cernuntur

198 1569 307 1645 angulo
333 1576 361 1628 et
384 1569 503 1629 tandem
526 1577 715 1629 evanescunt.
754 1567 795 1631 Ut
816 1571 972 1647 plurimum
996 1574 1086 1631 etiam
1104 1568 1268 1629 conduntur
1282 1569 1338 1629 sub
1353 1569 1432 1630 Solis
1447 1569 1557 1646 radios,

199 1657 299 1732 itaque
323 1655 459 1717 desinunt
481 1655 577 1715 modis
598 1658 755 1732 incognitis
777 1660 978 1734 incertumque
996 1664 1075 1733 tunc,
1098 1664 1196 1717 utrum
1211 1659 1443 1735 exstinguantur,
1466 1658 1557 1719 dissi·

197 1741 279 1818 liant,
303 1742 488 1821 dissipentur,
511 1761 549 1802 an
571 1743 734 1820 deflagreut
755 1746 887 1822 cinisque
910 1743 991 1804 fiant.

300 1829 412 1891 Coacta
433 1833 556 1890 materia
578 1833 607 1888 in
631 1831 745 1906 orbem,
776 1851 811 1892 ex
840 1840 946 1892 natura
968 1832 1097 1892 omnium
1119 1847 1215 1890 rerum
1237 1847 1315 1907 quae
1337 1831 1492 1905 uniuntur,
1524 1841 1554 1894 et

96 1910 99 1917 '
197 1915 275 1978 Solis
305 1921 391 1978 rectis
422 1917 513 1977 radiis
546 1916 723 1995 pellucidum
752 1918 831 1979 bunc
858 1917 979 1995 globum
1008 1919 1178 1978 ferientibus
1208 1926 1298 1995 atque
1322 1920 1556 1994 penetrantibus,

197 2006 332 2065 existimo
356 2008 440 2081 sequi
462 2003 574 2080 aliquid
598 2005 633 2065 de
656 2006 759 2066 intima
780 2016 912 2066 cometas
934 2009 1057 2066 materia
1081 2007 1218 2081 exireque
1242 2007 1321 2065 viam
1336 2005 1469 2080 eandem,
1495 2024 1556 2082 qua

196 2101 386 2170 perrumpunt
407 2092 486 2153 Solis
507 2092 597 2166 radii,
621 2101 711 2168 atque
733 2093 789 2154 hoc
811 2102 898 2170 pacto
922 2111 1027 2172 corpus
1049 2100 1181 2153 comatae
1202 2091 1312 2169 perlui,
1335 2092 1441 2169 colari,
1465 2097 1555 2155 atteri

196 2186 226 2239 et
247 2178 375 2257 denique
396 2178 561 2253 annihilati,
586 2188 616 2239 et
636 2182 713 2240 sicut
734 2181 893 2260 bombyces
915 2180 966 2241 filo
987 2180 1145 2255 tundendo,
1168 2182 1212 2241 alc
1234 2188 1364 2241 cometas
1385 2180 1483 2241 canda
1498 2198 1555 2242 sx-

195 2267 335 2345 spirsnda
357 2269 489 2328 consumi
513 2275 542 2327 et
565 2267 690 2343 denique
713 2271 796 2329 mori.
832 2268 881 2329 Sic
903 2286 995 2346 penes
1017 2284 1071 2327 nos
1093 2268 1142 2328 bic
1163 2269 1193 2325 in
1220 2266 1320 2327 Terris
1341 2266 1394 2328 Sol
1417 2285 1433 2328 e
1455 2268 1556 2330 liuteis

196 2370 282 2415 omne
303 2372 396 2432 genus
419 2355 548 2416 colorum
572 2357 733 2431 exstinguit
754 2369 784 2417 et
808 2355 901 2431 delet,
925 2357 1092 2428 materiam,
1116 2359 1146 2413 in
1169 2371 1229 2430 qua
1251 2355 1332 2415 color
1354 2354 1463 2430 haerst,
1488 2356 1555 2416 dis·

195 2444 326 2518 cutiens,
358 2441 551 2520 quoadusque
584 2441 673 2517 plane
705 2443 913 2503 candidissima
945 2442 1025 2502 liant
1072 2440 1186 2518 Quodsi
1216 2440 1367 2502 illaments
1396 2442 1556 2504 linteomm

194 2540 293 2591 essent
320 2530 485 2607 pellucido,
516 2539 549 2589 ut
574 2530 638 2606 jam
661 2530 698 2590 ds
720 2532 841 2591 cometis
864 2530 991 2603 dictum,
1024 2536 1096 2606 puto
1121 2529 1247 2604 denique
1270 2536 1456 2589 consumtum
1478 2532 1514 2591 iri
1535 2550 1557 2593 a

194 2615 273 2676 Solis
296 2618 457 2678 ardoribus.
503 2617 640 2692 Constat,
664 2616 743 2678 Solis
764 2617 855 2678 radiis
879 2617 985 2677 discuti
1006 2615 1146 2687 nebulas,
1169 2617 1336 2693 exemplum
1357 2621 1453 2695 magis
1475 2634 1556 2696 qua·

199 2703 286 2764 drans
318 2703 357 2764 ad
387 2712 564 2766 cometarum
587 2708 756 2785 materiam,
787 2708 844 2766 etsi
873 2707 992 2782 quinam
1015 2703 1120 2763 modus
1142 2704 1197 2779 sit,
1229 2720 1288 2780 quo
1310 2704 1420 2764 nebula
1442 2722 1461 2764 a
1481 2705 1555 2767 Sole

194 2789 359 2868 dispellitur
381 2800 410 2853 ot
431 2788 625 2866 annihilatur,
641 2809 699 2852 nou
723 2793 840 2852 memini
863 2791 1050 2871 explicatum,
1073 2808 1128 2851 nec
1141 2791 1266 2852 lomsse
1284 2790 1391 2851 modus
1406 2808 1483 2852 uuus
1497 2801 1555 2855 sat.

193 2876 266 2939 Pars
289 2880 365 2939 euim
387 2882 526 2957 guttescit
548 2888 578 2939 et
600 2895 700 2938 rorans
723 2881 753 2938 in
775 2892 882 2940 terram
903 2880 1120 2957 praecipitatur,
1143 2895 1212 2954 pars
1234 2896 1304 2940 vero
1328 2879 1501 2940 dissolvitur
1521 2888 1554 2941 et

194 2983 344 3027 rarescens
367 2966 511 3027 attollitur
534 2969 563 3024 in
586 2966 696 3025 altum
719 2965 772 3028 sed
793 2967 850 3028 hoc
871 2966 1001 3026 nondum
1023 2972 1069 3026 ost
1091 2968 1121 3024 in
1142 2965 1393 3048 nihilum-redigi.

297 3054 357 3114 Cur
386 3062 486 3114 autem
516 3053 654 3126 dixerim,
687 3053 723 3113 de
751 3056 874 3114 materia
902 3056 1031 3131 corporis
1059 3061 1191 3113 cometae
1214 3050 1320 3130 expelli
1342 3051 1455 3129 aliquid
1478 3070 1554 3115 con·

192 3142 274 3201 tinae
290 3160 309 3199 a
324 3139 402 3201 Solis
423 3141 513 3200 radiis
535 3158 587 3217 per
609 3142 669 3198 vim
691 3139 838 3200 radiorum
853 3139 941 3214 Solis,
966 3158 1086 3201 causam
1101 3141 1173 3199 milri
1188 3142 1325 3217 praebuit
1339 3141 1435 3201 cauda
1450 3158 1553 3202 come·

192 3234 256 3299 tae,
280 3228 316 3289 de
340 3246 399 3304 qua
422 3235 552 3299 constat,
575 3227 656 3304 quod
677 3244 793 3307 semper
814 3231 844 3287 in
868 3228 987 3306 plagam
1009 3245 1028 3287 a
1049 3227 1120 3288 Sole
1143 3245 1279 3288 aversam
1300 3230 1433 3305 proximo
1453 3231 1552 3305 porri-

192 3323 279 3392 gatur
307 3326 338 3376 et
366 3317 410 3375 sic
432 3333 451 3375 a
472 3315 551 3376 Solis
579 3314 670 3375 radiis
697 3316 844 3377 formetur.
890 3313 982 3393 lltqui
1012 3314 1195 3393 impossibile
1226 3322 1286 3389 est,
1316 3318 1345 3375 in
1376 3332 1451 3393 pura
1478 3333 1554 3377 aura

193 3402 340 3475 aetherea,
363 3419 439 3479 quae
462 3411 529 3481 post
552 3410 697 3462 cometam
719 3411 771 3476 est,
796 3403 889 3462 videri
909 3402 1008 3462 radios
1031 3402 1119 3476 Solis,
1142 3403 1172 3459 in
1195 3406 1326 3478 proxime
1349 3403 1552 3464 circumstanti

192 3506 251 3549 non
275 3489 376 3563 videri,
400 3492 456 3549 nisi
478 3492 602 3550 materia
624 3490 726 3565 aliqua
747 3493 786 3549 sit
807 3496 876 3567 post
898 3498 1052 3564 cometam,
1076 3492 1105 3547 iu
1128 3506 1218 3566 quam
1239 3488 1315 3551 radii
1335 3487 1424 3565 Solis,
1448 3508 1551 3551 como·

193 3584 254 3637 ιιιιιι
277 3579 465 3653 trajicientes,
488 3579 695 3655 impingantur.
733 3577 810 3637 Nam
831 3594 927 3654 neque
949 3595 1039 3654 penos
1063 3594 1117 3637 nos
1140 3576 1240 3637 radius
1262 3576 1341 3638 Sulla
1364 3577 1457 3639 videri
1479 3586 1552 3654 pot·

192 3671 253 3738 cst,
277 3666 334 3724 nisi
356 3666 386 3722 in
408 3667 546 3739 materia,
570 3682 646 3741 quae
668 3664 782 3723 radium
805 3663 883 3724 Solis
905 3668 1029 3742 excipit,
1052 3673 1125 3741 puta
1145 3666 1176 3722 in
1198 3665 1374 3742 parietibus,
1404 3667 1549 3742 vestibus,

193 3768 336 3829 aquarum
358 3752 577 3828 superficiebus,
600 3760 684 3824 terra,
708 3752 871 3830 montibus,
894 3752 1018 3826 nebulis,
1041 3760 1095 3812 aut
1115 3753 1146 3810 in
1168 3769 1267 3814 masso
1289 3756 1367 3813 stira.

294 3837 409 3900 Deinde
433 3846 556 3913 constat,
581 3839 763 3915 quorundam
783 3846 961 3899 cometarum
977 3839 1087 3899 cautim
1102 3841 1258 3900 incurvari.
1296 3840 1339 3900 At
1353 3837 1432 3900 Solis
1447 3839 1549 3900 radios

189 3926 371 4004 impossibile
398 3934 442 3987 est
470 3929 616 3987 incurvari
643 3929 672 3984 in
700 3927 794 3987 libera
819 3944 893 3986 aura
919 3926 1065 3987 aetherea.
1111 3927 1188 3987 Nam
1218 3928 1248 3985 in
1271 3929 1375 4005 opticis
1399 3925 1550 4007 docemur,

145 4062 148 4067 .
190 4013 288 4074 radios
310 4015 523 4074 luminosarum
545 4031 609 4074 esse
631 4030 690 4073 non
713 4031 808 4088 arcus,
832 4013 884 4074 sed
907 4021 1002 4074 rectas
1024 4013 1128 4074 lineas.
1167 4014 1241 4073 Cum
1256 4014 1345 4091 igitur
1358 4013 1550 4074 nihilomiuus

188 4109 319 4177 constet,
351 4100 476 4163 caudam
506 4109 637 4162 cometae
667 4102 783 4160 iormeri
806 4119 825 4161 a
847 4098 936 4160 radiis
965 4100 1059 4176 Solis,
1092 4109 1320 4162 consentaneum
1347 4109 1413 4177 ost,
1442 4099 1549 4163 adesso
1614 4123 1617 4127 ·

188 4188 290 4249 caudis
321 4207 374 4250 seu
406 4190 533 4250 crinibus
561 4195 740 4249 cometarum
761 4205 847 4248 suam
869 4206 905 4248 ex
927 4196 1060 4249 cometae
1083 4205 1204 4266 corpore
1226 4191 1393 4263 materiam,
1425 4186 1548 4250 aSolis

190 4276 281 4337 radiis
304 4277 474 4355 expulsam,
509 4293 568 4352 quo
591 4275 735 4336 materiali
758 4277 838 4335 fluxu
860 4278 957 4353 posito
983 4278 1070 4337 variis
1093 4275 1187 4336 modis
1210 4276 1335 4336 obtineri
1358 4283 1457 4354 potest
1478 4293 1548 4335 cur·

188 4366 270 4425 ratio
293 4365 405 4426 madae
428 4383 447 4425 a
467 4372 548 4424 recta
569 4363 648 4423 linea
671 4365 864 4439 oppositionis
887 4362 974 4424 Solis.
1021 4360 1062 4425 Ut
1083 4363 1218 4440 exemplo
1242 4364 1387 4424 declarem
1408 4364 1451 4422 rei
1474 4379 1547 4439 pos·

187 4450 368 4527 sibilltatem,
391 4452 468 4530 linge
491 4452 635 4512 interiiare
658 4460 787 4525 ventum,
811 4453 867 4511 etsi
888 4453 917 4509 in
942 4451 1024 4512 coelo
1047 4459 1153 4510 ventus
1176 4468 1234 4512 nou
1258 4460 1311 4512 est.
1356 4450 1443 4510 Haec
1464 4450 1547 4510 iictio

187 4537 275 4600 valde
297 4539 427 4600 redditur
451 4538 617 4601 verisimilis
640 4540 824 4614 apparitione
847 4546 978 4599 cometae
999 4541 1028 4598 in
1046 4537 1135 4597 Libra
1157 4556 1256 4599 mense
1271 4539 1346 4599 Dec.
1362 4539 1431 4599 anni
1449 4543 1546 4611 1618,

187 4628 258 4701 quia
286 4628 316 4687 in
348 4645 437 4705 quam
466 4634 579 4704 partem
610 4625 778 4686 declinabat
807 4625 902 4686 cauda
931 4626 970 4686 ab
994 4629 1131 4703 opposito
1155 4624 1232 4686 Solis
1254 4623 1297 4706 (in
1319 4624 1444 4685 eandem
1468 4627 1546 4685 eninr

187 4713 282 4789 ligura
304 4715 371 4791 ipsa
392 4714 503 4775 candae
526 4712 698 4774 excurrebat
720 4729 784 4773 cum
808 4714 991 4787 extremitate
1006 4713 1073 4789 sua)
1096 4720 1126 4773 et
1147 4731 1167 4773 a
1188 4713 1280 4774 latere
1302 4712 1355 4772 illo
1378 4710 1502 4786 caudae,
1526 4728 1546 4771 a

189 4817 248 4877 quo
269 4800 430 4878 abnuebat,
453 4800 548 4865 auda
569 4799 687 4864 omnia
701 4808 765 4864 erat
779 4802 1010 4877 attaminatur,
1033 4801 1119 4878 quasi
1135 4810 1241 4864 ventus
1256 4809 1445 4863 transuersus
1458 4816 1545 4865 aaa·
