<?xml version="1.0" encoding="UTF-8"?>
<!DOCTYPE html PUBLIC "-//W3C//DTD XHTML 1.0 Transitional//EN"
    "http://www.w3.org/TR/xhtml1/DTD/xhtml1-transitional.dtd">
<html xmlns="http://www.w3.org/1999/xhtml" xml:lang="en" lang="en">
 <head>
  <title>
</title>
<meta http-equiv="Content-Type" content="text/html;charset=utf-8" />
  <meta name='ocr-system' content='tesseract 3.04.00' />
  <meta name='ocr-capabilities' content='ocr_page ocr_carea ocr_par ocr_line ocrx_word'/>
</head>
<body>
  <div class='ocr_page' id='page_1' title='image "./joanniskepleria07frisgoog/joanniskepleria07frisgoog_0071.png"; bbox 0 0 3284 5520; ppageno 0'>
   <div class='ocr_carea' id='block_1_1' title="bbox 196 318 1053 387">
    <p class='ocr_par' dir='ltr' id='par_1_1' title="bbox 196 318 1053 387">
     <span class='ocr_line' id='line_1_1' title="bbox 196 318 1053 387; baseline 0.006 -13"><span class='ocrx_word' id='word_1_1' title='bbox 196 318 239 387; x_wconf 80' lang='grc'>58</span> <span class='ocrx_word' id='word_1_2' title='bbox 702 320 744 376; x_wconf 86' lang='lat' dir='ltr'>Dc</span> <span class='ocrx_word' id='word_1_3' title='bbox 763 322 881 378; x_wconf 87' lang='lat' dir='ltr'>Comctis</span> <span class='ocrx_word' id='word_1_4' title='bbox 899 322 986 379; x_wconf 84' lang='lat' dir='ltr'>libelli</span> <span class='ocrx_word' id='word_1_5' title='bbox 1002 323 1053 379; x_wconf 89' lang='lat' dir='ltr'>Ill.</span> 
     </span>
    </p>
   </div>
   <div class='ocr_carea' id='block_1_2' title="bbox 192 499 1555 1281">
    <p class='ocr_par' dir='ltr' id='par_1_2' title="bbox 192 499 1555 1281">
     <span class='ocr_line' id='line_1_2' title="bbox 192 499 1553 578; baseline 0 -19"><span class='ocrx_word' id='word_1_6' title='bbox 192 499 320 575; x_wconf 76' lang='lat' dir='ltr'>iactaris</span> <span class='ocrx_word' id='word_1_7' title='bbox 341 505 386 558; x_wconf 89' lang='lat' dir='ltr'>ost</span> <span class='ocrx_word' id='word_1_8' title='bbox 408 515 468 559; x_wconf 88' lang='lat' dir='ltr'>una</span> <span class='ocrx_word' id='word_1_9' title='bbox 489 505 585 559; x_wconf 85' lang='lat' dir='ltr'>recta:</span> <span class='ocrx_word' id='word_1_10' title='bbox 617 503 749 577; x_wconf 87' lang='lat' dir='ltr'>sequitur</span> <span class='ocrx_word' id='word_1_11' title='bbox 771 505 874 578; x_wconf 88' lang='lat' dir='ltr'>igltnr,</span> <span class='ocrx_word' id='word_1_12' title='bbox 905 512 938 562; x_wconf 90' lang='lat' dir='ltr'>ut</span> <span class='ocrx_word' id='word_1_13' title='bbox 960 505 999 562; x_wconf 87' lang='lat' dir='ltr'>sit</span> <span class='ocrx_word' id='word_1_14' title='bbox 1021 520 1056 562; x_wconf 84' lang='lat' dir='ltr'>ex</span> <span class='ocrx_word' id='word_1_15' title='bbox 1079 501 1188 576; x_wconf 88' lang='lat' dir='ltr'>Tarra,</span> <span class='ocrx_word' id='word_1_16' title='bbox 1218 519 1297 578; x_wconf 88' lang='lat' dir='ltr'>quaa</span> <span class='ocrx_word' id='word_1_17' title='bbox 1319 519 1355 562; x_wconf 84' lang='lat' dir='ltr'>ex</span> <span class='ocrx_word' id='word_1_18' title='bbox 1377 517 1437 561; x_wconf 89' lang='lat' dir='ltr'>uno</span> <span class='ocrx_word' id='word_1_19' title='bbox 1459 500 1553 560; x_wconf 86' lang='lat' dir='ltr'>latera</span> 
     </span>
     <span class='ocr_line' id='line_1_3' title="bbox 196 585 1555 666; baseline 0.001 -21"><span class='ocrx_word' id='word_1_20' title='bbox 196 585 382 660; x_wconf 85' lang='lat' dir='ltr'>trajectorias</span> <span class='ocrx_word' id='word_1_21' title='bbox 406 588 434 644; x_wconf 91' lang='lat' dir='ltr'>iu</span> <span class='ocrx_word' id='word_1_22' title='bbox 458 586 581 647; x_wconf 90' lang='lat' dir='ltr'>altarum</span> <span class='ocrx_word' id='word_1_23' title='bbox 605 590 749 649; x_wconf 75' lang='lat' dir='ltr'><strong>transivit.</strong></span> <span class='ocrx_word' id='word_1_24' title='bbox 790 591 824 649; x_wconf 90' lang='lat' dir='ltr'>ln</span> <span class='ocrx_word' id='word_1_25' title='bbox 841 591 990 650; x_wconf 86' lang='lat' dir='ltr'>schemate</span> <span class='ocrx_word' id='word_1_26' title='bbox 1006 597 1035 663; x_wconf 85' lang='lat'>3,</span> <span class='ocrx_word' id='word_1_27' title='bbox 1059 592 1166 666; x_wconf 88' lang='lat' dir='ltr'>posito,</span> <span class='ocrx_word' id='word_1_28' title='bbox 1190 589 1271 664; x_wconf 87' lang='lat' dir='ltr'>quod</span> <span class='ocrx_word' id='word_1_29' title='bbox 1285 590 1369 649; x_wconf 87' lang='lat' dir='ltr'>initio</span> <span class='ocrx_word' id='word_1_30' title='bbox 1385 588 1555 663; x_wconf 73' lang='lat' dir='ltr'>traiectoria</span> 
     </span>
     <span class='ocr_line' id='line_1_4' title="bbox 196 675 1552 755; baseline 0.001 -24"><span class='ocrx_word' id='word_1_31' title='bbox 196 679 226 731; x_wconf 90' lang='lat' dir='ltr'>et</span> <span class='ocrx_word' id='word_1_32' title='bbox 247 681 362 732; x_wconf 90' lang='lat' dir='ltr'>cometa</span> <span class='ocrx_word' id='word_1_33' title='bbox 384 677 422 732; x_wconf 87' lang='lat' dir='ltr'>sit</span> <span class='ocrx_word' id='word_1_34' title='bbox 444 691 533 751; x_wconf 86' lang='lat' dir='ltr'>supra</span> <span class='ocrx_word' id='word_1_35' title='bbox 556 679 701 735; x_wconf 80' lang='lat' dir='ltr'>sectiones</span> <span class='ocrx_word' id='word_1_36' title='bbox 724 702 753 749; x_wconf 86' lang='lat' dir='ltr'>u,</span> <span class='ocrx_word' id='word_1_37' title='bbox 777 680 804 752; x_wconf 74' lang='lat' dir='ltr'>rt,</span> <span class='ocrx_word' id='word_1_38' title='bbox 828 702 850 755; x_wconf 76' lang='lat' dir='ltr'>p,</span> <span class='ocrx_word' id='word_1_39' title='bbox 876 685 900 751; x_wconf 84' lang='lat' dir='ltr'>d,</span> <span class='ocrx_word' id='word_1_40' title='bbox 926 701 948 751; x_wconf 82' lang='lat' dir='ltr'>a,</span> <span class='ocrx_word' id='word_1_41' title='bbox 972 684 1002 737; x_wconf 89' lang='lat' dir='ltr'>ct</span> <span class='ocrx_word' id='word_1_42' title='bbox 1023 680 1131 753; x_wconf 82' lang='lat' dir='ltr'>posito,</span> <span class='ocrx_word' id='word_1_43' title='bbox 1155 676 1234 751; x_wconf 91' lang='lat' dir='ltr'>qaod</span> <span class='ocrx_word' id='word_1_44' title='bbox 1258 684 1373 736; x_wconf 87' lang='lat' dir='ltr'>cometa</span> <span class='ocrx_word' id='word_1_45' title='bbox 1388 693 1425 734; x_wconf 85' lang='lat' dir='ltr'>ex</span> <span class='ocrx_word' id='word_1_46' title='bbox 1441 675 1552 734; x_wconf 88' lang='lat' dir='ltr'>directo</span> 
     </span>
     <span class='ocr_line' id='line_1_5' title="bbox 195 760 1553 842; baseline 0.002 -25"><span class='ocrx_word' id='word_1_47' title='bbox 195 760 247 819; x_wconf 87' lang='lat' dir='ltr'>liat</span> <span class='ocrx_word' id='word_1_48' title='bbox 270 761 467 836; x_wconf 82' lang='lat' dir='ltr'>retrogradus,</span> <span class='ocrx_word' id='word_1_49' title='bbox 490 761 582 822; x_wconf 90' lang='lat' dir='ltr'>Terra</span> <span class='ocrx_word' id='word_1_50' title='bbox 605 765 634 820; x_wconf 91' lang='lat' dir='ltr'>in</span> <span class='ocrx_word' id='word_1_51' title='bbox 658 764 711 822; x_wconf 79' lang='lat' dir='ltr'>BV</span> <span class='ocrx_word' id='word_1_52' title='bbox 734 772 870 825; x_wconf 80' lang='lat' dir='ltr'>versante</span> <span class='ocrx_word' id='word_1_53' title='bbox 892 774 961 825; x_wconf 88' lang='lat' dir='ltr'>ante</span> <span class='ocrx_word' id='word_1_54' title='bbox 976 764 1035 823; x_wconf 87' lang='lat' dir='ltr'>VH</span> <span class='ocrx_word' id='word_1_55' title='bbox 1057 764 1175 836; x_wconf 88' lang='lat' dir='ltr'>lineum,</span> <span class='ocrx_word' id='word_1_56' title='bbox 1200 771 1346 842; x_wconf 76' lang='lat' dir='ltr'>oporteret</span> <span class='ocrx_word' id='word_1_57' title='bbox 1365 763 1428 839; x_wconf 85' lang='lat' dir='ltr'>jam</span> <span class='ocrx_word' id='word_1_58' title='bbox 1451 779 1553 822; x_wconf 88' lang='lat' dir='ltr'>comc-</span> 
     </span>
     <span class='ocr_line' id='line_1_6' title="bbox 194 848 1555 930; baseline 0 -23"><span class='ocrx_word' id='word_1_59' title='bbox 194 855 254 913; x_wconf 82' lang='lat' dir='ltr'>taru</span> <span class='ocrx_word' id='word_1_60' title='bbox 278 849 308 906; x_wconf 91' lang='lat' dir='ltr'>iu</span> <span class='ocrx_word' id='word_1_61' title='bbox 330 848 499 924; x_wconf 86' lang='lat' dir='ltr'>trajectoria</span> <span class='ocrx_word' id='word_1_62' title='bbox 521 848 578 908; x_wconf 86' lang='lat' dir='ltr'>HV</span> <span class='ocrx_word' id='word_1_63' title='bbox 603 850 795 925; x_wconf 82' lang='lat' dir='ltr'>descendere,</span> <span class='ocrx_word' id='word_1_64' title='bbox 827 854 877 928; x_wconf 87' lang='lat' dir='ltr'>qui</span> <span class='ocrx_word' id='word_1_65' title='bbox 906 854 986 929; x_wconf 87' lang='lat' dir='ltr'>prins</span> <span class='ocrx_word' id='word_1_66' title='bbox 1010 855 1038 915; x_wconf 92' lang='lat' dir='ltr'>iu</span> <span class='ocrx_word' id='word_1_67' title='bbox 1061 852 1164 913; x_wconf 80' lang='lat' dir='ltr'>eadem</span> <span class='ocrx_word' id='word_1_68' title='bbox 1187 850 1377 930; x_wconf 80' lang='lat' dir='ltr'>ascenderat,</span> <span class='ocrx_word' id='word_1_69' title='bbox 1405 849 1486 925; x_wconf 84' lang='lat' dir='ltr'>quod</span> <span class='ocrx_word' id='word_1_70' title='bbox 1510 856 1555 908; x_wconf 88' lang='lat' dir='ltr'>est</span> 
     </span>
     <span class='ocr_line' id='line_1_7' title="bbox 195 936 1553 1016; baseline 0 -21"><span class='ocrx_word' id='word_1_71' title='bbox 195 942 298 995; x_wconf 77' lang='lat' dir='ltr'>annua</span> <span class='ocrx_word' id='word_1_72' title='bbox 319 943 483 994; x_wconf 87' lang='lat' dir='ltr'>assumtum</span> <span class='ocrx_word' id='word_1_73' title='bbox 507 939 536 996; x_wconf 79' lang='lat'>2.</span> <span class='ocrx_word' id='word_1_74' title='bbox 582 936 615 995; x_wconf 87' lang='lat' dir='ltr'>Si</span> <span class='ocrx_word' id='word_1_75' title='bbox 638 946 736 1001; x_wconf 63' lang='lat' dir='ltr'>auum</span> <span class='ocrx_word' id='word_1_76' title='bbox 759 939 926 1016; x_wconf 87' lang='lat' dir='ltr'>trajectoria</span> <span class='ocrx_word' id='word_1_77' title='bbox 948 946 1026 999; x_wconf 87' lang='lat' dir='ltr'>assat</span> <span class='ocrx_word' id='word_1_78' title='bbox 1047 956 1106 998; x_wconf 90' lang='lat' dir='ltr'>nou</span> <span class='ocrx_word' id='word_1_79' title='bbox 1129 938 1197 1012; x_wconf 87' lang='lat' dir='ltr'>VH,</span> <span class='ocrx_word' id='word_1_80' title='bbox 1220 937 1273 997; x_wconf 84' lang='lat' dir='ltr'>sed</span> <span class='ocrx_word' id='word_1_81' title='bbox 1296 937 1365 1010; x_wconf 78' lang='lat' dir='ltr'>Tr,</span> <span class='ocrx_word' id='word_1_82' title='bbox 1389 937 1465 996; x_wconf 88' lang='lat' dir='ltr'>inira</span> <span class='ocrx_word' id='word_1_83' title='bbox 1486 953 1553 997; x_wconf 89' lang='lat' dir='ltr'>sec-</span> 
     </span>
     <span class='ocr_line' id='line_1_8' title="bbox 194 1024 1554 1105; baseline -0.001 -24"><span class='ocrx_word' id='word_1_84' title='bbox 194 1024 290 1083; x_wconf 85' lang='lat' dir='ltr'>tiones</span> <span class='ocrx_word' id='word_1_85' title='bbox 313 1040 423 1095; x_wconf 90' lang='lat' dir='ltr'>omues,</span> <span class='ocrx_word' id='word_1_86' title='bbox 448 1030 528 1103; x_wconf 85' lang='lat' dir='ltr'>tuuc,</span> <span class='ocrx_word' id='word_1_87' title='bbox 552 1026 606 1083; x_wconf 85' lang='lat' dir='ltr'>etsi</span> <span class='ocrx_word' id='word_1_88' title='bbox 629 1025 737 1087; x_wconf 87' lang='lat' dir='ltr'>directe</span> <span class='ocrx_word' id='word_1_89' title='bbox 759 1044 874 1105; x_wconf 86' lang='lat' dir='ltr'>semper</span> <span class='ocrx_word' id='word_1_90' title='bbox 895 1026 1068 1103; x_wconf 89' lang='lat' dir='ltr'>trajiciendo</span> <span class='ocrx_word' id='word_1_91' title='bbox 1090 1035 1237 1103; x_wconf 81' lang='lat' dir='ltr'>pergeret,</span> <span class='ocrx_word' id='word_1_92' title='bbox 1261 1033 1361 1102; x_wconf 85' lang='lat' dir='ltr'>posset</span> <span class='ocrx_word' id='word_1_93' title='bbox 1382 1032 1482 1085; x_wconf 87' lang='lat' dir='ltr'>tamen</span> <span class='ocrx_word' id='word_1_94' title='bbox 1506 1026 1554 1083; x_wconf 83' lang='lat' dir='ltr'>ri-</span> 
     </span>
     <span class='ocr_line' id='line_1_9' title="bbox 193 1108 1487 1190; baseline 0.002 -22"><span class='ocrx_word' id='word_1_95' title='bbox 193 1108 254 1169; x_wconf 92' lang='lat' dir='ltr'>deri</span> <span class='ocrx_word' id='word_1_96' title='bbox 278 1110 474 1185; x_wconf 82' lang='lat' dir='ltr'>retrogradus,</span> <span class='ocrx_word' id='word_1_97' title='bbox 498 1128 552 1170; x_wconf 90' lang='lat' dir='ltr'>nec</span> <span class='ocrx_word' id='word_1_98' title='bbox 574 1129 692 1173; x_wconf 86' lang='lat' dir='ltr'>necesse</span> <span class='ocrx_word' id='word_1_99' title='bbox 716 1122 802 1187; x_wconf 84' lang='lat' dir='ltr'>esset,</span> <span class='ocrx_word' id='word_1_100' title='bbox 825 1114 908 1172; x_wconf 91' lang='lat' dir='ltr'>illam</span> <span class='ocrx_word' id='word_1_101' title='bbox 931 1113 1049 1174; x_wconf 86' lang='lat' dir='ltr'>taudem</span> <span class='ocrx_word' id='word_1_102' title='bbox 1073 1113 1198 1173; x_wconf 88' lang='lat' dir='ltr'>evadere</span> <span class='ocrx_word' id='word_1_103' title='bbox 1220 1131 1309 1190; x_wconf 90' lang='lat' dir='ltr'>supra</span> <span class='ocrx_word' id='word_1_104' title='bbox 1332 1114 1487 1172; x_wconf 88' lang='lat' dir='ltr'>sectiones.</span> 
     </span>
     <span class='ocr_line' id='line_1_10' title="bbox 300 1208 1552 1281; baseline 0.001 -17"><span class='ocrx_word' id='word_1_105' title='bbox 300 1208 576 1266; x_wconf 80' lang='lat' dir='ltr'>corollarium.</span> <span class='ocrx_word' id='word_1_106' title='bbox 613 1212 710 1280; x_wconf 87' lang='lat' dir='ltr'>Itaque</span> <span class='ocrx_word' id='word_1_107' title='bbox 728 1219 845 1278; x_wconf 84' lang='lat' dir='ltr'>cometa,</span> <span class='ocrx_word' id='word_1_108' title='bbox 864 1212 971 1281; x_wconf 77' lang='lat' dir='ltr'>lugiens</span> <span class='ocrx_word' id='word_1_109' title='bbox 990 1213 1024 1267; x_wconf 89' lang='lat' dir='ltr'>ab</span> <span class='ocrx_word' id='word_1_110' title='bbox 1044 1211 1133 1267; x_wconf 84' lang='lat' dir='ltr'>orbita</span> <span class='ocrx_word' id='word_1_111' title='bbox 1145 1210 1264 1267; x_wconf 88' lang='lat' dir='ltr'>Telluris</span> <span class='ocrx_word' id='word_1_112' title='bbox 1281 1211 1309 1266; x_wconf 92' lang='lat' dir='ltr'>iu</span> <span class='ocrx_word' id='word_1_113' title='bbox 1322 1211 1406 1280; x_wconf 89' lang='lat' dir='ltr'>plano</span> <span class='ocrx_word' id='word_1_114' title='bbox 1419 1218 1552 1279; x_wconf 80' lang='lat' dir='ltr'>tangente</span> 
     </span>
    </p>
   </div>
   <div class='ocr_carea' id='block_1_3' title="bbox 193 1289 1550 1437">
    <p class='ocr_par' dir='ltr' id='par_1_3' title="bbox 193 1289 1550 1437">
     <span class='ocr_line' id='line_1_11' title="bbox 193 1289 1550 1361; baseline 0.002 -19"><span class='ocrx_word' id='word_1_115' title='bbox 193 1289 329 1355; x_wconf 86' lang='lat' dir='ltr'>orbitarn,</span> <span class='ocrx_word' id='word_1_116' title='bbox 356 1296 444 1344; x_wconf 89' lang='lat' dir='ltr'>mutat</span> <span class='ocrx_word' id='word_1_117' title='bbox 462 1305 570 1345; x_wconf 87' lang='lat' dir='ltr'>cursum</span> <span class='ocrx_word' id='word_1_118' title='bbox 588 1298 783 1361; x_wconf 84' lang='lat' dir='ltr'>apparentem,</span> <span class='ocrx_word' id='word_1_119' title='bbox 811 1292 897 1347; x_wconf 86' lang='lat' dir='ltr'>Terra</span> <span class='ocrx_word' id='word_1_120' title='bbox 914 1293 1050 1347; x_wconf 89' lang='lat' dir='ltr'>contrario</span> <span class='ocrx_word' id='word_1_121' title='bbox 1070 1299 1145 1348; x_wconf 85' lang='lat' dir='ltr'>mota</span> <span class='ocrx_word' id='word_1_122' title='bbox 1163 1289 1198 1346; x_wconf 88' lang='lat' dir='ltr'>ad</span> <span class='ocrx_word' id='word_1_123' title='bbox 1217 1296 1373 1346; x_wconf 89' lang='lat' dir='ltr'>contactum</span> <span class='ocrx_word' id='word_1_124' title='bbox 1392 1289 1550 1346; x_wconf 78' lang='lat' dir='ltr'>accedente.</span> 
     </span>
     <span class='ocr_line' id='line_1_12' title="bbox 193 1365 688 1437; baseline 0.012 -18"><span class='ocrx_word' id='word_1_125' title='bbox 193 1365 248 1423; x_wconf 85' lang='lat' dir='ltr'>hoc</span> <span class='ocrx_word' id='word_1_126' title='bbox 268 1366 356 1421; x_wconf 84' lang='lat' dir='ltr'>estin</span> <span class='ocrx_word' id='word_1_127' title='bbox 374 1368 435 1437; x_wconf 86' lang='lat' dir='ltr'>ipso</span> <span class='ocrx_word' id='word_1_128' title='bbox 454 1367 588 1436; x_wconf 86' lang='lat' dir='ltr'>quadrato</span> <span class='ocrx_word' id='word_1_129' title='bbox 608 1368 688 1425; x_wconf 88' lang='lat' dir='ltr'>Solis.</span> 
     </span>
    </p>
   </div>
   <div class='ocr_carea' id='block_1_4' title="bbox 727 1468 1011 1540">
    <p class='ocr_par' dir='ltr' id='par_1_4' title="bbox 727 1468 1011 1540">
     <span class='ocr_line' id='line_1_13' title="bbox 727 1468 1011 1540; baseline 0 -2"><span class='ocrx_word' id='word_1_130' title='bbox 727 1469 917 1540; x_wconf 88' lang='lat' dir='ltr'>Tlreoremn</span> <span class='ocrx_word' id='word_1_131' title='bbox 946 1468 1011 1540; x_wconf 89' lang='lat' dir='ltr'>llll.</span> 
     </span>
    </p>
   </div>
   <div class='ocr_carea' id='block_1_5' title="bbox 172 1582 1556 2361">
    <p class='ocr_par' dir='ltr' id='par_1_5' title="bbox 301 1582 1555 1663">
     <span class='ocr_line' id='line_1_14' title="bbox 301 1582 1555 1663; baseline 0.002 -23"><span class='ocrx_word' id='word_1_132' title='bbox 301 1582 488 1657; x_wconf 73' lang='lat' dir='ltr'>Traiectione</span> <span class='ocrx_word' id='word_1_133' title='bbox 510 1586 652 1645; x_wconf 59' lang='lat' dir='ltr'>micante</span> <span class='ocrx_word' id='word_1_134' title='bbox 673 1587 838 1663; x_wconf 79' lang='lat' dir='ltr'>aequabili,</span> <span class='ocrx_word' id='word_1_135' title='bbox 863 1587 918 1645; x_wconf 85' lang='lat' dir='ltr'>illa</span> <span class='ocrx_word' id='word_1_136' title='bbox 938 1603 1013 1661; x_wconf 82' lang='lat' dir='ltr'>pare</span> <span class='ocrx_word' id='word_1_137' title='bbox 1035 1586 1229 1658; x_wconf 77' lang='lat' dir='ltr'>traiectoriae</span> <span class='ocrx_word' id='word_1_138' title='bbox 1250 1592 1292 1643; x_wconf 81' lang='lat' dir='ltr'>eet</span> <span class='ocrx_word' id='word_1_139' title='bbox 1310 1587 1459 1659; x_wconf 76' lang='lat' dir='ltr'>proximu</span> <span class='ocrx_word' id='word_1_140' title='bbox 1479 1584 1555 1642; x_wconf 84' lang='lat' dir='ltr'>Ter-</span> 
     </span>
    </p>

    <p class='ocr_par' dir='ltr' id='par_1_6' title="bbox 172 1672 1556 1918">
     <span class='ocr_line' id='line_1_15' title="bbox 191 1672 1556 1749; baseline 0.002 -20"><span class='ocrx_word' id='word_1_141' title='bbox 191 1688 260 1742; x_wconf 85' lang='lat' dir='ltr'>rae,</span> <span class='ocrx_word' id='word_1_142' title='bbox 292 1690 371 1746; x_wconf 87' lang='lat' dir='ltr'>quae</span> <span class='ocrx_word' id='word_1_143' title='bbox 399 1673 477 1749; x_wconf 80' lang='lat' dir='ltr'>facit</span> <span class='ocrx_word' id='word_1_144' title='bbox 498 1680 617 1732; x_wconf 86' lang='lat' dir='ltr'>motum</span> <span class='ocrx_word' id='word_1_145' title='bbox 639 1682 840 1748; x_wconf 80' lang='lat' dir='ltr'>apparentem</span> <span class='ocrx_word' id='word_1_146' title='bbox 864 1674 1014 1732; x_wconf 85' lang='lat' dir='ltr'>diurnum</span> <span class='ocrx_word' id='word_1_147' title='bbox 1037 1675 1229 1745; x_wconf 75' lang='lat' dir='ltr'>maximnm5</span> <span class='ocrx_word' id='word_1_148' title='bbox 1261 1672 1459 1731; x_wconf 78' lang='lat' dir='ltr'>crescentibus</span> <span class='ocrx_word' id='word_1_149' title='bbox 1484 1690 1556 1732; x_wconf 82' lang='lat' dir='ltr'>uero</span> 
     </span>
     <span class='ocr_line' id='line_1_16' title="bbox 172 1759 1555 1839; baseline 0.001 -24"><span class='ocrx_word' id='word_1_150' title='bbox 172 1760 377 1826; x_wconf 75' lang='lat' dir='ltr'>,traiectionie</span> <span class='ocrx_word' id='word_1_151' title='bbox 400 1759 523 1818; x_wconf 81' lang='lat' dir='ltr'>diumio</span> <span class='ocrx_word' id='word_1_152' title='bbox 544 1762 745 1836; x_wconf 73' lang='lat' dir='ltr'>portionibus,</span> <span class='ocrx_word' id='word_1_153' title='bbox 768 1762 824 1820; x_wconf 87' lang='lat' dir='ltr'>illa</span> <span class='ocrx_word' id='word_1_154' title='bbox 846 1764 957 1839; x_wconf 86' lang='lat' dir='ltr'>portia,</span> <span class='ocrx_word' id='word_1_155' title='bbox 980 1778 1060 1835; x_wconf 89' lang='lat' dir='ltr'>quae</span> <span class='ocrx_word' id='word_1_156' title='bbox 1081 1759 1231 1819; x_wconf 85' lang='lat' dir='ltr'>diurnum</span> <span class='ocrx_word' id='word_1_157' title='bbox 1253 1767 1461 1836; x_wconf 70' lang='lat' dir='ltr'>repraesentat</span> <span class='ocrx_word' id='word_1_158' title='bbox 1482 1778 1555 1817; x_wconf 85' lang='lat' dir='ltr'>rna-</span> 
     </span>
     <span class='ocr_line' id='line_1_17' title="bbox 192 1848 839 1918; baseline 0.003 -15"><span class='ocrx_word' id='word_1_159' title='bbox 192 1848 324 1918; x_wconf 80' lang='lat' dir='ltr'>nimum,</span> <span class='ocrx_word' id='word_1_160' title='bbox 345 1848 412 1918; x_wconf 77' lang='lat' dir='ltr'>jam</span> <span class='ocrx_word' id='word_1_161' title='bbox 435 1850 580 1908; x_wconf 86' lang='lat' dir='ltr'>remotior</span> <span class='ocrx_word' id='word_1_162' title='bbox 601 1857 643 1907; x_wconf 82' lang='lat' dir='ltr'>ert</span> <span class='ocrx_word' id='word_1_163' title='bbox 665 1867 686 1906; x_wconf 85' lang='lat' dir='ltr'>a</span> <span class='ocrx_word' id='word_1_164' title='bbox 713 1848 839 1907; x_wconf 78' lang='lat' dir='ltr'>Tellure.</span> 
     </span>
    </p>

    <p class='ocr_par' dir='ltr' id='par_1_7' title="bbox 192 1932 1556 2361">
     <span class='ocr_line' id='line_1_18' title="bbox 296 1932 1555 2011; baseline 0.002 -21"><span class='ocrx_word' id='word_1_165' title='bbox 296 1932 371 1991; x_wconf 90' lang='lat' dir='ltr'>Nam</span> <span class='ocrx_word' id='word_1_166' title='bbox 394 1942 493 2010; x_wconf 87' lang='lat' dir='ltr'>partes</span> <span class='ocrx_word' id='word_1_167' title='bbox 517 1934 650 2010; x_wconf 86' lang='lat' dir='ltr'>ejusdem</span> <span class='ocrx_word' id='word_1_168' title='bbox 672 1944 770 1996; x_wconf 84' lang='lat' dir='ltr'>rectae</span> <span class='ocrx_word' id='word_1_169' title='bbox 786 1935 855 2009; x_wconf 90' lang='lat' dir='ltr'>VH,</span> <span class='ocrx_word' id='word_1_170' title='bbox 879 1950 955 2011; x_wconf 87' lang='lat' dir='ltr'>quae</span> <span class='ocrx_word' id='word_1_171' title='bbox 979 1936 1129 2011; x_wconf 85' lang='lat' dir='ltr'>propiores</span> <span class='ocrx_word' id='word_1_172' title='bbox 1153 1933 1238 1993; x_wconf 88' lang='lat' dir='ltr'>oculo</span> <span class='ocrx_word' id='word_1_173' title='bbox 1261 1942 1338 2008; x_wconf 90' lang='lat' dir='ltr'>snut,</span> <span class='ocrx_word' id='word_1_174' title='bbox 1362 1940 1395 1992; x_wconf 89' lang='lat' dir='ltr'>ut</span> <span class='ocrx_word' id='word_1_175' title='bbox 1419 1938 1459 2006; x_wconf 73' lang='lat' dir='ltr'>tte,</span> <span class='ocrx_word' id='word_1_176' title='bbox 1483 1933 1555 1993; x_wconf 88' lang='lat' dir='ltr'>illae</span> 
     </span>
     <span class='ocr_line' id='line_1_19' title="bbox 192 2016 1556 2102; baseline 0.004 -28"><span class='ocrx_word' id='word_1_177' title='bbox 192 2019 300 2078; x_wconf 88' lang='lat' dir='ltr'>rectius</span> <span class='ocrx_word' id='word_1_178' title='bbox 330 2019 417 2080; x_wconf 89' lang='lat' dir='ltr'>oculo</span> <span class='ocrx_word' id='word_1_179' title='bbox 448 2021 626 2097; x_wconf 90' lang='lat' dir='ltr'>objiciuntur</span> <span class='ocrx_word' id='word_1_180' title='bbox 655 2024 685 2081; x_wconf 93' lang='lat' dir='ltr'>in</span> <span class='ocrx_word' id='word_1_181' title='bbox 709 2021 761 2083; x_wconf 92' lang='grc' dir='ltr'>ΟΡ</span> <span class='ocrx_word' id='word_1_182' title='bbox 791 2024 949 2083; x_wconf 86' lang='lat' dir='ltr'>constituto</span> <span class='ocrx_word' id='word_1_183' title='bbox 973 2016 1200 2102; x_wconf 86' lang='lat' dir='ltr'>(convertuntur</span> <span class='ocrx_word' id='word_1_184' title='bbox 1230 2023 1306 2081; x_wconf 91' lang='lat' dir='ltr'>enim</span> <span class='ocrx_word' id='word_1_185' title='bbox 1334 2025 1364 2079; x_wconf 90' lang='lat' dir='ltr'>in</span> <span class='ocrx_word' id='word_1_186' title='bbox 1391 2023 1556 2097; x_wconf 83' lang='lat' dir='ltr'>geometria</span> 
     </span>
     <span class='ocr_line' id='line_1_20' title="bbox 193 2105 1554 2187; baseline 0.002 -23"><span class='ocrx_word' id='word_1_187' title='bbox 193 2105 440 2187; x_wconf 83' lang='lat' dir='ltr'>perpendicularis</span> <span class='ocrx_word' id='word_1_188' title='bbox 463 2125 499 2168; x_wconf 86' lang='lat' dir='ltr'>ex</span> <span class='ocrx_word' id='word_1_189' title='bbox 521 2115 630 2186; x_wconf 89' lang='lat' dir='ltr'>puncto</span> <span class='ocrx_word' id='word_1_190' title='bbox 654 2112 683 2168; x_wconf 90' lang='lat' dir='ltr'>in</span> <span class='ocrx_word' id='word_1_191' title='bbox 702 2111 810 2170; x_wconf 90' lang='lat' dir='ltr'>lineam</span> <span class='ocrx_word' id='word_1_192' title='bbox 835 2118 864 2171; x_wconf 90' lang='lat' dir='ltr'>ct</span> <span class='ocrx_word' id='word_1_193' title='bbox 887 2110 1061 2168; x_wconf 85' lang='lat' dir='ltr'>brevissima</span> <span class='ocrx_word' id='word_1_194' title='bbox 1084 2127 1120 2167; x_wconf 87' lang='lat' dir='ltr'>ex</span> <span class='ocrx_word' id='word_1_195' title='bbox 1139 2108 1241 2169; x_wconf 89' lang='lat' dir='ltr'>codem</span> <span class='ocrx_word' id='word_1_196' title='bbox 1257 2118 1365 2187; x_wconf 91' lang='lat' dir='ltr'>puncto</span> <span class='ocrx_word' id='word_1_197' title='bbox 1382 2110 1411 2164; x_wconf 93' lang='lat' dir='ltr'>iu</span> <span class='ocrx_word' id='word_1_198' title='bbox 1428 2108 1554 2169; x_wconf 88' lang='lat' dir='ltr'>eandem</span> 
     </span>
     <span class='ocr_line' id='line_1_21' title="bbox 193 2188 1555 2276; baseline 0.005 -26"><span class='ocrx_word' id='word_1_199' title='bbox 193 2188 317 2275; x_wconf 87' lang='lat' dir='ltr'>lineam)</span> <span class='ocrx_word' id='word_1_200' title='bbox 342 2203 371 2253; x_wconf 92' lang='lat' dir='ltr'>ct</span> <span class='ocrx_word' id='word_1_201' title='bbox 394 2195 521 2271; x_wconf 87' lang='lat' dir='ltr'>majores</span> <span class='ocrx_word' id='word_1_202' title='bbox 543 2204 693 2273; x_wconf 88' lang='lat' dir='ltr'>apparent,</span> <span class='ocrx_word' id='word_1_203' title='bbox 718 2199 743 2255; x_wconf 87' lang='lat' dir='ltr'>si</span> <span class='ocrx_word' id='word_1_204' title='bbox 766 2201 825 2256; x_wconf 90' lang='lat' dir='ltr'>sint</span> <span class='ocrx_word' id='word_1_205' title='bbox 847 2196 997 2272; x_wconf 86' lang='lat' dir='ltr'>aequales,</span> <span class='ocrx_word' id='word_1_206' title='bbox 1021 2214 1071 2274; x_wconf 89' lang='lat' dir='ltr'>par</span> <span class='ocrx_word' id='word_1_207' title='bbox 1088 2198 1231 2276; x_wconf 88' lang='lat' dir='ltr'>principia</span> <span class='ocrx_word' id='word_1_208' title='bbox 1247 2198 1358 2274; x_wconf 73' lang='lat' dir='ltr'>aptiae,</span> <span class='ocrx_word' id='word_1_209' title='bbox 1382 2195 1555 2272; x_wconf 83' lang='lat' dir='ltr'>inaequalia</span> 
     </span>
     <span class='ocr_line' id='line_1_22' title="bbox 192 2284 1058 2361; baseline 0.002 -21"><span class='ocrx_word' id='word_1_210' title='bbox 192 2297 273 2356; x_wconf 85' lang='lat' dir='ltr'>vero,</span> <span class='ocrx_word' id='word_1_211' title='bbox 297 2284 402 2344; x_wconf 89' lang='lat' dir='ltr'>ceteris</span> <span class='ocrx_word' id='word_1_212' title='bbox 423 2284 553 2360; x_wconf 88' lang='lat' dir='ltr'>paribus,</span> <span class='ocrx_word' id='word_1_213' title='bbox 578 2289 667 2345; x_wconf 89' lang='lat' dir='ltr'>etiam</span> <span class='ocrx_word' id='word_1_214' title='bbox 690 2285 884 2361; x_wconf 88' lang='lat' dir='ltr'>inaequaliter</span> <span class='ocrx_word' id='word_1_215' title='bbox 907 2292 1058 2361; x_wconf 85' lang='lat' dir='ltr'>apparent.</span> 
     </span>
    </p>
   </div>
   <div class='ocr_carea' id='block_1_6' title="bbox 722 2429 1023 2503">
    <p class='ocr_par' dir='ltr' id='par_1_8' title="bbox 722 2429 1023 2503">
     <span class='ocr_line' id='line_1_23' title="bbox 722 2429 1023 2503; baseline 0 -2"><span class='ocrx_word' id='word_1_216' title='bbox 722 2431 913 2501; x_wconf 74' lang='lat' dir='ltr'>&#39;theorema</span> <span class='ocrx_word' id='word_1_217' title='bbox 941 2429 1023 2503; x_wconf 86' lang='lat' dir='ltr'>Xlll.</span> 
     </span>
    </p>
   </div>
   <div class='ocr_carea' id='block_1_7' title="bbox 189 2543 1556 3410">
    <p class='ocr_par' dir='ltr' id='par_1_9' title="bbox 189 2543 1556 2973">
     <span class='ocr_line' id='line_1_24' title="bbox 297 2543 1555 2621; baseline -0.003 -18"><span class='ocrx_word' id='word_1_218' title='bbox 297 2543 333 2603; x_wconf 83' lang='lat' dir='ltr'>Si</span> <span class='ocrx_word' id='word_1_219' title='bbox 352 2544 447 2604; x_wconf 79' lang='lat' dir='ltr'>Terra</span> <span class='ocrx_word' id='word_1_220' title='bbox 469 2555 563 2605; x_wconf 84' lang='lat' dir='ltr'>staret</span> <span class='ocrx_word' id='word_1_221' title='bbox 584 2554 613 2606; x_wconf 89' lang='lat' dir='ltr'>et</span> <span class='ocrx_word' id='word_1_222' title='bbox 635 2550 772 2613; x_wconf 82' lang='lat' dir='ltr'>traiectio</span> <span class='ocrx_word' id='word_1_223' title='bbox 795 2555 866 2605; x_wconf 77' lang='lat' dir='ltr'>erret</span> <span class='ocrx_word' id='word_1_224' title='bbox 883 2545 1060 2621; x_wconf 82' lang='lat' dir='ltr'>aequabilia,</span> <span class='ocrx_word' id='word_1_225' title='bbox 1082 2545 1217 2619; x_wconf 87' lang='lat' dir='ltr'>planum</span> <span class='ocrx_word' id='word_1_226' title='bbox 1232 2544 1380 2602; x_wconf 69' lang='lat' dir='ltr'>cunnum</span> <span class='ocrx_word' id='word_1_227' title='bbox 1396 2549 1467 2601; x_wconf 80' lang='lat' dir='ltr'>esset</span> <span class='ocrx_word' id='word_1_228' title='bbox 1479 2560 1555 2618; x_wconf 86' lang='lat' dir='ltr'>per-</span> 
     </span>
     <span class='ocr_line' id='line_1_25' title="bbox 189 2628 1555 2710; baseline -0.001 -19"><span class='ocrx_word' id='word_1_229' title='bbox 189 2628 389 2705; x_wconf 82' lang='lat' dir='ltr'>pendiculare</span> <span class='ocrx_word' id='word_1_230' title='bbox 417 2636 590 2708; x_wconf 82' lang='lat' dir='ltr'>trajectorio</span> <span class='ocrx_word' id='word_1_231' title='bbox 620 2639 653 2693; x_wconf 89' lang='lat' dir='ltr'>in</span> <span class='ocrx_word' id='word_1_232' title='bbox 685 2637 740 2694; x_wconf 87' lang='lat' dir='ltr'>illa</span> <span class='ocrx_word' id='word_1_233' title='bbox 759 2639 901 2710; x_wconf 85' lang='lat' dir='ltr'>portione</span> <span class='ocrx_word' id='word_1_234' title='bbox 923 2635 1129 2706; x_wconf 70' lang='lat' dir='ltr'>traiectoriae,</span> <span class='ocrx_word' id='word_1_235' title='bbox 1162 2649 1241 2706; x_wconf 88' lang='lat' dir='ltr'>quae</span> <span class='ocrx_word' id='word_1_236' title='bbox 1263 2639 1379 2689; x_wconf 87' lang='lat' dir='ltr'>motum</span> <span class='ocrx_word' id='word_1_237' title='bbox 1402 2628 1555 2689; x_wconf 85' lang='lat' dir='ltr'>diurnum</span> 
     </span>
     <span class='ocr_line' id='line_1_26' title="bbox 190 2719 1556 2794; baseline 0.001 -19"><span class='ocrx_word' id='word_1_238' title='bbox 190 2727 399 2794; x_wconf 81' lang='lat' dir='ltr'>repraesentat</span> <span class='ocrx_word' id='word_1_239' title='bbox 420 2726 603 2783; x_wconf 76' lang='lat' dir='ltr'>marimum.</span> <span class='ocrx_word' id='word_1_240' title='bbox 642 2724 805 2785; x_wconf 73' lang='lat' dir='ltr'>decedente</span> <span class='ocrx_word' id='word_1_241' title='bbox 823 2740 891 2783; x_wconf 82' lang='lat' dir='ltr'>cero</span> <span class='ocrx_word' id='word_1_242' title='bbox 911 2720 1006 2779; x_wconf 87' lang='lat' dir='ltr'>Terra</span> <span class='ocrx_word' id='word_1_243' title='bbox 1021 2720 1064 2777; x_wconf 89' lang='lat' dir='ltr'>ad</span> <span class='ocrx_word' id='word_1_244' title='bbox 1076 2720 1287 2783; x_wconf 73' lang='lat' dir='ltr'>traiectorium</span> <span class='ocrx_word' id='word_1_245' title='bbox 1301 2719 1442 2792; x_wconf 86' lang='lat' dir='ltr'>planum,</span> <span class='ocrx_word' id='word_1_246' title='bbox 1464 2722 1556 2794; x_wconf 76' lang='lat' dir='ltr'>priua</span> 
     </span>
     <span class='ocr_line' id='line_1_27' title="bbox 190 2807 1556 2886; baseline -0.001 -22"><span class='ocrx_word' id='word_1_247' title='bbox 190 2807 483 2882; x_wconf 73' lang='lat' dir='ltr'>perpendiculariter</span> <span class='ocrx_word' id='word_1_248' title='bbox 510 2811 616 2869; x_wconf 85' lang='lat' dir='ltr'>incidit</span> <span class='ocrx_word' id='word_1_249' title='bbox 644 2811 776 2886; x_wconf 85' lang='lat' dir='ltr'>planum</span> <span class='ocrx_word' id='word_1_250' title='bbox 808 2812 955 2868; x_wconf 65' lang='lat' dir='ltr'>naariam</span> <span class='ocrx_word' id='word_1_251' title='bbox 986 2809 1175 2880; x_wconf 85' lang='lat' dir='ltr'>trajectorio,</span> <span class='ocrx_word' id='word_1_252' title='bbox 1206 2823 1300 2881; x_wconf 89' lang='lat' dir='ltr'>quam</span> <span class='ocrx_word' id='word_1_253' title='bbox 1331 2808 1369 2863; x_wconf 82' lang='lat' dir='ltr'>sit</span> <span class='ocrx_word' id='word_1_254' title='bbox 1397 2809 1556 2866; x_wconf 75' lang='lat' dir='ltr'>munimus</span> 
     </span>
     <span class='ocr_line' id='line_1_28' title="bbox 191 2892 507 2973; baseline 0.016 -22"><span class='ocrx_word' id='word_1_255' title='bbox 191 2892 323 2955; x_wconf 75' lang='lat' dir='ltr'>diurnus</span> <span class='ocrx_word' id='word_1_256' title='bbox 345 2913 507 2973; x_wconf 80' lang='lat' dir='ltr'>apparens.</span> 
     </span>
    </p>

    <p class='ocr_par' dir='ltr' id='par_1_10' title="bbox 190 2979 1554 3410">
     <span class='ocr_line' id='line_1_29' title="bbox 296 2979 1554 3058; baseline 0 -18"><span class='ocrx_word' id='word_1_257' title='bbox 296 2981 372 3040; x_wconf 87' lang='lat' dir='ltr'>Nam</span> <span class='ocrx_word' id='word_1_258' title='bbox 395 2982 486 3042; x_wconf 85' lang='lat' dir='ltr'>Terra</span> <span class='ocrx_word' id='word_1_259' title='bbox 509 2990 621 3057; x_wconf 89' lang='lat' dir='ltr'>stante,</span> <span class='ocrx_word' id='word_1_260' title='bbox 645 2984 819 3043; x_wconf 86' lang='lat' dir='ltr'>brevissima</span> <span class='ocrx_word' id='word_1_261' title='bbox 842 2988 887 3043; x_wconf 83' lang='lat' dir='ltr'>est</span> <span class='ocrx_word' id='word_1_262' title='bbox 908 2982 1004 3055; x_wconf 88' lang='lat' dir='ltr'>linea,</span> <span class='ocrx_word' id='word_1_263' title='bbox 1038 2998 1115 3056; x_wconf 87' lang='lat' dir='ltr'>quae</span> <span class='ocrx_word' id='word_1_264' title='bbox 1139 2979 1416 3058; x_wconf 89' lang='lat' dir='ltr'>perpendiculariter</span> <span class='ocrx_word' id='word_1_265' title='bbox 1437 2980 1466 3037; x_wconf 88' lang='lat' dir='ltr'>ia</span> <span class='ocrx_word' id='word_1_266' title='bbox 1489 2989 1554 3040; x_wconf 87' lang='lat' dir='ltr'>tra-</span> 
     </span>
     <span class='ocr_line' id='line_1_30' title="bbox 190 3066 1553 3150; baseline 0.001 -23"><span class='ocrx_word' id='word_1_267' title='bbox 190 3068 345 3144; x_wconf 86' lang='lat' dir='ltr'>jectoriuur</span> <span class='ocrx_word' id='word_1_268' title='bbox 368 3070 489 3149; x_wconf 90' lang='lat' dir='ltr'>planum</span> <span class='ocrx_word' id='word_1_269' title='bbox 514 3070 630 3141; x_wconf 88' lang='lat' dir='ltr'>incidit,</span> <span class='ocrx_word' id='word_1_270' title='bbox 662 3078 695 3129; x_wconf 89' lang='lat' dir='ltr'>ut</span> <span class='ocrx_word' id='word_1_271' title='bbox 715 3073 813 3150; x_wconf 89' lang='lat' dir='ltr'>prius:</span> <span class='ocrx_word' id='word_1_272' title='bbox 845 3072 990 3129; x_wconf 84' lang='lat' dir='ltr'>maximus</span> <span class='ocrx_word' id='word_1_273' title='bbox 1014 3071 1101 3145; x_wconf 91' lang='lat' dir='ltr'>igitur</span> <span class='ocrx_word' id='word_1_274' title='bbox 1124 3077 1246 3145; x_wconf 85' lang='lat' dir='ltr'>apparet</span> <span class='ocrx_word' id='word_1_275' title='bbox 1269 3066 1319 3125; x_wconf 93' lang='lat' dir='ltr'>illo</span> <span class='ocrx_word' id='word_1_276' title='bbox 1342 3066 1408 3126; x_wconf 89' lang='lat' dir='ltr'>loeo</span> <span class='ocrx_word' id='word_1_277' title='bbox 1431 3067 1553 3128; x_wconf 88' lang='lat' dir='ltr'>diurnus</span> 
     </span>
     <span class='ocr_line' id='line_1_31' title="bbox 191 3154 1553 3235; baseline 0 -21"><span class='ocrx_word' id='word_1_278' title='bbox 191 3155 379 3231; x_wconf 85' lang='lat' dir='ltr'>trajicientis,</span> <span class='ocrx_word' id='word_1_279' title='bbox 410 3175 461 3232; x_wconf 91' lang='lat' dir='ltr'>per</span> <span class='ocrx_word' id='word_1_280' title='bbox 483 3156 557 3219; x_wconf 87' lang='lat' dir='ltr'>Xll.</span> <span class='ocrx_word' id='word_1_281' title='bbox 604 3159 644 3216; x_wconf 84' lang='lat' dir='ltr'>At</span> <span class='ocrx_word' id='word_1_282' title='bbox 674 3166 775 3218; x_wconf 86' lang='lat' dir='ltr'>contra</span> <span class='ocrx_word' id='word_1_283' title='bbox 797 3176 849 3235; x_wconf 90' lang='lat' dir='ltr'>por</span> <span class='ocrx_word' id='word_1_284' title='bbox 874 3163 923 3219; x_wconf 74' lang='lat'>56.</span> <span class='ocrx_word' id='word_1_285' title='bbox 950 3156 1071 3234; x_wconf 87' lang='lat' dir='ltr'>Optices</span> <span class='ocrx_word' id='word_1_286' title='bbox 1095 3155 1243 3229; x_wconf 87' lang='lat' dir='ltr'>Euclidia,</span> <span class='ocrx_word' id='word_1_287' title='bbox 1274 3154 1360 3213; x_wconf 90' lang='lat' dir='ltr'>oculo</span> <span class='ocrx_word' id='word_1_288' title='bbox 1383 3154 1553 3231; x_wconf 88' lang='lat' dir='ltr'>accedente,</span> 
     </span>
     <span class='ocr_line' id='line_1_32' title="bbox 193 3244 1554 3322; baseline 0 -21"><span class='ocrx_word' id='word_1_289' title='bbox 193 3250 318 3319; x_wconf 83' lang='lat' dir='ltr'>augetur</span> <span class='ocrx_word' id='word_1_290' title='bbox 340 3247 454 3321; x_wconf 86' lang='lat' dir='ltr'>specics</span> <span class='ocrx_word' id='word_1_291' title='bbox 477 3248 528 3305; x_wconf 89' lang='lat' dir='ltr'>rei.</span> <span class='ocrx_word' id='word_1_292' title='bbox 567 3245 629 3304; x_wconf 85' lang='lat' dir='ltr'>Etsi</span> <span class='ocrx_word' id='word_1_293' title='bbox 652 3246 741 3321; x_wconf 91' lang='lat' dir='ltr'>igitur</span> <span class='ocrx_word' id='word_1_294' title='bbox 754 3245 850 3307; x_wconf 90' lang='lat' dir='ltr'>liaeac</span> <span class='ocrx_word' id='word_1_295' title='bbox 868 3245 987 3322; x_wconf 91' lang='lat' dir='ltr'>oblique</span> <span class='ocrx_word' id='word_1_296' title='bbox 1004 3244 1138 3319; x_wconf 76' lang='lat' dir='ltr'>ochctae</span> <span class='ocrx_word' id='word_1_297' title='bbox 1153 3246 1266 3320; x_wconf 89' lang='lat' dir='ltr'>specics</span> <span class='ocrx_word' id='word_1_298' title='bbox 1283 3244 1429 3314; x_wconf 89' lang='lat' dir='ltr'>minuitur,</span> <span class='ocrx_word' id='word_1_299' title='bbox 1453 3251 1554 3301; x_wconf 89' lang='lat' dir='ltr'>tameu</span> 
     </span>
     <span class='ocr_line' id='line_1_33' title="bbox 192 3328 1553 3410; baseline 0.003 -23"><span class='ocrx_word' id='word_1_300' title='bbox 192 3332 288 3406; x_wconf 85' lang='lat' dir='ltr'>magis</span> <span class='ocrx_word' id='word_1_301' title='bbox 311 3330 413 3391; x_wconf 88' lang='lat' dir='ltr'>eadam</span> <span class='ocrx_word' id='word_1_302' title='bbox 436 3342 561 3410; x_wconf 85' lang='lat' dir='ltr'>augetur</span> <span class='ocrx_word' id='word_1_303' title='bbox 583 3350 704 3393; x_wconf 85' lang='lat' dir='ltr'>accessu</span> <span class='ocrx_word' id='word_1_304' title='bbox 728 3333 816 3394; x_wconf 88' lang='lat' dir='ltr'>oculi.</span> <span class='ocrx_word' id='word_1_305' title='bbox 861 3332 895 3392; x_wconf 91' lang='lat' dir='ltr'>lu</span> <span class='ocrx_word' id='word_1_306' title='bbox 918 3333 1067 3392; x_wconf 87' lang='lat' dir='ltr'>schcmate</span> <span class='ocrx_word' id='word_1_307' title='bbox 1091 3334 1119 3389; x_wconf 88' lang='lat'>3.</span> <span class='ocrx_word' id='word_1_308' title='bbox 1144 3331 1271 3409; x_wconf 88' lang='lat' dir='ltr'>angulus</span> <span class='ocrx_word' id='word_1_309' title='bbox 1295 3328 1355 3390; x_wconf 81' lang='grc' dir='ltr'>Οθι</span> <span class='ocrx_word' id='word_1_310' title='bbox 1377 3336 1474 3389; x_wconf 90' lang='lat' dir='ltr'>rectus</span> <span class='ocrx_word' id='word_1_311' title='bbox 1498 3340 1553 3406; x_wconf 86' lang='lat' dir='ltr'>est,</span> 
     </span>
    </p>
   </div>
   <div class='ocr_carea' id='block_1_8' title="bbox 80 3418 1554 3585">
    <p class='ocr_par' dir='ltr' id='par_1_11' title="bbox 80 3418 1554 3585">
     <span class='ocr_line' id='line_1_34' title="bbox 80 3418 1554 3498; baseline 0 -23"><span class='ocrx_word' id='word_1_312' title='bbox 80 3470 83 3475; x_wconf 92' lang='lat'>.</span> <span class='ocrx_word' id='word_1_313' title='bbox 192 3424 372 3477; x_wconf 85' lang='lat' dir='ltr'>nontamen</span> <span class='ocrx_word' id='word_1_314' title='bbox 396 3418 467 3480; x_wconf 82' lang='lat' dir='ltr'>OdP</span> <span class='ocrx_word' id='word_1_315' title='bbox 491 3419 633 3496; x_wconf 88' lang='lat' dir='ltr'>angulus,</span> <span class='ocrx_word' id='word_1_316' title='bbox 667 3422 790 3482; x_wconf 86' lang='lat' dir='ltr'>moliens</span> <span class='ocrx_word' id='word_1_317' title='bbox 821 3422 954 3479; x_wconf 89' lang='lat' dir='ltr'>diurnum</span> <span class='ocrx_word' id='word_1_318' title='bbox 985 3426 1190 3498; x_wconf 88' lang='lat' dir='ltr'>apparentem,</span> <span class='ocrx_word' id='word_1_319' title='bbox 1222 3419 1366 3477; x_wconf 85' lang='lat' dir='ltr'>maximus</span> <span class='ocrx_word' id='word_1_320' title='bbox 1389 3424 1450 3491; x_wconf 86' lang='lat' dir='ltr'>est,</span> <span class='ocrx_word' id='word_1_321' title='bbox 1482 3421 1554 3493; x_wconf 87' lang='lat' dir='ltr'>quia</span> 
     </span>
     <span class='ocr_line' id='line_1_35' title="bbox 97 3503 1263 3585; baseline 0 -22"><span class='ocrx_word' id='word_1_322' title='bbox 97 3504 108 3513; x_wconf 77' lang='grc'>““</span> <span class='ocrx_word' id='word_1_323' title='bbox 194 3503 283 3565; x_wconf 86' lang='lat' dir='ltr'>Terra</span> <span class='ocrx_word' id='word_1_324' title='bbox 305 3523 357 3582; x_wconf 90' lang='lat' dir='ltr'>per</span> <span class='ocrx_word' id='word_1_325' title='bbox 381 3505 432 3565; x_wconf 90' lang='grc' dir='ltr'>ΟΡ</span> <span class='ocrx_word' id='word_1_326' title='bbox 455 3508 570 3568; x_wconf 87' lang='lat' dir='ltr'>accedit</span> <span class='ocrx_word' id='word_1_327' title='bbox 592 3507 630 3568; x_wconf 86' lang='lat' dir='ltr'>ad</span> <span class='ocrx_word' id='word_1_328' title='bbox 652 3511 803 3585; x_wconf 87' lang='lat' dir='ltr'>portiones</span> <span class='ocrx_word' id='word_1_329' title='bbox 825 3509 1019 3585; x_wconf 79' lang='lat' dir='ltr'>traJectoriae,</span> <span class='ocrx_word' id='word_1_330' title='bbox 1042 3506 1112 3566; x_wconf 87' lang='lat' dir='ltr'>licet</span> <span class='ocrx_word' id='word_1_331' title='bbox 1135 3506 1263 3581; x_wconf 87' lang='lat' dir='ltr'>oblique.</span> 
     </span>
    </p>
   </div>
   <div class='ocr_carea' id='block_1_9' title="bbox 721 3653 1020 3725">
    <p class='ocr_par' dir='ltr' id='par_1_12' title="bbox 721 3653 1020 3725">
     <span class='ocr_line' id='line_1_36' title="bbox 721 3653 1020 3725; baseline -0.013 0"><span class='ocrx_word' id='word_1_332' title='bbox 721 3656 912 3725; x_wconf 89' lang='lat' dir='ltr'>Theoremu</span> <span class='ocrx_word' id='word_1_333' title='bbox 939 3653 1020 3724; x_wconf 89' lang='lat' dir='ltr'>lllll.</span> 
     </span>
    </p>
   </div>
   <div class='ocr_carea' id='block_1_10' title="bbox 190 3766 1553 4285">
    <p class='ocr_par' dir='ltr' id='par_1_13' title="bbox 191 3766 1553 3933">
     <span class='ocr_line' id='line_1_37' title="bbox 300 3766 1553 3845; baseline -0.002 -20"><span class='ocrx_word' id='word_1_334' title='bbox 300 3766 488 3841; x_wconf 84' lang='lat' dir='ltr'>Trajeetione</span> <span class='ocrx_word' id='word_1_335' title='bbox 510 3771 664 3845; x_wconf 77' lang='lat' dir='ltr'>aequabili</span> <span class='ocrx_word' id='word_1_336' title='bbox 686 3774 836 3844; x_wconf 67' lang='lat' dir='ltr'>enaoente,</span> <span class='ocrx_word' id='word_1_337' title='bbox 859 3788 929 3830; x_wconf 87' lang='lat' dir='ltr'>eum</span> <span class='ocrx_word' id='word_1_338' title='bbox 952 3771 1044 3829; x_wconf 82' lang='lat' dir='ltr'>simul</span> <span class='ocrx_word' id='word_1_339' title='bbox 1067 3774 1197 3845; x_wconf 82' lang='lat' dir='ltr'>apparet</span> <span class='ocrx_word' id='word_1_340' title='bbox 1218 3774 1246 3825; x_wconf 90' lang='lat' dir='ltr'>et</span> <span class='ocrx_word' id='word_1_341' title='bbox 1268 3766 1400 3824; x_wconf 83' lang='lat' dir='ltr'>diurnus</span> <span class='ocrx_word' id='word_1_342' title='bbox 1416 3767 1553 3840; x_wconf 71' lang='lat' dir='ltr'>longitu-</span> 
     </span>
     <span class='ocr_line' id='line_1_38' title="bbox 191 3854 1552 3933; baseline -0.001 -21"><span class='ocrx_word' id='word_1_343' title='bbox 191 3854 272 3913; x_wconf 77' lang='lat' dir='ltr'>dinis</span> <span class='ocrx_word' id='word_1_344' title='bbox 294 3858 463 3929; x_wconf 77' lang='lat' dir='ltr'>munimur,</span> <span class='ocrx_word' id='word_1_345' title='bbox 487 3865 515 3915; x_wconf 86' lang='lat' dir='ltr'>et</span> <span class='ocrx_word' id='word_1_346' title='bbox 537 3857 668 3919; x_wconf 77' lang='lat' dir='ltr'>latitudo</span> <span class='ocrx_word' id='word_1_347' title='bbox 691 3862 849 3933; x_wconf 68' lang='lat' dir='ltr'>munima,</span> <span class='ocrx_word' id='word_1_348' title='bbox 872 3860 1048 3929; x_wconf 77' lang='lat' dir='ltr'>traiectoria</span> <span class='ocrx_word' id='word_1_349' title='bbox 1071 3863 1112 3915; x_wconf 77' lang='lat' dir='ltr'>ent</span> <span class='ocrx_word' id='word_1_350' title='bbox 1134 3854 1177 3913; x_wconf 84' lang='lat' dir='ltr'>ad</span> <span class='ocrx_word' id='word_1_351' title='bbox 1198 3855 1364 3931; x_wconf 84' lang='lat' dir='ltr'>eclipticum</span> <span class='ocrx_word' id='word_1_352' title='bbox 1387 3854 1552 3927; x_wconf 77' lang='lat' dir='ltr'>parallelo.</span> 
     </span>
    </p>

    <p class='ocr_par' dir='ltr' id='par_1_14' title="bbox 190 3941 1553 4285">
     <span class='ocr_line' id='line_1_39' title="bbox 295 3941 1552 4021; baseline -0.002 -21"><span class='ocrx_word' id='word_1_353' title='bbox 295 3942 425 4003; x_wconf 86' lang='lat' dir='ltr'>Diuruus</span> <span class='ocrx_word' id='word_1_354' title='bbox 460 3947 538 4003; x_wconf 90' lang='lat' dir='ltr'>caim</span> <span class='ocrx_word' id='word_1_355' title='bbox 569 3943 761 4021; x_wconf 87' lang='lat' dir='ltr'>longitudinis</span> <span class='ocrx_word' id='word_1_356' title='bbox 793 3947 938 4004; x_wconf 85' lang='lat' dir='ltr'>maximus</span> <span class='ocrx_word' id='word_1_357' title='bbox 973 3946 1069 4021; x_wconf 86' lang='lat' dir='ltr'>arguit</span> <span class='ocrx_word' id='word_1_358' title='bbox 1101 3943 1221 4002; x_wconf 86' lang='lat' dir='ltr'>Terram</span> <span class='ocrx_word' id='word_1_359' title='bbox 1255 3941 1552 4019; x_wconf 79' lang='lat' dir='ltr'>propinquissimanr3</span> 
     </span>
     <span class='ocr_line' id='line_1_40' title="bbox 192 4028 1553 4109; baseline -0.003 -20"><span class='ocrx_word' id='word_1_360' title='bbox 192 4029 297 4106; x_wconf 87' lang='lat' dir='ltr'>quodsi</span> <span class='ocrx_word' id='word_1_361' title='bbox 322 4037 390 4090; x_wconf 91' lang='lat' dir='ltr'>tunc</span> <span class='ocrx_word' id='word_1_362' title='bbox 414 4048 473 4089; x_wconf 90' lang='lat' dir='ltr'>non</span> <span class='ocrx_word' id='word_1_363' title='bbox 498 4038 542 4091; x_wconf 91' lang='lat' dir='ltr'>cst</span> <span class='ocrx_word' id='word_1_364' title='bbox 565 4035 693 4093; x_wconf 84' lang='lat' dir='ltr'>maxima</span> <span class='ocrx_word' id='word_1_365' title='bbox 715 4033 848 4106; x_wconf 87' lang='lat' dir='ltr'>latitudo,</span> <span class='ocrx_word' id='word_1_366' title='bbox 872 4051 931 4092; x_wconf 89' lang='lat' dir='ltr'>non</span> <span class='ocrx_word' id='word_1_367' title='bbox 956 4040 1000 4092; x_wconf 91' lang='lat' dir='ltr'>cst</span> <span class='ocrx_word' id='word_1_368' title='bbox 1019 4032 1107 4109; x_wconf 91' lang='lat' dir='ltr'>igitur</span> <span class='ocrx_word' id='word_1_369' title='bbox 1122 4029 1175 4088; x_wconf 90' lang='lat' dir='ltr'>illa</span> <span class='ocrx_word' id='word_1_370' title='bbox 1190 4046 1226 4088; x_wconf 84' lang='lat' dir='ltr'>ex</span> <span class='ocrx_word' id='word_1_371' title='bbox 1242 4028 1307 4088; x_wconf 91' lang='lat' dir='ltr'>sola</span> <span class='ocrx_word' id='word_1_372' title='bbox 1321 4029 1553 4104; x_wconf 87' lang='lat' dir='ltr'>propinquitate,</span> 
     </span>
     <span class='ocr_line' id='line_1_41' title="bbox 190 4113 1553 4195; baseline -0.002 -20"><span class='ocrx_word' id='word_1_373' title='bbox 190 4116 243 4177; x_wconf 89' lang='lat' dir='ltr'>sed</span> <span class='ocrx_word' id='word_1_374' title='bbox 274 4135 308 4176; x_wconf 84' lang='lat' dir='ltr'>ex</span> <span class='ocrx_word' id='word_1_375' title='bbox 339 4117 396 4178; x_wconf 88' lang='lat' dir='ltr'>hac</span> <span class='ocrx_word' id='word_1_376' title='bbox 426 4126 456 4178; x_wconf 88' lang='lat' dir='ltr'>et</span> <span class='ocrx_word' id='word_1_377' title='bbox 488 4136 525 4178; x_wconf 88' lang='lat' dir='ltr'>ex</span> <span class='ocrx_word' id='word_1_378' title='bbox 557 4121 733 4182; x_wconf 89' lang='lat' dir='ltr'>incrementa</span> <span class='ocrx_word' id='word_1_379' title='bbox 765 4137 852 4195; x_wconf 87' lang='lat' dir='ltr'>vera,</span> <span class='ocrx_word' id='word_1_380' title='bbox 886 4121 942 4180; x_wconf 88' lang='lat' dir='ltr'>lroc</span> <span class='ocrx_word' id='word_1_381' title='bbox 965 4130 1010 4179; x_wconf 87' lang='lat' dir='ltr'>est</span> <span class='ocrx_word' id='word_1_382' title='bbox 1033 4136 1069 4179; x_wconf 86' lang='lat' dir='ltr'>ex</span> <span class='ocrx_word' id='word_1_383' title='bbox 1092 4117 1281 4178; x_wconf 89' lang='lat' dir='ltr'>inclinatione</span> <span class='ocrx_word' id='word_1_384' title='bbox 1304 4116 1491 4192; x_wconf 88' lang='lat' dir='ltr'>trajectorlae</span> <span class='ocrx_word' id='word_1_385' title='bbox 1514 4113 1553 4172; x_wconf 88' lang='lat' dir='ltr'>ad</span> 
     </span>
     <span class='ocr_line' id='line_1_42' title="bbox 191 4205 570 4285; baseline 0.003 -21"><span class='ocrx_word' id='word_1_386' title='bbox 191 4205 355 4284; x_wconf 88' lang='lat' dir='ltr'>eclipticam</span> <span class='ocrx_word' id='word_1_387' title='bbox 378 4209 570 4285; x_wconf 89' lang='lat' dir='ltr'>componitur.</span> 
     </span>
    </p>
   </div>
   <div class='ocr_carea' id='block_1_11' title="bbox 729 4300 1014 4374">
    <p class='ocr_par' dir='ltr' id='par_1_15' title="bbox 729 4300 1014 4374">
     <span class='ocr_line' id='line_1_43' title="bbox 729 4300 1014 4374; baseline 0 -3"><span class='ocrx_word' id='word_1_388' title='bbox 729 4302 919 4374; x_wconf 82' lang='lat' dir='ltr'>&#39;theorema</span> <span class='ocrx_word' id='word_1_389' title='bbox 946 4300 1014 4372; x_wconf 83' lang='lat' dir='ltr'>Xl&#39;.</span> 
     </span>
    </p>
   </div>
   <div class='ocr_carea' id='block_1_12' title="bbox 124 4412 1552 4845">
    <p class='ocr_par' dir='ltr' id='par_1_16' title="bbox 124 4412 1552 4845">
     <span class='ocr_line' id='line_1_44' title="bbox 301 4412 1552 4492; baseline -0.002 -19"><span class='ocrx_word' id='word_1_390' title='bbox 301 4415 489 4489; x_wconf 72' lang='lat' dir='ltr'>Tunicularia</span> <span class='ocrx_word' id='word_1_391' title='bbox 513 4420 653 4476; x_wconf 81' lang='lat' dir='ltr'>aa·irtente</span> <span class='ocrx_word' id='word_1_392' title='bbox 674 4417 827 4492; x_wconf 83' lang='lat' dir='ltr'>parallelo</span> <span class='ocrx_word' id='word_1_393' title='bbox 850 4417 1045 4491; x_wconf 82' lang='lat' dir='ltr'>adplenum</span> <span class='ocrx_word' id='word_1_394' title='bbox 1067 4414 1231 4490; x_wconf 81' lang='lat' dir='ltr'>eclipticae,</span> <span class='ocrx_word' id='word_1_395' title='bbox 1255 4416 1280 4472; x_wconf 85' lang='lat' dir='ltr'>ei</span> <span class='ocrx_word' id='word_1_396' title='bbox 1303 4429 1456 4489; x_wconf 76' lang='lat' dir='ltr'>apparent</span> <span class='ocrx_word' id='word_1_397' title='bbox 1479 4412 1552 4471; x_wconf 80' lang='lat' dir='ltr'>lati-</span> 
     </span>
     <span class='ocr_line' id='line_1_45' title="bbox 192 4503 1232 4577; baseline -0.004 -16"><span class='ocrx_word' id='word_1_398' title='bbox 192 4503 265 4561; x_wconf 86' lang='lat' dir='ltr'>tudo</span> <span class='ocrx_word' id='word_1_399' title='bbox 288 4506 450 4577; x_wconf 85' lang='lat' dir='ltr'>minuitur,</span> <span class='ocrx_word' id='word_1_400' title='bbox 475 4507 630 4577; x_wconf 75' lang='lat' dir='ltr'>trajiciens</span> <span class='ocrx_word' id='word_1_401' title='bbox 651 4512 679 4563; x_wconf 87' lang='lat' dir='ltr'>et</span> <span class='ocrx_word' id='word_1_402' title='bbox 706 4503 802 4567; x_wconf 78' lang='lat' dir='ltr'>Terra</span> <span class='ocrx_word' id='word_1_403' title='bbox 824 4506 863 4564; x_wconf 89' lang='lat' dir='ltr'>ab</span> <span class='ocrx_word' id='word_1_404' title='bbox 886 4508 1016 4562; x_wconf 86' lang='lat' dir='ltr'>invicem</span> <span class='ocrx_word' id='word_1_405' title='bbox 1039 4503 1232 4577; x_wconf 82' lang='lat' dir='ltr'>elonqantur.</span> 
     </span>
     <span class='ocr_line' id='line_1_46' title="bbox 124 4584 1551 4668; baseline -0.004 -19"><span class='ocrx_word' id='word_1_406' title='bbox 124 4654 127 4659; x_wconf 62' lang='grc'><strong>,</strong></span> <span class='ocrx_word' id='word_1_407' title='bbox 297 4588 328 4648; x_wconf 86' lang='lat' dir='ltr'>Si</span> <span class='ocrx_word' id='word_1_408' title='bbox 351 4593 429 4650; x_wconf 89' lang='lat' dir='ltr'>enim</span> <span class='ocrx_word' id='word_1_409' title='bbox 451 4592 619 4666; x_wconf 88' lang='lat' dir='ltr'>trajectoria</span> <span class='ocrx_word' id='word_1_410' title='bbox 641 4599 685 4650; x_wconf 85' lang='lat' dir='ltr'>est</span> <span class='ocrx_word' id='word_1_411' title='bbox 707 4591 850 4667; x_wconf 79' lang='lat' dir='ltr'>parallelo</span> <span class='ocrx_word' id='word_1_412' title='bbox 871 4590 960 4668; x_wconf 88' lang='lat' dir='ltr'>plano</span> <span class='ocrx_word' id='word_1_413' title='bbox 977 4590 1141 4667; x_wconf 89' lang='lat' dir='ltr'>eclipticae,</span> <span class='ocrx_word' id='word_1_414' title='bbox 1165 4588 1299 4646; x_wconf 85' lang='lat' dir='ltr'>omnibns</span> <span class='ocrx_word' id='word_1_415' title='bbox 1315 4588 1402 4660; x_wconf 90' lang='lat' dir='ltr'>igitur</span> <span class='ocrx_word' id='word_1_416' title='bbox 1418 4584 1551 4661; x_wconf 86' lang='lat' dir='ltr'>partibus</span> 
     </span>
     <span class='ocr_line' id='line_1_47' title="bbox 191 4673 1551 4757; baseline -0.003 -24"><span class='ocrx_word' id='word_1_417' title='bbox 191 4673 371 4751; x_wconf 87' lang='lat' dir='ltr'>aequidistat</span> <span class='ocrx_word' id='word_1_418' title='bbox 393 4680 468 4754; x_wconf 81' lang='lat' dir='ltr'>ipsi3</span> <span class='ocrx_word' id='word_1_419' title='bbox 492 4678 597 4754; x_wconf 88' lang='lat' dir='ltr'>quodsi</span> <span class='ocrx_word' id='word_1_420' title='bbox 621 4678 800 4753; x_wconf 87' lang='lat' dir='ltr'>aequidistat</span> <span class='ocrx_word' id='word_1_421' title='bbox 823 4691 852 4737; x_wconf 89' lang='lat' dir='ltr'>ct</span> <span class='ocrx_word' id='word_1_422' title='bbox 874 4690 973 4739; x_wconf 86' lang='lat' dir='ltr'>tumen</span> <span class='ocrx_word' id='word_1_423' title='bbox 995 4683 1118 4757; x_wconf 87' lang='lat' dir='ltr'>apparet</span> <span class='ocrx_word' id='word_1_424' title='bbox 1133 4677 1226 4735; x_wconf 90' lang='lat' dir='ltr'>minor</span> <span class='ocrx_word' id='word_1_425' title='bbox 1241 4674 1394 4749; x_wconf 88' lang='lat' dir='ltr'>posteriori</span> <span class='ocrx_word' id='word_1_426' title='bbox 1410 4683 1551 4748; x_wconf 86' lang='lat' dir='ltr'>tempore,</span> 
     </span>
     <span class='ocr_line' id='line_1_48' title="bbox 192 4759 937 4845; baseline 0.013 -26"><span class='ocrx_word' id='word_1_427' title='bbox 192 4759 327 4825; x_wconf 84' lang='lat' dir='ltr'>discessit</span> <span class='ocrx_word' id='word_1_428' title='bbox 347 4766 438 4843; x_wconf 86' lang='lat' dir='ltr'>igitur</span> <span class='ocrx_word' id='word_1_429' title='bbox 458 4785 478 4827; x_wconf 88' lang='lat' dir='ltr'>a</span> <span class='ocrx_word' id='word_1_430' title='bbox 500 4768 567 4827; x_wconf 82' lang='lat' dir='ltr'>risu</span> <span class='ocrx_word' id='word_1_431' title='bbox 589 4782 641 4843; x_wconf 88' lang='lat' dir='ltr'>per</span> <span class='ocrx_word' id='word_1_432' title='bbox 663 4767 763 4842; x_wconf 90' lang='lat' dir='ltr'>optica</span> <span class='ocrx_word' id='word_1_433' title='bbox 785 4767 937 4845; x_wconf 85' lang='lat' dir='ltr'>principia.</span> 
     </span>
    </p>
   </div>
   <div class='ocr_carea' id='block_1_13' title="bbox 0 0 1646 5520">
    <p class='ocr_par' dir='ltr' id='par_1_17' title="bbox 0 0 1646 5520">
     <span class='ocr_line' id='line_1_49' title="bbox 0 0 1646 5520; baseline 0 1"><span class='ocrx_word' id='word_1_434' title='bbox 0 0 1646 5520; x_wconf 95' lang='lat' dir='ltr'> </span> 
     </span>
    </p>
   </div>
  </div>
 </body>
</html>
