3284 5520
696 289 840 348 Praefatio.
942 304 948 313 ·
1379 296 1443 364 167

84 468 198 542 attinet,
222 466 260 528 de
283 468 414 540 cometis,
438 466 554 528 duobus
575 471 734 546 praecipuo
756 471 849 546 libris,
872 471 965 532 altero
988 471 1025 532 de
1041 472 1135 534 Stella
1147 473 1236 534 liora
1256 491 1346 551 supra
1367 474 1443 536 alle·

83 564 165 632 gato,
188 555 283 615 altero
306 555 343 616 de
359 555 487 615 Cometis
509 556 585 616 hanc
608 574 654 617 me
678 560 757 618 viam
781 561 942 636 ingressum
966 576 1030 621 esse
1047 561 1171 622 lectores
1187 565 1246 622 mei
1263 563 1441 624 fatebuntur.

84 644 243 720 Nunquam
266 645 343 703 enim
365 660 460 719 neque
483 646 526 704 sic
548 643 712 705 laudandos
736 664 801 707 esse
824 655 1027 725 praeceptores
1053 652 1166 723 censui,
1192 656 1225 709 ut
1247 666 1325 709 error
1347 651 1444 711 stabi·

83 730 182 810 liatur,
205 748 301 806 neque
323 732 367 789 sic
389 731 566 809 parcendum
589 734 634 805 iis,
659 741 690 791 ut
713 735 821 794 veritas
844 734 943 794 lateat.

190 821 220 876 4.
251 818 413 894 Postquam
435 817 513 878 hunc
536 836 670 896 eampum
694 837 788 882 essem
810 824 967 899 ingressus,
990 822 1166 899 perlustrato
1186 821 1290 896 indice,
1315 838 1380 880 cum
1403 820 1442 880 ad

83 901 234 979 ejusdem·
249 905 440 982 appendicem
470 909 631 981 venissem,
663 907 874 987 aliquantisper
903 910 1010 984 restiti,
1042 908 1121 985 quod
1151 908 1281 969 viderem
1309 907 1441 985 polliceri

84 999 236 1051 auctorem
264 1008 385 1052 examen
414 1009 543 1052 meomm
572 997 660 1054 etiam
688 1010 816 1071 operum.
862 996 969 1056 'l'ribns
992 1004 1091 1056 autem
1114 998 1198 1056 annis
1220 1013 1256 1056 ex
1280 1012 1315 1055 eo
1337 995 1440 1075 lapsis,

84 1096 150 1138 cum
173 1081 223 1139 hic
245 1079 317 1140 liber
340 1087 385 1140 est
407 1080 512 1154 editus,
536 1088 763 1142 cousentaneum
787 1091 858 1156 erat,
884 1084 930 1144 rel
950 1084 1014 1160 jam
1037 1086 1176 1144 emissum
1200 1100 1265 1143 esse
1289 1082 1401 1159 aliquid
1421 1101 1442 1142 a

85 1166 285 1227 Claramontio
309 1175 409 1226 contra
431 1184 512 1227 meos
534 1167 659 1242 libellos,
687 1169 733 1229 vel
758 1174 786 1229 in
810 1173 974 1248 propinquo
998 1187 1063 1231 esse
1085 1178 1119 1231 ut
1140 1173 1299 1232 emittatur.
1345 1169 1441 1228 Diffe-

84 1253 174 1314 renda
197 1257 286 1332 igitur
309 1253 462 1315 ridebatur
484 1255 558 1315 haec
580 1259 731 1332 responsio
756 1259 784 1316 in
807 1276 873 1318 eum
890 1276 983 1335 usque
999 1267 1145 1331 eventum,
1169 1268 1201 1316 ut
1216 1275 1277 1317 una
1292 1264 1322 1316 et
1337 1257 1441 1317 eadem

85 1359 175 1418 opera
199 1351 227 1403 et
251 1342 286 1401 de
301 1341 450 1418 Typhonis
473 1341 560 1402 etde
583 1347 656 1403 meis
678 1343 787 1404 libellis
810 1345 965 1404 satisfieret
980 1345 1179 1405 claramontio
1203 1345 1326 1420 ejusque
1345 1343 1441 1404 lecto-

86 1430 174 1487 ribus.
220 1428 279 1489 Sed
307 1428 445 1505 recollegi
473 1447 535 1509 me,
562 1433 606 1491 sic
633 1439 783 1508 reputans,
816 1440 868 1492 aut
899 1433 1002 1492 eadem
1024 1450 1070 1492 me
1094 1435 1187 1491 torma
1208 1433 1440 1490 ratiocinationis

87 1518 127 1573 uti
157 1534 223 1575 cum
246 1516 388 1595 Tychoue
410 1534 497 1593 super
518 1516 584 1577 loco
607 1534 749 1578 novorum
772 1520 1013 1599 phaenomenou‚
1044 1527 1096 1579 aut
1118 1519 1243 1579 diversa
1290 1517 1440 1594 Quantum

86 1606 174 1679 igitur
197 1603 235 1662 ad
258 1603 448 1677 identitatem,
471 1622 536 1663 cum
560 1605 775 1666 Claramorrtius
799 1610 862 1685 ipse
884 1614 989 1684 speret,
1013 1624 1080 1666 mea
1102 1605 1153 1665 illa
1175 1614 1348 1683 argumenta
1362 1605 1441 1665 solvi

86 1709 120 1749 ex
143 1690 247 1751 iisdem
270 1691 478 1764 fundamentis,
510 1708 545 1749 ex
574 1695 680 1769 quibus
703 1695 731 1753 in
754 1694 926 1773 Tychonem
948 1698 1011 1771 ipse
1035 1695 1229 1765 consurrexit,
1262 1693 1330 1752 hinc
1351 1693 1441 1768 igitur

86 1785 114 1837 et
137 1795 193 1854 ego
216 1778 302 1838 facile
323 1778 492 1854 praevideo,
517 1777 618 1838 eadem
642 1784 786 1840 contraria
809 1781 1026 1841 machinatione
1049 1797 1162 1840 murum
1186 1779 1263 1839 hunc
1285 1778 1356 1838 mihi
1373 1795 1439 1838 eum

86 1865 227 1942 'lychone
251 1882 442 1939 communem,
467 1865 556 1925 elusis
573 1874 625 1926 aut
640 1871 785 1929 enervatis
801 1869 889 1945 hujus
904 1869 1050 1947 Scipionis
1067 1867 1298 1940 arietationibns,
1322 1865 1441 1926 delendi

85 1971 180 2028 posse.
226 1951 313 2028 Quod
335 1970 405 2012 vero
428 1952 466 2012 ad
489 1952 686 2014 diversitatem
708 1959 848 2032 pertinet,
875 1959 938 2017 sive
962 1959 1094 2016 omittam
1119 1971 1174 2031 ego
1197 1953 1364 2031 probabilia
1387 1952 1440 2013 illa

83 2052 111 2098 et
132 2041 276 2117 speciosa,
301 2058 377 2117 quae
392 2040 495 2117 Tycho
518 2044 677 2117 praemittit
698 2045 881 2117 necessariis,
906 2044 942 2105 de
957 2047 992 2103 iis
1007 2045 1106 2122 igitur,
1129 2058 1194 2101 cum
1214 2040 1251 2100 ad
1265 2058 1332 2100 mea
1349 2057 1439 2117 opera

83 2127 152 2186 nihil
175 2129 351 2204 pertineant,
373 2144 431 2185 nun
453 2136 531 2190 recte
553 2138 650 2188 actum
674 2132 708 2188 iri
732 2133 759 2188 in
783 2148 912 2191 meorum
936 2131 1104 2191 ostensione
1127 2136 1156 2188 et
1179 2145 1247 2188 rero
1270 2129 1437 2189 necessario

83 2214 228 2291 agendum
252 2233 318 2275 esse
341 2217 369 2274 in
393 2217 525 2275 examine
548 2215 604 2276 hoc
627 2216 719 2277 libelli
736 2217 974 2291 Claramoutiani,
998 2221 1062 2278 sire
1080 2234 1159 2275 nova
1175 2218 1293 2292 insuper
1307 2215 1437 2289 afferam,

83 2304 188 2378 quibus
211 2302 314 2380 Tycho
342 2318 400 2361 uon
422 2305 460 2361 sit
482 2320 570 2362 usus:
602 2311 633 2363 at
655 2306 691 2363 iis
714 2308 899 2366 securitatem
921 2307 959 2365 ab
982 2305 1066 2365 hoste
1090 2304 1288 2363 claramontio
1311 2304 1439 2378 praesti·

83 2400 140 2447 tum
163 2391 214 2462 iri,
247 2393 418 2466 quantisper
440 2393 502 2465 ipse
525 2390 612 2464 haec,
641 2400 806 2466 quaesunt
831 2394 899 2452 mihi
924 2410 988 2452 cum
1012 2392 1155 2469 Tychune
1178 2392 1344 2450 communia
1365 2407 1436 2466 pro·

84 2477 249 2553 pugnacula
273 2476 470 2553 parallactica,
495 2480 567 2536 meis
589 2478 670 2539 hisce
692 2480 846 2556 praesidiis
868 2480 1071 2540 resistentibus
1094 2494 1153 2537 nou
1177 2479 1398 2553 expugnaverit.

185 2566 213 2622 5.
246 2561 287 2624 Ut
312 2564 375 2640 Jam
403 2581 462 2623 non
490 2564 562 2624 illud
592 2565 701 2639 dicam,
734 2583 814 2626 meas
844 2575 1023 2641 cometarum
1047 2567 1268 2625 obseruationes
1293 2564 1332 2623 ob
1354 2565 1436 2623 risus

84 2649 224 2710 delectum
247 2668 433 2728 nequaquam
456 2668 520 2712 esse
544 2669 608 2710 cum
632 2652 809 2731 Tychonicis
832 2656 1058 2714 accuratissimis
1082 2651 1310 2728 comparandas,
1341 2668 1435 2727 caque

84 2737 115 2797 de
136 2754 230 2797 causa
252 2755 347 2815 neque
371 2738 573 2798 conclusiones
595 2756 676 2800 meas
699 2758 763 2802 sese
786 2745 966 2820 propriarum
990 2744 1096 2801 virium
1116 2738 1308 2815 amplitudine
1324 2740 1353 2795 in
1367 2747 1436 2796 tan·

84 2832 136 2883 tum
158 2826 369 2885 sublimitatem
393 2829 520 2901 erigere,
544 2825 594 2886 sed
619 2829 647 2884 iu
671 2845 780 2888 morem
805 2829 873 2888 vitis
896 2829 1051 2888 imbecillis
1073 2826 1201 2904 gaudere
1225 2827 1354 2902 proceris
1376 2823 1435 2882 illis

84 2912 163 2971 ulmis
194 2912 429 2991 Tychouicarum
459 2915 696 2975 observationum
727 2916 951 2990 adhaerescere,
981 2932 1055 2992 quas
1087 2915 1137 2991 qui
1165 2913 1316 2986 ceciderit,
1348 2911 1435 2971 incli-

84 3002 207 3073 naverit,
238 3002 390 3075 everterit,
418 3018 476 3059 non
505 3003 531 3060 is
559 3017 633 3078 opus
655 3002 778 3075 habeat,
808 3002 846 3062 ad
875 3022 940 3064 mea
963 3000 1160 3063 subvertenda
1182 3016 1289 3060 novam
1314 3015 1434 3078 operam

85 3087 215 3148 conferre.

182 3176 212 3236 6.
244 3173 324 3233 Nihil
348 3175 437 3251 igitur
454 3176 482 3232 in
499 3193 637 3251 praesens
655 3177 812 3252 impeditus
827 3176 973 3253 Scipionis
988 3174 1261 3252 pollicitationibus,
1284 3189 1322 3231 an
1338 3173 1432 3230 maris

86 3263 176 3334 ruinis,
210 3270 329 3321 transeo
360 3278 424 3321 com
456 3262 533 3322 bona
555 3261 665 3323 Urania
686 3263 724 3323 ad
747 3281 869 3324 examen
893 3264 956 3339 ejus
979 3263 1045 3322 libri
1068 3262 1232 3339 pedemque
1255 3276 1321 3320 cum
1345 3259 1433 3317 Anti·

86 3346 220 3424 lychone
242 3348 359 3407 contero
382 3348 532 3426 Tychorris
555 3350 800 3430 Hyperaspistes,
823 3352 989 3427 ubicunque
1012 3349 1060 3409 vel
1083 3367 1101 3408 a
1126 3350 1256 3407 veritatis
1280 3346 1361 3405 illum
1385 3348 1433 3403 in·

88 3438 162 3495 renio
186 3436 321 3512 panibus
343 3453 482 3512 pugnare,
507 3437 555 3496 vel
579 3440 607 3496 iu
631 3440 749 3515 propria
772 3441 860 3499 etiam
884 3439 1029 3516 opinione,
1053 3435 1121 3495 dolo
1144 3437 1243 3512 potius
1266 3450 1354 3510 quam
1370 3434 1432 3491 vir-

87 3529 138 3582 tute
160 3523 332 3596 adversarii,
357 3527 528 3600 oppugnari.

184 3615 214 3669 i.
245 3610 359 3687 Sequar
381 3620 479 3670 autem
503 3611 726 3687 dispositionum
751 3611 842 3671 veluti
866 3613 967 3685 aciem,
991 3627 1079 3687 quam
1095 3607 1310 3668 claramontius
1324 3621 1433 3682 magno

88 3696 217 3756 instruxit
246 3699 374 3774 negotio.
420 3698 458 3757 Et
486 3701 611 3775 primum
641 3698 757 3774 quidem
789 3698 853 3774 ejus
881 3699 1000 3770 librum,
1031 3699 1082 3772 qui
1105 3702 1230 3773 occupat
1253 3693 1344 3753 facins
1367 3690 1434 3768 plus

87 3800 165 3857 quarn
189 3794 315 3858 centum,
341 3787 456 3861 quietus
479 3785 692 3863 praetervehor.
728 3786 823 3844 Video
839 3789 925 3859 enim,
948 3785 1033 3844 lectis
1056 3781 1273 3843 definitionibus
1295 3789 1324 3840 et
1346 3797 1435 3856 prae-

87 3873 172 3947 cipuis
199 3872 431 3949 problematibus
458 3871 494 3932 de
523 3873 737 3950 puellaribus,
769 3875 863 3950 ipsum
894 3875 922 3929 iu
955 3874 1004 3930 ria
1031 3888 1096 3931 esse
1125 3872 1278 3945 campique
1302 3866 1433 3942 ejusdem

86 3974 176 4017 mcum
208 3959 295 4018 nobis
325 3962 439 4036 copiam
462 3961 566 4020 lacere.
612 3959 701 4019 Nulla
724 3967 768 4020 est
789 3961 947 4037 praecipua
970 3959 1160 4035 scriptoribus
1183 3960 1260 4015 circa
1281 3956 1434 4013 materiam

86 4043 154 4105 hanc
177 4048 388 4106 controversia.
434 4047 559 4105 Fruatur
580 4046 687 4120 lector,
717 4066 768 4125 per
790 4064 836 4106 me
859 4047 942 4119 licet,
973 4047 1066 4123 copiis
1090 4044 1238 4103 doctrinae
1260 4040 1434 4100 Claramon·

86 4135 176 4193 tianae
194 4150 329 4210 quaeque
346 4136 374 4191 in
390 4133 632 4208 Regiomontuno,
657 4133 831 4210 Voegelino,
854 4134 1003 4212 Tyrione,
1028 4132 1157 4208 Magiuo,
1182 4130 1294 4200 ceteris,
1317 4129 1346 4184 in
1361 4128 1433 4186 meis

86 4221 168 4279 etiam
185 4218 299 4297 Opticis
322 4223 418 4297 capite
440 4221 506 4280 libri
530 4238 607 4281 norro
627 4223 744 4280 brevius
762 4238 850 4296 quam
866 4221 997 4298 Scipioni
1013 4219 1118 4296 placet,
1141 4224 1193 4277 aut
1216 4216 1339 4292 sparsim
1359 4214 1434 4273 torte

85 4315 166 4381 prout
188 4325 260 4367 usus
283 4309 338 4367 lert
361 4307 529 4385 trpduntnr,
562 4309 654 4368 lector
677 4311 705 4364 in
728 4308 879 4384 Scipione,
911 4311 935 4367 si
966 4314 1076 4385 potest,
1111 4314 1141 4364 et
1163 4303 1303 4381 prolixius
1327 4310 1356 4360 ct
1378 4301 1433 4360 sub

87 4411 169 4453 uuum
193 4402 345 4471 aspectum
367 4403 469 4454 coacta
491 4396 585 4472 plenis
608 4395 724 4454 hauriat
746 4394 848 4468 oculis,
873 4394 967 4471 plenis
989 4394 1102 4469 digerat
1117 4389 1345 4466 cogitationibus
1361 4404 1433 4448 con·

88 4484 195 4540 tinnata
217 4481 345 4559 plurium
369 4482 479 4542 dierum
503 4482 643 4555 lectione,
673 4488 809 4541 contenta
831 4481 1038 4553 meditatione,
1062 4480 1100 4538 ab
1123 4479 1201 4537 omni
1225 4475 1323 4536 taedio
1348 4477 1434 4535 inex·

89 4569 268 4643 pugnabilis3
291 4587 347 4628 uec
369 4572 482 4646 pigeat,
507 4570 615 4628 alicubi
640 4572 727 4628 etiam
751 4570 799 4627 rel
823 4586 991 4629 assuescere
1014 4568 1136 4646 privatis
1159 4564 1304 4640 Scipionis
1328 4560 1433 4621 delini·

92 4655 210 4714 tionlbus
233 4662 263 4713 et
284 4656 448 4732 phrasibus,
474 4657 519 4715 vel
539 4657 697 4729 schemata,
722 4655 759 4714 de
776 4656 883 4732 quibus
901 4665 997 4716 textus
1011 4654 1150 4730 loquitur,
1173 4658 1235 4711 toto
1251 4649 1325 4708 libro
1340 4666 1433 4725 quae·

94 4756 160 4816 rere,
183 4742 350 4820 emendare,
374 4745 410 4804 de
433 4760 511 4811 noro
535 4743 691 4806 delineare.
738 4743 802 4820 Ego
826 4749 920 4805 totum
943 4744 1020 4809 huuc
1042 4740 1163 4813 librum,
1194 4745 1228 4797 ut
1250 4736 1324 4812 dlxi,
1346 4738 1433 4798 unico
