3284 5520
141 339 206 409 202
630 342 768 415 ¹lyairouls
785 338 998 415 Hyperaspistes

141 526 242 594 tanto,
273 527 383 595 quanta
416 528 461 582 est
490 522 556 598 ipsa
585 523 779 600 parallaxinm
802 521 965 583 differentia
987 526 1069 581 extra
1099 520 1309 593 meridianum,
1343 532 1400 585 nee
1429 524 1491 577 tota

140 605 218 666 cedit
240 605 444 682 declinationi,
474 616 504 668 et
527 627 605 686 qnae
626 612 720 687 major
742 611 945 687 horisontique
966 611 1099 686 propior,
1132 627 1169 670 ea
1189 611 1287 668 minus
1309 606 1414 666 imbuit
1437 603 1492 663 de-

140 693 336 754 clinationem.
375 696 418 755 Ex
442 696 642 758 declinatione
665 715 736 759 vero
759 699 813 757 BD
838 697 1079 775 (complemento)
1103 702 1132 756 et
1155 696 1305 765 aslmutbo
1328 692 1413 753 Bal)
1435 690 1492 751 eli-

141 782 216 841 citur
239 782 294 840 ab
317 784 561 860 complementum
586 785 762 861 altitudinis,
795 802 831 845 ex
862 786 957 843 minus
988 784 1109 843 variatis
1136 800 1190 861 per
1210 782 1375 862 parallaxin
1398 777 1492 839 decli·

140 869 309 929 nationibus
331 872 427 930 minus
450 873 580 932 variatae
602 872 786 947 altitudines,
810 871 890 949 qnod
909 871 1045 948 equidem
1067 871 1178 947 volupe
1201 879 1261 944 est,
1284 868 1403 929 tandem
1425 872 1493 943 post

139 957 356 1033 inquisitionem
380 971 440 1018 tam
462 958 617 1020 sollicitam
640 959 874 1037 deprehendisse.

245 1045 295 1105 ut.
332 1044 390 1104 Sed
412 1062 467 1105 nos
486 1046 548 1122 jam
572 1065 607 1107 ex
631 1047 687 1108 bac
710 1050 881 1125 interposita
904 1047 1052 1106 mentione
1074 1052 1255 1105 revertamur
1276 1042 1314 1104 ad
1336 1041 1493 1101 instantiae

141 1127 341 1192 Claramontii.
384 1133 459 1192 Nam
487 1135 512 1192 11
543 1132 579 1194 de
601 1134 657 1194 boc
680 1136 793 1195 deiectu
818 1134 1088 1207 demonstrationis,
1112 1150 1200 1210 quem
1223 1148 1278 1208 ego
1297 1132 1362 1209 iam
1385 1127 1491 1201 detexi,

141 1216 340 1278 claramontio
362 1220 558 1295 suboluisset,
596 1229 665 1282 tnnc
696 1240 766 1282 saue
796 1229 913 1301 poterat
945 1220 996 1281 ille
1019 1220 1086 1297 jure
1109 1238 1182 1295 sno,
1216 1220 1315 1280 verbis
1337 1214 1491 1294 paululum

140 1307 270 1378 mutatis,
293 1309 336 1365 sic
360 1324 498 1385 arguere:
521 1325 579 1368 non
603 1317 681 1369 recte
704 1310 811 1370 iactum
834 1326 899 1369 esse
922 1310 1007 1387 (puta
1029 1310 1060 1365 in
1082 1307 1139 1367 bac
1161 1308 1325 1384 argumenti
1347 1312 1441 1382 parte,
1464 1302 1492 1359 in

141 1409 201 1468 qua
214 1391 317 1469 'l'yebo
340 1410 376 1453 ex
398 1397 543 1473 positione
567 1394 692 1473 alicujus
714 1397 898 1476 parallaxeos
921 1395 1085 1474 computat)
1102 1394 1183 1473 qnod
1205 1392 1372 1473 parallaxes
1387 1390 1493 1450 ambae

140 1487 209 1538 sunt
230 1479 348 1541 additae
370 1482 407 1541 ad
431 1485 512 1541 visas
535 1482 716 1558 altitudines,
740 1483 876 1544 debuisse
892 1486 970 1544 enim
991 1484 1113 1561 primam
1134 1481 1230 1542 solnm
1244 1480 1282 1541 ad
1297 1496 1382 1540 snam
1396 1479 1493 1536 visam

140 1565 323 1627 altitudinem
347 1567 424 1643 addi,
448 1579 481 1628 nt
504 1572 611 1630 existat
633 1589 713 1645 vera,
736 1579 840 1647 postea
863 1589 927 1631 cum
952 1587 1021 1630 vera
1044 1569 1111 1630 elici
1135 1568 1359 1630 declinationem
1373 1581 1494 1640 verem3

141 1661 210 1713 tnnc
232 1672 302 1715 vera
324 1656 380 1715 bac
403 1656 598 1717 declinatione
620 1676 673 1735 per
694 1658 841 1719 horarium
871 1665 1060 1735 angmentum
1092 1664 1270 1734 temperata,
1303 1656 1370 1715 viee
1407 1668 1495 1712 versa

140 1740 277 1802 debuisse
300 1746 400 1819 quaeri
424 1746 454 1802 iu
476 1745 625 1804 auimutbo
649 1745 777 1806 secundo
800 1763 899 1807 veram
922 1745 1106 1805 altitudinem
1130 1744 1268 1816 alteram,
1304 1750 1335 1803 at
1368 1741 1407 1802 ab
1437 1738 1495 1798 bac

142 1826 257 1888 demum
281 1847 350 1890 vera
370 1831 433 1905 Jam
455 1831 560 1891 autent
584 1849 668 1892 snam
689 1832 862 1909 parallaxin.
885 1841 918 1893 ut
941 1833 1050 1893 existat
1072 1834 1147 1892 visa.

252 1919 302 1976 26.
341 1916 425 1977 Haec
453 1920 479 1977 si
502 1919 659 1996 objecisset
682 1920 913 1993 claromontius,
947 1921 1091 1981 1111111111
1122 1917 1240 1995 quidem
1273 1912 1385 1992 aliquid
1416 1914 1496 1973 circa

142 2005 336 2077 quantitatem
360 2004 538 2066 differentiae
560 2006 774 2084 parallaxium,
808 2015 839 2067 at
868 2024 926 2067 non
961 2006 1026 2066 ideo
1049 2007 1256 2083 prostravisset
1279 2005 1376 2080 ipsum
1397 2006 1494 2060 totum

140 2088 289 2167 Tychonis
313 2100 525 2169 argumentum.
548 2092 624 2152 Nam
646 2096 813 2155 attinuisset
835 2095 908 2156 haec
929 2097 1071 2154 instantia
1094 2088 1295 2154 tantummodo
1317 2085 1493 2170 particulam

140 2175 269 2253 aliquam
301 2195 359 2238 non
394 2178 469 2240 adeo
505 2184 717 2261 necessariam,
753 2199 830 2259 quae
858 2187 1009 2259 computat
1036 2198 1072 2241 ex
1102 2184 1250 2258 positione
1281 2192 1407 2255 maguae
1437 2192 1494 2254 pa-

140 2262 296 2328 railaxeos.

250 2355 299 2412 27.
342 2354 381 2413 At
411 2370 481 2414 vero
513 2354 728 2416 claramontius
755 2373 813 2416 non
844 2356 900 2416 hoc
923 2355 1018 2416 voluit
1039 2354 1202 2428 hacteuus,
1237 2369 1303 2414 cnm
1336 2352 1417 2409 visas
1440 2363 1494 2426 pro

139 2441 216 2498 veris
240 2439 410 2500 altitudines
440 2459 598 2521 earumque
621 2444 798 2505 differentias
826 2445 982 2520 objiceret,
1018 2459 1072 2503 nec
1092 2443 1143 2504 ille
1166 2442 1242 2502 banc
1263 2445 1377 2517 partem
1402 2452 1495 2512 argu·

138 2530 326 2587 mentatiouls
348 2531 548 2607 impugnavit,
581 2530 633 2592 sed
662 2533 752 2591 aliam
783 2531 875 2590 multo
899 2530 1063 2603 diversam,
1087 2532 1197 2608 qnippe
1220 2545 1297 2605 quae
1321 2529 1495 2602 computare

133 2613 221 2689 jubet
242 2614 412 2676 altitudines
435 2618 514 2678 visas
538 2634 572 2678 ex
596 2620 742 2695 positione
758 2618 944 2696 parallaxeos
959 2616 1079 2677 nullius.
1111 2617 1187 2676 Tum
1204 2619 1293 2676 etiam
1315 2611 1354 2675 ad
1368 2626 1492 2690 scopum

138 2701 226 2777 longe
248 2702 338 2762 alium
362 2704 551 2778 collineavit,
587 2723 742 2767 eversurus
775 2706 886 2765 scilieet
914 2712 1008 2765 totum
1031 2712 1252 2781 argumentum,
1275 2721 1294 2763 a
1317 2717 1376 2777 quo
1400 2712 1494 2775 scopo

139 2788 309 2865 longissima
332 2791 480 2852 aberravit
501 2794 653 2854 hactenus.
677 2793 751 2855 Jure
774 2794 863 2870 igitur
885 2812 904 2854 a
926 2809 972 2853 me
995 2792 1129 2870 repulsus
1151 2791 1206 2852 init
1228 2792 1258 2849 in
1281 2786 1494 2867 superioribus,

140 2893 261 2938 numero
284 2880 312 2940 2.
337 2880 367 2937 9.

244 2965 294 3024 28.
327 2965 430 3025 Restat
452 2973 549 3027 tamen
573 2968 731 3026 etiamnum
754 2966 907 3044 scrupulus
931 2984 1015 3042 nnus,
1039 2969 1089 3042 qui
1105 2966 1304 3026 adversarium
1320 2964 1350 3022 ln
1365 2960 1398 3021 ld
1413 2960 1495 3038 qnod

139 3050 248 3127 agebat
269 3050 426 3111 sollicitum
449 3053 558 3114 babere
579 3056 682 3130 possit
727 3054 856 3113 Probavi
893 3054 983 3131 paulo
1017 3055 1152 3130 superius
1185 3060 1253 3113 ante
1275 3052 1353 3111 lranc
1376 3048 1496 3124 digres-

139 3140 259 3211 sionem,
283 3156 402 3199 numero
428 3143 477 3201 10.
505 3144 554 3214 11,
577 3159 636 3201 nou
656 3142 722 3218 Jure
744 3141 825 3200 illum
849 3140 1031 3218 postulasse,
1055 3149 1088 3200 ut
1109 3139 1253 3218 prodeant
1274 3156 1311 3200 ex
1334 3143 1495 3213 computa·

140 3226 221 3284 tione
243 3225 413 3286 altitudines
446 3228 585 3304 aequales
617 3231 672 3301 iis,
705 3246 781 3304 quae
813 3237 881 3288 snut
913 3231 1112 3289 instrumentis
1135 3229 1327 3301 observatae,
1362 3226 1494 3297 etiamsi,

139 3314 235 3388 inquit
256 3313 306 3373 iol.
331 3316 403 3386 201,
436 3319 609 3376 mamam
635 3316 819 3391 purolluuiu
849 3333 957 3393 passus
978 3324 1057 3376 11111
1103 3316 1311 3376 Demonstravi
1335 3314 1414 3373 enim
1438 3326 1495 3388 ego

139 3402 311 3476 repetitione
343 3401 449 3462 calculi
481 3402 681 3480 Tycboniaui,
715 3406 740 3460 si
772 3403 934 3480 parallaxin
963 3421 1070 3480 passus
1098 3410 1175 3463 esset
1202 3402 1296 3461 lunari
1327 3398 1495 3476 aequalem,

138 3487 253 3563 prodire
276 3489 382 3548 debere
405 3488 576 3550 altitudines
608 3492 687 3548 visas
717 3488 774 3547 360
799 3491 848 3550 10‘
869 3497 899 3550 et
924 3488 979 3549 18⁰
1004 3486 1113 3572 57¹(2‘,
1145 3489 1193 3549 vel
1224 3488 1282 3548 360
1307 3485 1357 3547 11‘
1381 3495 1413 3546 et
1439 3481 1498 3544 160

142 3568 251 3655 58¹l,¹;
281 3586 312 3634 at
334 3577 360 3633 si
381 3575 493 3636 nullam
516 3576 680 3652 parallaxiu
703 3585 782 3636 esset
803 3595 924 3656 passus,
948 3585 1018 3636 tnnc
1040 3577 1155 3655 prodire
1178 3576 1284 3636 debere
1308 3571 1366 3635 360
1391 3574 1442 3631 ll‘
1465 3578 1497 3631 et

143 3656 199 3718 190
221 3665 262 3720 2‘.
284 3662 423 3722 -Dixerit
454 3666 543 3741 igitur
572 3663 774 3724 adversarius:
806 3673 837 3724 at
870 3666 1042 3725 observatas
1065 3682 1130 3725 esse
1155 3661 1211 3724 360
1237 3663 1288 3721 10¹
1310 3669 1339 3721 et
1366 3655 1425 3719 190
1448 3660 1495 3731 4’,

139 3763 216 3824 quae
238 3748 407 3808 altitudines
430 3768 449 3809 a
471 3750 622 3811 calculatio
645 3751 754 3811 abeant
775 3754 805 3810 in
829 3759 927 3827 partes
942 3754 1110 3826 contrarias,
1134 3759 1164 3811 et
1178 3749 1360 3811 differentiae
1375 3745 1495 3806 illamm

143 3831 198 3892 170
221 3837 252 3894 60
274 3835 415 3909 accidere,
438 3844 471 3896 ut
493 3840 531 3897 alt
554 3840 647 3898 minor
669 3855 758 3915 quarn
789 3837 844 3897 170
867 3843 907 3911 9‘,
942 3846 1111 3917 computata
1140 3840 1203 3898 sine
1226 3835 1391 3916 parabam,
1428 3848 1496 3892 cum

139 3938 191 3998 per
212 3922 375 3999 parallaxin
399 3932 569 4000 computata
591 3925 724 3985 debuerit
747 3942 811 3984 1111
835 3926 936 4001 maj0r,
965 3923 1020 3984 170
1038 3922 1141 4008 13720.
1188 3925 1223 3983 ln
1246 3925 1303 3984 bac
1324 3917 1496 4000 1111111111)-

140 4017 321 4070 servatarum
344 4010 532 4070 altitudinum
556 4012 716 4072 differentia
740 4015 909 4089 contingere
932 4012 1043 4090 aliquid
1076 4014 1251 4072 contrarium
1273 4009 1435 4088 parallaxi,
1460 4024 1497 4066 ac

139 4096 261 4173 proinde
283 4104 361 4159 recte
384 4114 416 4157 se
440 4098 617 4159 conclusisse
640 4098 688 4158 lol.
712 4101 784 4174 201,
807 4101 863 4160 hoc
886 4099 1040 4161 discrimen
1064 4107 1157 4159 totum
1182 4118 1217 4159 ex
1240 4098 1340 4176 aliquo
1363 4094 1414 4155 vel
1438 4094 1497 4155 ob·

139 4188 338 4245 servationum
360 4185 409 4245 vel
433 4185 537 4246 calculi
560 4204 655 4246 errore
678 4187 821 4263 proticisci
846 4194 988 4262 oportere.
1057 4258 1060 4263 .

245 4275 296 4332 29.
320 4272 514 4349 Respondeo:
539 4275 716 4334 etsiverum
741 4280 794 4347 est,
818 4275 875 4349 boc
897 4273 1041 4351 proficisci
1065 4291 1101 4334 ex
1124 4273 1363 4333 observationum
1379 4265 1496 4341 vitinlo,

140 4358 218 4434 quod
242 4359 353 4420 scilicet
375 4360 537 4421 differentia
573 4361 792 4421 observaturum
827 4364 947 4421 inventa
978 4369 1021 4421 est
1054 4378 1112 4421 non
1145 4361 1239 4436 maj0r
1262 4374 1349 4435 qnam
1375 4353 1432 4413 170
1454 4355 1496 4427 θ’,

138 4453 171 4504 ut
194 4448 314 4508 volebat
336 4450 445 4526 positio
467 4447 663 4525 parallaxeos,
695 4449 747 4508 sed
769 4450 865 4508 minor
887 4451 986 4528 potius
1011 4445 1066 4507 170
1090 4451 1129 4522 6¹,
1159 4446 1373 4506 Claramontius
1397 4450 1496 4501 tamen

141 4550 195 4593 nec
217 4552 317 4594 veram
340 4538 381 4596 rei
407 4553 526 4596 cansam
549 4533 672 4594 adduxit
704 4532 827 4616 (putans
859 4536 915 4596 boc
946 4536 1012 4595 ideo
1035 4535 1112 4606 lieri,
1142 4535 1221 4611 quod
1244 4532 1347 4611 Tycha
1369 4531 1400 4586 in
1424 4530 1498 4588 vlsis

142 4621 284 4693 versetur)
308 4639 361 4681 nec
388 4641 513 4684 errorem
544 4621 623 4681 bunc
644 4631 749 4699 suopte
771 4623 867 4683 Marte
900 4621 1119 4696 animadvertit,
1155 4621 1206 4681 sed
1240 4618 1439 4693 transscripsit
1460 4632 1497 4675 ex

143 4710 207 4782 ipso
240 4708 381 4786 Tyclrone
416 4707 483 4789 (inl.
517 4710 581 4787 ejus
613 4712 688 4785 139)
720 4726 779 4769 non
812 4710 991 4771 intellectam
1023 4727 1099 4770 rem:
1133 4726 1193 4768 non
1229 4711 1305 4768 enim
1341 4702 1433 4764 veluti
1467 4707 1498 4763 in

142 4810 227 4856 snum
250 4798 435 4860 commodum
456 4798 514 4861 boc
536 4796 691 4878 allegaret,
715 4797 794 4875 quod
817 4805 863 4859 est
884 4799 949 4875 ejus
970 4800 1082 4858 intento
1107 4815 1123 4861 e
1146 4797 1288 4860 diametro
1309 4792 1501 4858 annuntium·
