3284 5520
526 333 569 390 su
589 333 688 391 nomm
705 335 741 389 11.
761 319 975 404 mar-mustos
994 349 1055 404 ap.
1076 335 1116 389 11.
1186 304 1189 309 ’
1433 331 1497 399 189

243 513 301 572 ib·
325 511 374 572 'l'u
401 528 472 575 vero
503 513 613 572 insanis
636 510 831 585 claromonti,
863 513 914 587 qui
945 520 974 573 te
998 519 1099 590 tuopte
1120 509 1220 589 gladio
1243 511 1321 571 teris.
1366 510 1399 572 Si
1421 514 1498 572 enim

138 600 213 661 baec
235 600 294 659 tria
308 602 422 661 minuta
444 617 502 660 non
519 608 589 659 sunt
611 599 732 660 effectus
748 599 943 679 parallaxeos,
968 618 1019 661 cur
1036 601 1123 676 igitur
1145 602 1174 657 in
1190 598 1344 659 corollario
1367 602 1499 676 proximo

138 705 174 749 ea
211 689 426 748 transsumsisti
458 706 477 748 a
506 686 647 766 Tycbono
678 687 716 748 ad
749 686 973 748 construendam
1008 685 1171 764 parallaxin
1204 687 1300 746 lunari
1333 687 1500 764 majorem?

138 774 198 835 Cur
226 792 319 852 supra
348 792 384 836 ea
412 777 616 853 acceptatione
646 774 734 851 bajus
763 775 950 853 parallaxeos
982 777 1111 851 negasti,
1146 783 1289 835 cometam
1313 777 1367 834 sub
1391 775 1499 834 circulo

136 880 246 940 magno
271 865 436 937 incessisse,
460 865 569 940 quippe
592 862 755 939 parallarin
772 863 914 940 passum?
943 863 1002 922 Cur
1018 862 1143 939 denique
1167 873 1198 921 tu
1221 862 1383 939 parallaxin
1406 866 1500 922 iutro-

137 949 221 1011 ducis
245 950 366 1011 effectus
389 951 518 1027 maJoris,
542 952 567 1008 si
590 967 627 1009 ne
650 952 707 1009 tria
730 949 848 1027 quidem
870 953 982 1010 minuta
1005 949 1129 1009 tolerare
1145 949 1254 1026 potes?
1283 950 1387 1010 Fetere
1402 952 1498 1028 igitur,

138 1046 271 1099 cometas
292 1040 324 1097 in
346 1037 490 1098 altissimo
513 1037 632 1097 aethere
655 1055 728 1111 esse,
753 1041 824 1113 quia
845 1037 933 1113 plane
957 1040 1035 1098 omni
1058 1034 1203 1113 parallaxi
1226 1046 1333 1097 carent.

244 1128 298 1186 ab.
329 1127 428 1202 Atque
451 1128 541 1186 etiam
564 1125 656 1185 audes
679 1128 831 1202 imputare,
856 1125 933 1185 burro
957 1126 1090 1185 effectum
1114 1141 1178 1184 csse
1201 1142 1220 1184 a
1242 1143 1332 1185 cansa
1354 1124 1499 1203 parallari

143 1215 298 1273 contraria.
338 1209 552 1274 Ocimmerias
574 1213 720 1284 tenebras,
745 1215 811 1288 quis
835 1212 929 1273 lacem
951 1212 1022 1271 mibi
1037 1215 1169 1289 porrigit,
1194 1221 1226 1271 ut
1245 1213 1299 1272 bas
1323 1212 1499 1273 discutiam?

141 1300 171 1361 st
205 1301 355 1361 contraria
386 1301 530 1380 parallaxi
566 1317 656 1360 causa
689 1300 857 1359 distantiam
886 1303 1078 1377 posteriorem
1106 1300 1199 1359 tribus
1232 1303 1351 1359 minutis
1386 1309 1500 1376 praeter

141 1386 291 1448 nodulnm
326 1389 547 1464 aequabilitatis
581 1388 729 1462 decurtat,
765 1389 853 1447 etiam
885 1405 936 1462 ea,
972 1405 1048 1465 quae
1082 1386 1247 1464 quindecim
1282 1391 1401 1448 minutis
1433 1406 1498 1448 eam

141 1475 280 1550 decurtat,
296 1477 352 1536 erit
365 1475 511 1553 parallaxi
528 1477 683 1535 contraria.
719 1474 810 1550 Atqui
826 1493 915 1551 supra
930 1492 966 1535 er
981 1474 1094 1536 calculo
1111 1475 1320 1555 demonstravi,
1335 1475 1498 1553 parallaxin

142 1564 298 1641 aequalem
312 1560 408 1624 lunari
429 1563 486 1624 boc
502 1564 633 1623 causari:
658 1561 735 1622 idem
759 1565 910 1639 igiturest
932 1580 969 1622 ex
992 1566 1088 1622 causis
1105 1565 1257 1623 contrariis
1280 1570 1309 1622 et
1324 1565 1498 1623 contrariam

141 1650 320 1729 iu‘plagam
350 1651 559 1729 operantibus,
592 1650 751 1727 parallaxis
781 1652 916 1708 nimirum
947 1650 1017 1709 mihi
1041 1657 1184 1711 cometam
1216 1650 1355 1710 humilem
1390 1653 1499 1711 iactum

142 1738 285 1815 depressit
317 1736 393 1798 ultra
423 1737 591 1810 modulum,
625 1746 654 1797 et
682 1755 771 1797 causa
799 1735 941 1814 parallaai
971 1741 1117 1798 contraria
1147 1738 1272 1798 cundem
1300 1738 1499 1799 Claramontio
1601 1808 1608 1819 .

142 1825 277 1903 deprimit
310 1833 392 1902 parte
422 1827 527 1903 prioris
560 1825 739 1885 differentiae
771 1828 883 1901 quinta.
929 1823 1080 1899 Quaenam
1111 1843 1181 1886 vero
1212 1842 1302 1886 causa
1332 1825 1499 1885 contraria?

142 1912 301 1973 martio.
345 1912 485 1991 Agnosco
510 1913 575 1989 ejus
598 1913 719 1973 effectus
741 1913 917 1986 contrarios,
941 1912 1040 1971 elevat
1061 1915 1138 1972 anim
1162 1913 1240 1990 quod
1263 1913 1423 1990 parallaxis
1447 1914 1500 1973 de-

142 2002 256 2079 primit,
288 2005 321 2059 at
349 2000 388 2060 ob
419 2000 449 2059 id
478 2003 575 2077 ipsum
604 2016 662 2058 nou
684 2003 794 2076 poterit
814 1999 892 2059 idem
916 1999 1030 2061 efficere
1053 2001 1187 2061 retractio
1211 2003 1240 2060 in
1263 2002 1386 2078 simplo,
1420 1999 1500 2078 quod

144 2086 289 2149 afficiebat
312 2087 385 2146 milri
406 2105 496 2164 supra
517 2086 676 2166 parallaxis
699 2090 730 2145 in
753 2086 917 2163 quintuplo.

242 2175 295 2234 26.
325 2173 441 2250 Fallor,
471 2193 510 2235 an
539 2175 626 2234 video
657 2172 727 2251 quid
750 2174 981 2234 Claramontium
1009 2173 1247 2251 perturbaverit?
1279 2176 1363 2234 Dixit
1385 2175 1498 2254 Tycbo,

145 2268 284 2322 cometam
317 2264 416 2323 visum
451 2279 516 2322 asse
546 2262 683 2339 progredi
719 2279 821 2322 versus
850 2262 997 2338 Pegasum
1029 2264 1149 2320 minutis
1183 2265 1239 2336 12,
1278 2262 1414 2324 debuisse
1449 2264 1498 2336 15,

146 2350 374 2410 immenttsma
406 2351 584 2411 minutorum
611 2367 675 2410 esse
698 2368 717 2409 a
739 2349 882 2427 parallaxi
910 2351 1014 2409 minori
1046 2367 1135 2424 quam
1165 2357 1209 2409 est
1239 2350 1358 2411 lunaris.
1404 2351 1445 2408 At
1474 2352 1499 2409 si

146 2444 286 2498 arcuatur
309 2435 469 2514 parallaais
497 2436 630 2514 aequalis
652 2437 762 2513 lunari,
797 2439 892 2497 visum
915 2439 950 2494 iri
974 2445 1118 2496 cometam
1141 2453 1199 2495 non
1222 2438 1373 2515 progredi,
1407 2437 1458 2497 sed
1483 2454 1499 2497 e

149 2526 287 2584 mntrario
317 2526 416 2601 potins
448 2523 549 2602 aliqua
576 2534 659 2602 parte
687 2527 792 2584 minuti
813 2523 926 2601 regredi
950 2544 968 2583 a
990 2523 1058 2585 fixa.
1103 2523 1162 2583 Hic
1185 2524 1284 2602 Scipio
1307 2526 1499 2602 praecipitato

151 2614 251 2674 mantis
274 2610 378 2671 ardore
401 2614 444 2672 sic
467 2612 584 2673 videtur
602 2619 836 2689 argumentatus:
859 2610 993 2670 retractio
1011 2610 1100 2671 elficit
1123 2615 1298 2671 contrarium
1322 2613 1396 2688 ejus,
1420 2609 1500 2687 quod

149 2699 215 2760 solet
236 2697 408 2776 parallaxis,
433 2698 543 2759 attollit
564 2700 677 2759 scilicet
699 2699 759 2774 illa,
783 2702 841 2758 iata
863 2698 1007 2775 deprimit.
1045 2697 1144 2758 Causa
1167 2717 1243 2775 quae
1267 2702 1342 2758 trina
1365 2699 1500 2776 'lychoni

149 2788 253 2846 minuta
287 2785 474 2864 suppeditat,
507 2786 597 2849 elficit
626 2790 802 2847 contrarium
833 2787 911 2862 ejus,
943 2787 1022 2863 quod
1051 2785 1210 2862 parallaxis
1241 2787 1336 2846 lunari
1366 2786 1499 2862 aequalis

149 2881 199 2934 erat
220 2873 347 2947 iactura,
369 2876 563 2949 posteriorem
584 2873 695 2935 scilicet
718 2874 887 2934 distantiam
909 2892 927 2932 a
949 2873 1064 2951 Pegaso
1087 2875 1227 2933 minorem
1250 2891 1316 2934 essa
1338 2877 1418 2952 sinit,
1441 2890 1499 2932 non

148 2962 280 3038 majorem
303 2960 401 3021 efficit.
447 2962 526 3039 Ergo
549 2979 651 3037 causa,
682 2978 758 3038 quaa
781 2961 914 3041 Tycboni
938 2964 1014 3021 trina
1036 2963 1149 3022 minuta
1171 2960 1356 3039 suppeditat,
1384 2968 1429 3021 eat
1451 2977 1499 3021 re-

148 3047 250 3122 dactio,
271 3064 333 3108 non
355 3048 522 3126 parallaxis.

243 3134 353 3197 mirum
382 3138 440 3196 nisi
466 3153 514 3197 mo
537 3153 638 3196 onmes
662 3134 822 3213 explodaut
843 3135 949 3213 logici,
980 3135 1113 3196 divinent
1135 3138 1224 3212 igitur
1246 3138 1318 3215 ipsi,
1349 3136 1420 3213 quid
1443 3136 1499 3195 sibi

149 3222 267 3285 soluerit
298 3221 380 3284 alind
403 3222 627 3284 claromontius.
673 3222 818 3300 Equidem
847 3223 1038 3282 humanitatis
1067 3230 1129 3284 erat
1156 3241 1254 3299 meae,
1286 3223 1499 3284 balbutientem

149 3309 293 3389 tdjuvma
317 3309 487 3390 praeeundo
509 3312 631 3371 iormam
653 3313 826 3388 argumenti.

243 3400 296 3457 li.
328 3396 441 3473 Quodsi
457 3398 546 3474 igitur
568 3399 625 3459 boc
649 3398 751 3472 voluit,
776 3401 901 3477 primum
922 3414 980 3458 non
1004 3397 1120 3471 sufficit,
1143 3397 1346 3476 syllogismum
1368 3399 1498 3458 affirma·

148 3485 230 3546 tirum
259 3502 384 3563 arguere
411 3487 442 3543 in
471 3485 610 3546 secunda,
655 3484 777 3546 Habent
805 3483 883 3546 enim
913 3493 942 3545 et
971 3485 1015 3561 tri,
1051 3488 1080 3544 in
1103 3487 1226 3546 formam
1250 3485 1498 3564 enthymematum
1590 3503 1594 3507 ·

147 3574 286 3655 corrupti,
320 3573 536 3650 probabilitatis
566 3573 695 3649 aliquid,
727 3590 781 3633 nec
811 3591 876 3634 eam
906 3572 993 3632 simul
1025 3591 1090 3632 cum
1122 3576 1296 3634 necessitate
1327 3572 1497 3655 deperdunt.

145 3658 261 3739 lnsnpar
291 3660 381 3736 igitur
408 3659 662 3740 respondendnm,
697 3667 824 3737 quatuor
855 3665 994 3721 terminos
1018 3679 1093 3723 ease.
1138 3661 1192 3721 Est
1224 3663 1302 3722 enim
1329 3665 1358 3721 in
1388 3661 1499 3738 majore

145 3747 256 3824 quidem
288 3749 480 3808 contrarietas
508 3755 649 3827 perpetua
678 3747 800 3825 plagae,
835 3749 863 3807 in
893 3752 1005 3808 minore
1037 3766 1106 3808 vero
1137 3752 1328 3811 contrarietas
1357 3756 1500 3828 perpetua

144 3836 306 3911 quantitate
335 3834 490 3895 resultans.
536 3835 601 3895 illic
633 3837 727 3894 omnis
756 3835 915 3913 parallaxis
947 3835 1097 3913 deprimit,
1132 3836 1211 3913 quod
1243 3845 1287 3896 est
1318 3839 1499 3897 retractionis

142 3924 326 3997 contrarium,
350 3920 397 3982 bic
411 3922 476 3982 sola
490 3922 650 4000 parallarris
665 3925 756 3981 nimio
771 3941 880 3999 magna
895 3922 1064 3983 distantiam
1082 3926 1272 4001 posteriorem
1297 3920 1499 4006 (depressione

141 4008 258 4086 quidem
281 4016 311 4070 et
332 4007 419 4089 banc)
449 4011 591 4086 maj0rcm
621 4011 780 4084 effecisset,
813 4013 908 4069 minor
936 4010 1094 4088 parallaxis
1116 4015 1247 4090 permisit
1270 4029 1334 4071 esse
1357 4014 1499 4071 minorem

140 4095 319 4158 distantiam.
364 4094 463 4173 Majus
493 4114 563 4158 vero
596 4104 625 4158 et
647 4100 743 4156 minus
765 4114 824 4156 non
848 4099 890 4157 sic
913 4106 1112 4178 opponuntur,
1143 4107 1176 4157 ut
1198 4099 1293 4158 attolli
1315 4107 1344 4160 et
1367 4099 1498 4177 deprimi,

140 4188 193 4246 etsi
222 4184 257 4244 fit
287 4200 340 4263 per
368 4183 518 4260 accidens,
550 4193 583 4244 ut
611 4184 664 4244 illa
692 4184 767 4259 duo,
799 4185 895 4263 majus
923 4195 954 4245 et
980 4189 1094 4260 minus,
1126 4193 1294 4264 comparata
1321 4186 1359 4248 ad
1383 4188 1499 4247 tertinm

140 4270 271 4351 aliquod,
292 4279 449 4333 causentur
469 4274 558 4333 etiam
580 4271 684 4351 plagas
707 4274 876 4333 contrarias.

243 4360 296 4419 28.
327 4358 438 4420 Verum
465 4360 543 4421 banc
573 4363 713 4420 minorem
737 4360 836 4438 Scipio
866 4361 1034 4440 concepisse
1062 4359 1178 4421 videtur
1208 4378 1266 4420 non
1288 4362 1331 4421 sic
1354 4360 1497 4434 distincte,

139 4446 192 4507 sed
214 4446 382 4521 confusius,
406 4448 449 4507 sic
470 4450 622 4508 nimirum:
653 4466 742 4509 cansa
764 4451 851 4507 trium
873 4448 990 4508 illorum
1012 4450 1189 4508 minutorum
1213 4447 1302 4508 elficit
1324 4449 1499 4507 contrarium

139 4532 334 4612 parallaxeos.
379 4533 447 4595 Hoc
476 4552 547 4595 vero
581 4536 669 4596 modo
703 4545 845 4615 concepta
877 4543 923 4595 est
951 4539 1070 4613 insuper
1105 4537 1192 4595 etiam
1223 4536 1308 4594 laisa.
1353 4535 1419 4595 Non
1454 4544 1500 4594 est

141 4623 217 4680 anim
246 4621 295 4682 hic
324 4622 444 4683 effectus
475 4626 636 4682 contrarius
666 4624 743 4681 omni
775 4620 936 4698 parallaxi,
968 4640 1026 4682 non
1057 4631 1134 4682 certe
1164 4640 1292 4699 parvae,
1322 4622 1375 4681 sed
1403 4622 1498 4682 solum

140 4725 285 4786 magnae,
320 4726 396 4786 quae
426 4718 545 4787 superat
574 4710 715 4771 lunarem.
761 4709 952 4786 Deceptionis
975 4709 1107 4788 Scipioni
1136 4713 1252 4769 occasio
1281 4709 1396 4769 videtur
1425 4711 1499 4770 haec

141 4812 223 4872 essa,
256 4794 338 4873 quod
369 4794 447 4859 idem
476 4797 596 4875 quidam
617 4797 720 4883 'lyqbo
750 4804 810 4872 est,
845 4804 874 4857 ct
904 4799 956 4875 qui
978 4799 1035 4860 tria
1056 4797 1107 4862 illa
1129 4799 1242 4859 minuta
1263 4798 1389 4876 imputat
1410 4797 1498 4860 alicui
